{"gold_per_floor":[12,30,30,44,44,71,71,86,86,86,105,121,152,172,172,273,273,287,302,58,73,87,122,132,157,157,157,256,256,270,286,286,390,390,408,318,318,338,338,363,380,408,408,439,439,439,61,94,106,118],"floor_reached":51,"playtime":7238,"items_purged":["Strike_B+1"],"score":1140,"play_id":"2569eef1-bc66-448a-83bc-88ce7fbc31d2","local_time":"20190117212038","is_ascension_mode":true,"campfire_choices":[{"floor":7.0,"key":"REST"},{"data":"Zap","floor":15.0,"key":"SMITH"},{"data":"Redo","floor":32.0,"key":"SMITH"},{"data":"Machine Learning","floor":46,"key":"SMITH"},{"data":"Biased Cognition","floor":49,"key":"SMITH"}],"neow_cost":"NO_GOLD","seed_source_timestamp":223663570453804,"circlet_count":0,"master_deck":["Strike_B+1","Defend_B+1","Defend_B+1","Defend_B+1","Defend_B+1","Zap+1","Dualcast","Violence+1","Madness+1","Glacier","Sweeping Beam","Compile Driver","Conserve Battery","Cold Snap","Biased Cognition+1","Chill","Defragment+1","Echo Form","Self Repair","Redo+1","Machine Learning+1","Madness","Madness","Coolheaded+1","Defragment+1","Redo+1"],"special_seed":0,"relics":["Cracked Core","Sundial","Letter Opener","Ornamental Fan","Philosopher\u0027s Stone","Meat on the Bone","Juzu Bracelet","Molten Egg 2","Matryoshka","Symbiotic Virus","Art of War","Lizard Tail","Ancient Tea Set","Pear","Bronze Scales","Bag of Preparation","Runic Capacitor","MawBank"],"potions_floor_usage":[47,50],"damage_taken":[{"damage":0.0,"enemies":"Cultist","floor":1.0,"turns":3.0},{"damage":0.0,"enemies":"Jaw Worm","floor":2.0,"turns":3.0},{"damage":2.0,"enemies":"Small Slimes","floor":4.0,"turns":3.0},{"damage":31.0,"enemies":"Gremlin Nob","floor":6.0,"turns":5.0},{"damage":1.0,"enemies":"Looter","floor":8.0,"turns":4.0},{"damage":0.0,"enemies":"Gremlin Gang","floor":11.0,"turns":3.0},{"damage":0.0,"enemies":"Red Slaver","floor":12.0,"turns":4.0},{"damage":11.0,"enemies":"3 Sentries","floor":13.0,"turns":7.0},{"damage":0.0,"enemies":"Exordium Wildlife","floor":14.0,"turns":3.0},{"damage":17.0,"enemies":"The Guardian","floor":16.0,"turns":17.0},{"damage":19.0,"enemies":"3 Byrds","floor":18.0,"turns":4.0},{"damage":4.0,"enemies":"Chosen","floor":19.0,"turns":4.0},{"damage":0.0,"enemies":"Centurion and Healer","floor":21.0,"turns":9.0},{"damage":6.0,"enemies":"Shelled Parasite and Fungi","floor":22.0,"turns":9.0},{"damage":24.0,"enemies":"Slavers","floor":23.0,"turns":6.0},{"damage":4.0,"enemies":"3 Cultists","floor":24.0,"turns":6.0},{"damage":21.0,"enemies":"Book of Stabbing","floor":25.0,"turns":8.0},{"damage":6.0,"enemies":"Cultist and Chosen","floor":30.0,"turns":8.0},{"damage":3.0,"enemies":"Shelled Parasite and Fungi","floor":31.0,"turns":6.0},{"damage":20.0,"enemies":"Champ","floor":33.0,"turns":18.0},{"damage":4.0,"enemies":"3 Shapes","floor":35.0,"turns":5.0},{"damage":11.0,"enemies":"3 Darklings","floor":38.0,"turns":8.0},{"damage":8.0,"enemies":"Giant Head","floor":40.0,"turns":14.0},{"damage":11.0,"enemies":"Writhing Mass","floor":41.0,"turns":9.0},{"damage":46,"enemies":"Reptomancer","floor":42,"turns":13},{"damage":32,"enemies":"Giant Head","floor":44,"turns":14},{"damage":3,"enemies":"Reptomancer","floor":48,"turns":7},{"damage":30,"enemies":"Awakened One","floor":50,"turns":18}],"seed_played":"-7436964420264472229","potions_obtained":[{"floor":2.0,"key":"Fire Potion"},{"floor":10.0,"key":"EssenceOfSteel"},{"floor":10.0,"key":"SmokeBomb"},{"floor":10.0,"key":"SneckoOil"},{"floor":11.0,"key":"Fire Potion"},{"floor":12.0,"key":"SteroidPotion"},{"floor":13.0,"key":"Regen Potion"},{"floor":14.0,"key":"Regen Potion"},{"floor":18.0,"key":"GamblersBrew"},{"floor":25.0,"key":"SteroidPotion"},{"floor":31.0,"key":"EntropicBrew"},{"floor":35.0,"key":"SkillPotion"},{"floor":40.0,"key":"Dexterity Potion"},{"floor":48,"key":"Ancient Potion"}],"is_trial":false,"path_per_floor":["M","M","?","M","?","E","R","M","T","?","M","M","E","M","R","B",null,"M","M","$","M","M","E","M","E","T","T","?","?","M","M","R","B",null,"M","?","?","M","?","E","M","E","T","E","?","R","$","E","R","B",null],"character_chosen":"DEFECT","items_purchased":["Meat on the Bone","Runic Capacitor","Fruit Juice"],"campfire_rested":1,"item_purchase_floors":[20,47,47],"current_hp_per_floor":[68,68,61,59,44,13,35,34,34,34,34,34,23,23,23,6,58,51,47,47,47,41,44,40,38,38,38,38,38,51,55,55,54,70,75,75,66,62,62,61,64,47,47,41,41,41,46,62,62,58],"gold":130,"neow_bonus":"RANDOM_COLORLESS_2","is_prod":false,"is_daily":false,"chose_seed":false,"campfire_upgraded":4,"win_rate":0,"timestamp":1547781638,"path_taken":["M","?","?","M","?","E","R","M","T","?","M","M","E","M","R","BOSS","M","?","?","M","M","E","M","E","T","?","?","?","M","M","R","BOSS","M","?","?","M","?","E","M","E","T","E","?","R","$","E","R","BOSS"],"build_version":"2019-01-10","purchased_purges":1,"victory":true,"max_hp_per_floor":[75,75,75,75,75,75,75,75,75,75,75,75,75,75,75,75,75,75,75,75,75,75,75,75,75,75,75,75,75,75,75,75,75,75,75,75,75,75,75,75,75,85,85,85,85,85,90,90,90,90],"card_choices":[{"not_picked":["Leap","Conserve Battery"],"picked":"Go for the Eyes","floor":1.0},{"not_picked":["Double Energy","Steam Power"],"picked":"Glacier","floor":2.0},{"not_picked":["Rebound","Leap"],"picked":"Sweeping Beam","floor":4.0},{"not_picked":["Hologram","Leap"],"picked":"Compile Driver","floor":6.0},{"not_picked":["Skim","Static Discharge","Redo"],"picked":"SKIP","floor":8.0},{"not_picked":["Redo","FTL","Chaos"],"picked":"SKIP","floor":11.0},{"not_picked":["Storm","Heatsinks"],"picked":"Conserve Battery","floor":12.0},{"not_picked":["Meteor Strike","Tempest"],"picked":"Cold Snap","floor":13.0},{"not_picked":["Gash","Rebound","Streamline"],"picked":"SKIP","floor":14.0},{"not_picked":["Electrodynamics","Thunder Strike"],"picked":"Biased Cognition","floor":16.0},{"not_picked":["Melter","Barrage","Ball Lightning"],"picked":"SKIP","floor":18.0},{"not_picked":["Melter","Sweeping Beam","Tempest"],"picked":"SKIP","floor":19.0},{"not_picked":["Beam Cell","Leap"],"picked":"Chill","floor":21.0},{"not_picked":["Cold Snap","Compile Driver"],"picked":"Defragment+1","floor":22.0},{"not_picked":["Hologram","Reprogram"],"picked":"Echo Form","floor":23.0},{"not_picked":["Cold Snap+1","Conserve Battery"],"picked":"Self Repair","floor":24.0},{"not_picked":["Cold Snap","Echo Form","Steam Power"],"picked":"SKIP","floor":25.0},{"not_picked":["Compile Driver+1","Chaos","Turbo"],"picked":"SKIP","floor":30.0},{"not_picked":["Ball Lightning+1","Stack"],"picked":"Redo","floor":31.0},{"not_picked":["Biased Cognition","Echo Form"],"picked":"Machine Learning","floor":33.0},{"not_picked":["Stack","Consume","Sweeping Beam+1"],"picked":"SKIP","floor":35.0},{"not_picked":["BootSequence","Hologram+1"],"picked":"Coolheaded+1","floor":38.0},{"not_picked":["Beam Cell+1","FTL+1","Fission"],"picked":"SKIP","floor":40.0},{"not_picked":["Barrage+1","Cold Snap+1","Go for the Eyes+1"],"picked":"SKIP","floor":41.0},{"not_picked":["Hello World","All For One+1","Stack+1"],"picked":"SKIP","floor":42},{"not_picked":["Loop+1","Darkness+1"],"picked":"Defragment+1","floor":44},{"not_picked":["Genetic Algorithm","Doom and Gloom+1"],"picked":"Redo+1","floor":48}],"player_experience":714219,"relics_obtained":[{"floor":6.0,"key":"Sundial"},{"floor":9.0,"key":"Letter Opener"},{"floor":13.0,"key":"Ornamental Fan"},{"floor":23.0,"key":"Juzu Bracelet"},{"floor":25.0,"key":"Molten Egg 2"},{"floor":26.0,"key":"Matryoshka"},{"floor":27.0,"key":"Symbiotic Virus"},{"floor":27.0,"key":"Art of War"},{"floor":40.0,"key":"Ancient Tea Set"},{"floor":42,"key":"Pear"},{"floor":43,"key":"Bronze Scales"},{"floor":44,"key":"Bag of Preparation"},{"floor":48,"key":"MawBank"}],"event_choices":[{"cards_removed":["Strike_B"],"damage_healed":0.0,"max_hp_gain":0.0,"max_hp_loss":0.0,"gold_gain":0.0,"event_name":"Golden Wing","player_choice":"Card Removal","floor":3.0,"gold_loss":0.0,"damage_taken":7.0},{"damage_healed":0.0,"max_hp_gain":0.0,"max_hp_loss":0.0,"gold_gain":0.0,"event_name":"Shining Light","player_choice":"Entered Light","floor":5.0,"gold_loss":0.0,"damage_taken":15.0,"cards_upgraded":["Violence","Strike_B"]},{"damage_healed":0.0,"max_hp_gain":0.0,"max_hp_loss":0.0,"gold_gain":0.0,"event_name":"Lab","player_choice":"Got Potions","floor":10.0,"gold_loss":0.0,"damage_taken":0.0},{"damage_healed":0.0,"max_hp_gain":0.0,"max_hp_loss":0.0,"gold_gain":99.0,"event_name":"Nest","player_choice":"Stole From Cult","floor":28.0,"gold_loss":0.0,"damage_taken":0.0},{"damage_healed":0.0,"max_hp_gain":0.0,"max_hp_loss":0.0,"gold_gain":0.0,"event_name":"Back to Basics","player_choice":"Simplicity","floor":29.0,"gold_loss":0.0,"damage_taken":0.0,"cards_upgraded":["Strike_B","Strike_B","Defend_B","Defend_B","Defend_B","Defend_B"]},{"cards_removed":["Strike_B"],"damage_healed":0.0,"max_hp_gain":0.0,"max_hp_loss":0.0,"gold_gain":0.0,"event_name":"Designer","player_choice":"Upgrade and Remove","floor":36.0,"gold_loss":90.0,"damage_taken":0.0,"cards_upgraded":["Madness"]},{"damage_healed":0.0,"max_hp_gain":0.0,"max_hp_loss":0.0,"gold_gain":0.0,"event_name":"Winding Halls","player_choice":"Embrace Madness","floor":37.0,"gold_loss":0.0,"damage_taken":9.0,"cards_obtained":["Madness","Madness"]},{"damage_healed":0.0,"max_hp_gain":0.0,"max_hp_loss":0.0,"gold_gain":0.0,"event_name":"Match and Keep!","player_choice":"0 cards matched","floor":39.0,"gold_loss":0.0,"damage_taken":0.0,"cards_obtained":[]},{"cards_removed":["Go for the Eyes"],"damage_healed":0,"gold_gain":0,"player_choice":"Removed Attack","damage_taken":0,"max_hp_gain":0,"max_hp_loss":0,"event_name":"Falling","floor":45,"gold_loss":0}],"is_beta":false,"boss_relics":[{"not_picked":["Inserter","Runic Dome"],"picked":"Philosopher\u0027s Stone"},{"not_picked":["Cursed Key","Fusion Hammer"],"picked":"Lizard Tail"}],"items_purged_floors":[47],"is_endless":false,"potions_floor_spawned":[2,11,12,13,14,18,21,25,31,33,35,38,40,48],"ascension_level":9}