{"gold_per_floor":[119,119,72,72,85,114,114,141,165,184,184,197,197,14,14,115,115,133,133,53,53,69,69,69],"floor_reached":24,"playtime":717,"items_purged":[],"score":303,"play_id":"84cec812-3126-471e-b00f-477a5ba398ec","local_time":"20190224003028","is_ascension_mode":true,"campfire_choices":[{"data":"Bash","floor":7,"key":"SMITH"},{"data":"Pummel","floor":11,"key":"SMITH"},{"floor":13,"key":"REST"},{"data":"Bludgeon","floor":15,"key":"SMITH"},{"data":"Demon Form","floor":23,"key":"SMITH"}],"neow_cost":"NONE","seed_source_timestamp":542116662450805,"circlet_count":0,"master_deck":["AscendersBane","Strike_R","Strike_R","Strike_R","Strike_R","Defend_R","Defend_R","Defend_R","Defend_R","Bash+1","Twin Strike","Headbutt","Ghostly Armor","Perfected Strike","Pummel+1","Cleave","Bludgeon+1","Metallicize","Demon Form+1","Rampage+1","Flame Barrier","Twin Strike+1"],"relics":["Burning Blood","Anchor","Juzu Bracelet","Orichalcum","Philosopher\u0027s Stone","Nloth\u0027s Gift"],"potions_floor_usage":[6,16,16,18,24,24],"damage_taken":[{"damage":0,"enemies":"Small Slimes","floor":1,"turns":5},{"damage":6,"enemies":"Cultist","floor":5,"turns":3},{"damage":25,"enemies":"Gremlin Nob","floor":6,"turns":4},{"damage":39,"enemies":"Lagavulin","floor":8,"turns":5},{"damage":0,"enemies":"2 Louse","floor":10,"turns":2},{"damage":15,"enemies":"Lots of Slimes","floor":12,"turns":5},{"damage":53,"enemies":"The Guardian","floor":16,"turns":16},{"damage":44,"enemies":"3 Byrds","floor":18,"turns":5},{"damage":5,"enemies":"Chosen","floor":22,"turns":4},{"damage":41,"enemies":"Gremlin Leader","floor":24,"turns":5}],"seed_played":"8600363729418341587","potions_obtained":[{"floor":1,"key":"EssenceOfSteel"},{"floor":6,"key":"GamblersBrew"},{"floor":8,"key":"Regen Potion"},{"floor":16,"key":"SneckoOil"},{"floor":18,"key":"SpeedPotion"},{"floor":22,"key":"EssenceOfSteel"}],"is_trial":false,"path_per_floor":["M","?","$","?","M","E","R","E","T","M","R","M","R","$","R","B",null,"M","?","$","?","M","R","E"],"character_chosen":"IRONCLAD","items_purchased":["Twin Strike","Bludgeon","Metallicize","Flame Barrier"],"campfire_rested":1,"item_purchase_floors":[3,14,14,20],"current_hp_per_floor":[78,78,78,83,83,64,64,31,31,37,37,28,53,53,53,15,68,30,30,30,30,31,31,0],"gold":69,"neow_bonus":"RANDOM_COMMON_RELIC","is_prod":false,"is_daily":false,"chose_seed":false,"campfire_upgraded":4,"win_rate":0,"timestamp":1550964628,"path_taken":["M","?","?","?","M","E","R","E","T","M","R","M","R","$","R","BOSS","M","?","$","?","M","R","E"],"build_version":"2019-01-23","purchased_purges":0,"victory":false,"max_hp_per_floor":[80,80,80,85,85,85,85,85,85,85,85,85,85,85,85,85,85,85,85,85,85,85,85,85],"card_choices":[{"not_picked":["Entrench","Anger","Reckless Charge"],"picked":"SKIP","floor":1},{"not_picked":["Sword Boomerang","Twin Strike"],"picked":"Headbutt","floor":5},{"not_picked":["Fire Breathing","Havoc"],"picked":"Ghostly Armor","floor":6},{"not_picked":["Headbutt","Shrug It Off"],"picked":"Perfected Strike","floor":8},{"not_picked":["Dropkick","Flex"],"picked":"Pummel","floor":10},{"not_picked":["Entrench","Sword Boomerang"],"picked":"Cleave","floor":12},{"not_picked":["Exhume","Bludgeon"],"picked":"Demon Form","floor":16},{"not_picked":["Carnage","Perfected Strike+1"],"picked":"Rampage+1","floor":18},{"not_picked":["Cleave+1","Intimidate"],"picked":"Twin Strike+1","floor":22}],"player_experience":753524,"relics_obtained":[{"floor":6,"key":"Juzu Bracelet"},{"floor":8,"key":"Smiling Mask"},{"floor":9,"key":"Orichalcum"}],"event_choices":[{"cards_removed":["Strike_R"],"damage_healed":0,"gold_gain":0,"player_choice":"Offered Basic","damage_taken":0,"max_hp_gain":0,"max_hp_loss":0,"event_name":"Bonfire Elementals","floor":2,"gold_loss":0},{"damage_healed":0,"gold_gain":0,"player_choice":"Donut","damage_taken":0,"max_hp_gain":5,"max_hp_loss":0,"event_name":"Big Fish","floor":4,"gold_loss":0},{"damage_healed":0,"gold_gain":0,"player_choice":"Traded Relic","damage_taken":0,"relics_obtained":["Nloth\u0027s Gift"],"max_hp_gain":0,"max_hp_loss":0,"event_name":"N\u0027loth","floor":19,"relics_lost":["Smiling Mask"],"gold_loss":0},{"damage_healed":0,"gold_gain":0,"player_choice":"Ignored","damage_taken":0,"max_hp_gain":0,"max_hp_loss":0,"event_name":"Vampires","floor":21,"gold_loss":0}],"is_beta":false,"boss_relics":[{"not_picked":["Runic Pyramid","Black Star"],"picked":"Philosopher\u0027s Stone"}],"items_purged_floors":[],"is_endless":false,"potions_floor_spawned":[1,6,8,16,18,22],"killed_by":"Gremlin Leader","ascension_level":10}