{"gold_per_floor":[114,74,74,87,52,52,85,99,99,109,109,128,36,49,49,146,146,166,91,91,145,232,244,272,314,326,358,705,717,729,770,782,898,910,938,463,463,475,492,492,26,57,57,57,68,103,103,103,103,103],"floor_reached":51,"playtime":3568,"items_purged":["Strike_B"],"score":1179,"play_id":"e001e35b-a223-45e0-aa71-0dbbf52b49b1","local_time":"20190302200711","is_ascension_mode":true,"campfire_choices":[{"data":"Defragment","floor":6.0,"key":"SMITH"},{"data":"Loop","floor":15.0,"key":"SMITH"},{"data":"Biased Cognition","floor":23.0,"key":"SMITH"},{"data":"Hologram","floor":29.0,"key":"SMITH"},{"floor":32.0,"key":"REST"},{"data":"Echo Form","floor":40,"key":"SMITH"},{"floor":44,"key":"REST"},{"floor":49,"key":"REST"}],"neow_cost":"NONE","seed_source_timestamp":0,"circlet_count":0,"master_deck":["AscendersBane","Strike_B+1","Strike_B+1","Defend_B+1","Defend_B+1","Defend_B+1","Defend_B+1","Zap+1","Dualcast+1","Defragment+1","Glacier+1","Rebound+1","FTL+1","Conserve Battery+1","Hologram+1","Self Repair+1","Sunder+1","Cold Snap+1","Gash+1","Loop+1","Biased Cognition+1","Sweeping Beam+1","FTL+1","Go for the Eyes+1","Gash+1","Necronomicurse","Buffer+1","Echo Form+1","Consume+1","Coolheaded+1","Cold Snap+1","Master of Strategy+1","Ball Lightning+1"],"special_seed":0,"relics":["Cracked Core","Bag of Preparation","War Paint","Singing Bowl","Molten Egg 2","Meat on the Bone","Inserter","MutagenicStrength","MawBank","PreservedInsect","Pantograph","Old Coin","Necronomicon","Strawberry","Runic Dome","Potion Belt","Cauldron","Cables","Boot","Blue Candle","Vajra","Mark of the Bloom"],"potions_floor_usage":[50,50,50,50],"damage_taken":[{"damage":0.0,"enemies":"Cultist","floor":1.0,"turns":3.0},{"damage":0.0,"enemies":"Small Slimes","floor":4.0,"turns":2.0},{"damage":0.0,"enemies":"Lagavulin","floor":7.0,"turns":8.0},{"damage":1.0,"enemies":"Jaw Worm","floor":8.0,"turns":3.0},{"damage":0.0,"enemies":"2 Fungi Beasts","floor":10.0,"turns":3.0},{"damage":0.0,"enemies":"Looter","floor":12.0,"turns":3.0},{"damage":2.0,"enemies":"Blue Slaver","floor":14.0,"turns":2.0},{"damage":11.0,"enemies":"Slime Boss","floor":16.0,"turns":7.0},{"damage":1.0,"enemies":"Chosen","floor":18.0,"turns":5.0},{"damage":4.0,"enemies":"3 Byrds","floor":24.0,"turns":6.0},{"damage":11.0,"enemies":"Book of Stabbing","floor":25.0,"turns":8.0},{"damage":5.0,"enemies":"Cultist and Chosen","floor":27.0,"turns":5.0},{"damage":15.0,"enemies":"Gremlin Leader","floor":28.0,"turns":6.0},{"damage":10.0,"enemies":"Book of Stabbing","floor":31.0,"turns":3.0},{"damage":67.0,"enemies":"Collector","floor":33.0,"turns":14.0},{"damage":1,"enemies":"Orb Walker","floor":35,"turns":4},{"damage":0,"enemies":"3 Shapes","floor":38,"turns":4},{"damage":0,"enemies":"3 Darklings","floor":39,"turns":7},{"damage":30,"enemies":"Nemesis","floor":42,"turns":5},{"damage":0,"enemies":"Transient","floor":45,"turns":5},{"damage":8,"enemies":"Giant Head","floor":46,"turns":9},{"damage":23,"enemies":"Awakened One","floor":50,"turns":52}],"seed_played":"8017827074161650555","potions_obtained":[{"floor":4.0,"key":"Ancient Potion"},{"floor":7.0,"key":"EssenceOfSteel"},{"floor":10.0,"key":"Poison Potion"},{"floor":12.0,"key":"Strength Potion"},{"floor":24.0,"key":"SpeedPotion"},{"floor":31.0,"key":"SpeedPotion"},{"floor":36,"key":"LiquidBronze"},{"floor":36,"key":"Swift Potion"},{"floor":36,"key":"Explosive Potion"},{"floor":36,"key":"SteroidPotion"},{"floor":42,"key":"Weak Potion"}],"is_trial":false,"path_per_floor":["$","?","T","?","?","T","?","M","?","?","M","?","?"],"character_chosen":"DEFECT","items_purchased":["Glacier","FTL","Cold Snap+1","Gash+1","Coolheaded","Potion Belt","Cauldron","Cables","Master of Strategy","Block Potion"],"campfire_rested":3,"item_purchase_floors":[2,5,13,13,36,36,36,41,41,41],"current_hp_per_floor":[68,68,43,43,43,43,43,42,42,42,42,49,49,54,54,50,69,77,77,77,77,70,70,73,69,69,71,63,63,47,56,81,36,72,84,84,84,84,86,86,86,58,58,84,90,89,89,89,89,66],"gold":103,"neow_bonus":"RANDOM_COMMON_RELIC","is_prod":false,"is_daily":false,"chose_seed":false,"campfire_upgraded":5,"win_rate":0,"timestamp":1551553631,"path_taken":["M","?","?","M","$","R","E","M","T","M","?","M","$","M","R","BOSS","M","?","?","?","?","R","?","E","T","M","E","R","?","E","R","BOSS","M","$","?","M","?","R","$","E","T","R","M","E","?","?","R","BOSS"],"build_version":"2019-01-23","purchased_purges":1,"victory":true,"max_hp_per_floor":[75,75,75,75,75,75,75,75,75,75,75,75,75,75,75,75,75,77,77,77,77,77,77,77,77,77,77,77,77,77,84,84,84,84,84,84,84,84,86,86,86,88,88,88,90,90,90,92,92,92],"card_choices":[{"not_picked":["Sweeping Beam","Streamline"],"picked":"Defragment","floor":1.0},{"not_picked":["Darkness","FTL"],"picked":"Rebound","floor":4.0},{"not_picked":["Meteor Strike","Barrage"],"picked":"Conserve Battery","floor":7.0},{"not_picked":["Leap","Barrage"],"picked":"Hologram","floor":8.0},{"not_picked":["Beam Cell+1","White Noise"],"picked":"Self Repair","floor":10.0},{"not_picked":["Hyperbeam+1","Leap"],"picked":"Sunder+1","floor":12.0},{"not_picked":["Steam Power","Redo"],"picked":"Loop","floor":14.0},{"not_picked":["Core Surge+1","Multi-Cast"],"picked":"Biased Cognition","floor":16.0},{"not_picked":["Hello World","Darkness","Undo"],"picked":"Singing Bowl","floor":18.0},{"not_picked":["Compile Driver+1","Darkness"],"picked":"Sweeping Beam+1","floor":24.0},{"not_picked":["Double Energy","Steam+1"],"picked":"FTL+1","floor":25.0},{"not_picked":["Coolheaded","Barrage+1"],"picked":"Go for the Eyes+1","floor":27.0},{"not_picked":["Fusion+1","Static Discharge+1"],"picked":"Gash+1","floor":28.0},{"not_picked":["FTL+1","Glacier"],"picked":"Buffer","floor":31.0},{"not_picked":["Thunder Strike+1","Buffer"],"picked":"Echo Form","floor":33.0},{"not_picked":["Streamline+1","Go for the Eyes+1"],"picked":"Consume+1","floor":35},{"not_picked":["Reprogram","Double Energy+1"],"picked":"Cold Snap+1","floor":38},{"not_picked":["Consume","Self Repair","Loop"],"picked":"Singing Bowl","floor":39},{"not_picked":["Fusion","Defragment","Hello World+1"],"picked":"Singing Bowl","floor":42},{"not_picked":["Redo+1","Compile Driver+1","Melter+1"],"picked":"Singing Bowl","floor":45},{"not_picked":["Double Energy","White Noise+1"],"picked":"Ball Lightning+1","floor":46},{"not_picked":["Magnetism","Discovery","Mind Blast+1"],"picked":"Singing Bowl","floor":48}],"player_experience":347995,"relics_obtained":[{"floor":7.0,"key":"Singing Bowl"},{"floor":9.0,"key":"Molten Egg 2"},{"floor":11.0,"key":"Meat on the Bone"},{"floor":21.0,"key":"MawBank"},{"floor":25.0,"key":"PreservedInsect"},{"floor":26.0,"key":"Pantograph"},{"floor":28.0,"key":"Old Coin"},{"floor":30.0,"key":"Necronomicon"},{"floor":31.0,"key":"Strawberry"},{"floor":42,"key":"Boot"},{"floor":43,"key":"Blue Candle"},{"floor":46,"key":"Vajra"}],"event_choices":[{"damage_healed":0.0,"max_hp_gain":0.0,"max_hp_loss":0.0,"gold_gain":0.0,"event_name":"Scrap Ooze","player_choice":"Success","floor":3.0,"gold_loss":0.0,"damage_taken":25.0,"relics_obtained":["War Paint"]},{"cards_removed":["Strike_B"],"damage_healed":0.0,"max_hp_gain":0.0,"max_hp_loss":0.0,"gold_gain":0.0,"event_name":"Beggar","player_choice":"Gave Gold","floor":19.0,"gold_loss":75.0,"damage_taken":0.0},{"damage_healed":0.0,"max_hp_gain":0.0,"max_hp_loss":0.0,"gold_gain":0.0,"event_name":"Drug Dealer","player_choice":"Inject Mutagens","floor":20.0,"gold_loss":0.0,"damage_taken":0.0,"relics_obtained":["MutagenicStrength"]},{"damage_healed":0.0,"max_hp_gain":0.0,"max_hp_loss":0.0,"gold_gain":75.0,"event_name":"FaceTrader","player_choice":"Touch","floor":22.0,"gold_loss":0.0,"damage_taken":7.0},{"damage_healed":0.0,"max_hp_gain":0.0,"max_hp_loss":0.0,"gold_gain":0.0,"event_name":"Cursed Tome","player_choice":"Obtained Book","floor":30.0,"gold_loss":0.0,"damage_taken":16.0},{"damage_healed":0,"gold_gain":0,"player_choice":"Ignored","damage_taken":0,"max_hp_gain":0,"max_hp_loss":0,"event_name":"SecretPortal","floor":37,"gold_loss":0},{"damage_healed":0,"gold_gain":0,"player_choice":"Upgrade","damage_taken":0,"relics_obtained":["Mark of the Bloom"],"max_hp_gain":0,"max_hp_loss":0,"event_name":"MindBloom","floor":47,"gold_loss":0,"cards_upgraded":["Strike_B","Strike_B","Defend_B","Defend_B","Defend_B","Dualcast","Glacier","Rebound","FTL","Conserve Battery","Self Repair","Buffer","Coolheaded","Master of Strategy"]},{"damage_healed":0,"gold_gain":0,"player_choice":"Memory 1","damage_taken":0,"max_hp_gain":0,"max_hp_loss":0,"event_name":"SensoryStone","floor":48,"gold_loss":0}],"is_beta":false,"boss_relics":[{"not_picked":["Ectoplasm","Cursed Key"],"picked":"Inserter"},{"not_picked":["Empty Cage","Coffee Dripper"],"picked":"Runic Dome"}],"items_purged_floors":[36],"is_endless":false,"potions_floor_spawned":[4,7,10,12,24,31,38,42],"ascension_level":10}