{"gold_per_floor":[113,113,12,12,29,58,75,75,75,108,108,108,108,137,137,236,236,248,261,276,290,40,40,40,40,40,55,72,72,90,106,106,106],"floor_reached":33,"playtime":2037,"items_purged":["Strike_R"],"score":478,"play_id":"e21aa623-3d89-4168-a572-e2a80a1ee92f","local_time":"20190125212752","is_ascension_mode":true,"campfire_choices":[{"data":"Shrug It Off","floor":8,"key":"SMITH"},{"data":"Bash","floor":11,"key":"SMITH"},{"data":"Blind","floor":13,"key":"SMITH"},{"data":"Iron Wave","floor":15,"key":"SMITH"},{"floor":23,"key":"REST"},{"data":"True Grit","floor":25,"key":"SMITH"},{"floor":32,"key":"REST"}],"neow_cost":"NONE","seed_source_timestamp":1310672693471425,"circlet_count":0,"master_deck":["AscendersBane","Strike_R","Strike_R","Strike_R","Strike_R","Defend_R","Defend_R","Defend_R","Defend_R","Bash+1","Anger","Iron Wave+1","Shrug It Off+1","Clothesline","Headbutt","Cleave","Sword Boomerang+1","Blind+1","Immolate","Iron Wave+1","True Grit+1","Shrug It Off","Shockwave","Limit Break","Inflame"],"relics":["Burning Blood","NeowsBlessing","Potion Belt","Shuriken","The Courier","Ornamental Fan","Philosopher\u0027s Stone","Pear","Boot"],"potions_floor_usage":[10,16,20,21,30],"damage_taken":[{"damage":0,"enemies":"Jaw Worm","floor":1,"turns":1},{"damage":0,"enemies":"Small Slimes","floor":5,"turns":1},{"damage":0,"enemies":"Gremlin Nob","floor":6,"turns":1},{"damage":0,"enemies":"Cultist","floor":7,"turns":5},{"damage":13,"enemies":"3 Sentries","floor":10,"turns":8},{"damage":28,"enemies":"Lagavulin","floor":14,"turns":8},{"damage":33,"enemies":"Slime Boss","floor":16,"turns":7},{"damage":9,"enemies":"Shell Parasite","floor":18,"turns":5},{"damage":6,"enemies":"3 Byrds","floor":19,"turns":4},{"damage":24,"enemies":"Snake Plant","floor":20,"turns":6},{"damage":21,"enemies":"Shelled Parasite and Fungi","floor":21,"turns":4},{"damage":20,"enemies":"Sentry and Sphere","floor":27,"turns":4},{"damage":26,"enemies":"Snake Plant","floor":28,"turns":5},{"damage":26,"enemies":"Shelled Parasite and Fungi","floor":30,"turns":4},{"damage":4,"enemies":"Centurion and Healer","floor":31,"turns":6},{"damage":57,"enemies":"Champ","floor":33,"turns":9}],"seed_played":"6970522131296876348","potions_obtained":[{"floor":1,"key":"Block Potion"},{"floor":5,"key":"GamblersBrew"},{"floor":7,"key":"PowerPotion"},{"floor":19,"key":"SneckoOil"},{"floor":27,"key":"Explosive Potion"}],"is_trial":false,"path_per_floor":["M","?","$","?","M","E","M","R","T","E","R","?","R","E","R","B",null,"M","M","M","M","$","R","?","R","T","M","M","?","M","M","R","B"],"character_chosen":"IRONCLAD","items_purchased":["Iron Wave","Shrug It Off","Pear"],"campfire_rested":2,"item_purchase_floors":[3,3,22],"current_hp_per_floor":[78,78,78,83,85,85,85,85,85,78,78,78,78,56,56,29,71,68,68,50,35,45,73,73,73,73,59,39,39,19,21,49,0],"gold":106,"neow_bonus":"THREE_ENEMY_KILL","is_prod":false,"is_daily":false,"chose_seed":false,"campfire_upgraded":5,"win_rate":0,"timestamp":1548469672,"path_taken":["M","?","$","?","?","E","M","R","T","E","R","?","R","E","R","BOSS","M","M","?","M","$","R","?","R","T","M","M","?","?","M","R","BOSS"],"build_version":"2019-01-23","purchased_purges":1,"victory":false,"max_hp_per_floor":[80,80,80,85,85,85,85,85,85,85,85,85,85,85,85,85,85,85,85,85,85,95,95,95,95,95,95,95,95,95,95,95,95],"card_choices":[{"not_picked":["Corruption","Flex"],"picked":"Anger","floor":1},{"not_picked":["Havoc","Clash"],"picked":"Clothesline","floor":5},{"not_picked":["Anger","Body Slam","Warcry"],"picked":"SKIP","floor":6},{"not_picked":["Pommel Strike","Anger"],"picked":"Headbutt","floor":7},{"not_picked":["Infernal Blade","Pommel Strike"],"picked":"Cleave","floor":10},{"not_picked":["Barricade","Thunderclap","Exhume"],"picked":"SKIP","floor":14},{"not_picked":["Berserk","Dark Embrace"],"picked":"Immolate","floor":16},{"not_picked":["Reckless Charge","Burning Pact"],"picked":"Iron Wave+1","floor":18},{"not_picked":["Warcry+1","Whirlwind"],"picked":"True Grit","floor":19},{"not_picked":["Sever Soul","Headbutt"],"picked":"Shrug It Off","floor":20},{"not_picked":["Wild Strike","Havoc","Spot Weakness"],"picked":"SKIP","floor":21},{"not_picked":["Armaments","Havoc"],"picked":"Shockwave","floor":27},{"not_picked":["Wild Strike","Body Slam","Reckless Charge"],"picked":"SKIP","floor":28},{"not_picked":["Cleave+1","Thunderclap"],"picked":"Limit Break","floor":30},{"not_picked":["Thunderclap","Armaments"],"picked":"Inflame","floor":31}],"player_experience":490347,"relics_obtained":[{"floor":6,"key":"Potion Belt"},{"floor":9,"key":"Shuriken"},{"floor":10,"key":"The Courier"},{"floor":14,"key":"Ornamental Fan"},{"floor":26,"key":"Boot"}],"event_choices":[{"damage_healed":0,"gold_gain":0,"player_choice":"Ignored","damage_taken":0,"max_hp_gain":0,"max_hp_loss":0,"event_name":"Shining Light","floor":2,"gold_loss":0},{"damage_healed":0,"gold_gain":0,"player_choice":"Donut","damage_taken":0,"max_hp_gain":5,"max_hp_loss":0,"event_name":"Big Fish","floor":4,"gold_loss":0},{"damage_healed":0,"gold_gain":0,"player_choice":"2 cards matched","damage_taken":0,"max_hp_gain":0,"max_hp_loss":0,"event_name":"Match and Keep!","floor":12,"gold_loss":0,"cards_obtained":["Sword Boomerang","Blind"]},{"damage_healed":0,"gold_gain":0,"player_choice":"Forge","damage_taken":0,"max_hp_gain":0,"max_hp_loss":0,"event_name":"Accursed Blacksmith","floor":29,"gold_loss":0,"cards_upgraded":["Sword Boomerang"]}],"is_beta":false,"boss_relics":[{"not_picked":["Fusion Hammer","Runic Dome"],"picked":"Philosopher\u0027s Stone"}],"items_purged_floors":[22],"is_endless":false,"potions_floor_spawned":[1,5,7,19,27],"killed_by":"Champ","ascension_level":11}