{"gold_per_floor":[114,124,124,47,67,67,101,101,101,118,135,135,135,85,85,181,181,200,200,217,217,236,268,268,268,268,295,33,33,33,46,46,142,142,162,20,38,38,38,38,100,100,125,154,178,90,108,108],"floor_reached":48,"playtime":2145,"items_purged":["Defend_G","Strike_G+1","Defend_G+1"],"score":581,"play_id":"e022fc50-28c3-431e-94e4-67718570d73e","local_time":"20181117214308","is_ascension_mode":false,"campfire_choices":[{"data":"Noxious Fumes","floor":6,"key":"SMITH"},{"data":"Distraction","floor":8,"key":"SMITH"},{"data":"Footwork","floor":12,"key":"SMITH"},{"data":"Neutralize","floor":15,"key":"SMITH"},{"floor":29,"key":"REST"},{"floor":32,"key":"REST"},{"data":"Envenom","floor":40,"key":"SMITH"},{"data":"Catalyst","floor":42,"key":"SMITH"}],"neow_cost":"NONE","seed_source_timestamp":263055821318531,"circlet_count":0,"master_deck":["Defend_G+1","Defend_G+1","Defend_G+1","Strike_G+1","Strike_G+1","Strike_G+1","Survivor","Neutralize+1","Cloak And Dagger","Backflip","Noxious Fumes+1","Catalyst+1","Distraction+1","Footwork+1","Backstab","Unload","Dagger Spray+1","Deadly Poison+1","Bouncing Flask+1","Dodge and Roll+1","Quick Slash+1","Prepared+1","Escape Plan+1","Envenom+1","Poisoned Stab+1","Footwork+1","Heel Hook","Writhe","Skewer+1","Sucker Punch+1","Heel Hook","Parasite","Distraction+1"],"relics":["Ring of the Snake","Bag of Marbles","Matryoshka","Potion Belt","Toxic Egg 2","Lizard Tail","The Courier","Orichalcum","Dodecahedron","Vajra","Red Mask","Letter Opener","Busted Crown","Tiny Chest","Ancient Tea Set","MawBank"],"potions_floor_usage":[7,7,19,22,23,23,23,23,23,23,23,23,33,45,47,47],"damage_taken":[{"damage":6,"enemies":"2 Louse","floor":1,"turns":2},{"damage":0,"enemies":"Cultist","floor":2,"turns":4},{"damage":0,"enemies":"Jaw Worm","floor":5,"turns":6},{"damage":12,"enemies":"3 Sentries","floor":7,"turns":7},{"damage":2,"enemies":"Blue Slaver","floor":10,"turns":4},{"damage":3,"enemies":"2 Fungi Beasts","floor":11,"turns":4},{"damage":0,"enemies":"The Guardian","floor":16,"turns":12},{"damage":8,"enemies":"Spheric Guardian","floor":18,"turns":5},{"damage":2,"enemies":"Shell Parasite","floor":20,"turns":6},{"damage":24,"enemies":"3 Cultists","floor":22,"turns":6},{"damage":22,"enemies":"Slavers","floor":23,"turns":5},{"damage":16,"enemies":"Colosseum Slavers","floor":24,"turns":5},{"damage":35,"enemies":"Masked Bandits","floor":27,"turns":8},{"damage":0,"enemies":"Snake Plant","floor":31,"turns":3},{"damage":6,"enemies":"Champ","floor":33,"turns":11},{"damage":0,"enemies":"3 Shapes","floor":35,"turns":3},{"damage":17,"enemies":"3 Darklings","floor":37,"turns":6},{"damage":0,"enemies":"Giant Head","floor":41,"turns":7},{"damage":20,"enemies":"Reptomancer","floor":44,"turns":6},{"damage":2,"enemies":"4 Shapes","floor":45,"turns":5},{"damage":42,"enemies":"Writhing Mass","floor":47,"turns":5},{"damage":11,"enemies":"3 Darklings","floor":48,"turns":2}],"seed_played":"3353110321050222661","potions_obtained":[{"floor":1,"key":"PowerPotion"},{"floor":5,"key":"AttackPotion"},{"floor":7,"key":"Explosive Potion"},{"floor":11,"key":"FearPotion"},{"floor":19,"key":"EntropicBrew"},{"floor":19,"key":"Weak Potion"},{"floor":19,"key":"Fruit Juice"},{"floor":20,"key":"FearPotion"},{"floor":27,"key":"SteroidPotion"},{"floor":31,"key":"Dexterity Potion"},{"floor":37,"key":"GamblersBrew"},{"floor":44,"key":"PowerPotion"}],"is_trial":false,"path_per_floor":["M","M","?","$","M","R","E","R","T","M","M","R","?","?","R","B",null,"M","?","M","?","M","E","?","T","T","?","$","R","?","M","R","B",null,"M","$","M","?","?","R","E","R","T","E","M","$","M","M"],"character_chosen":"THE_SILENT","items_purchased":["Noxious Fumes","Letter Opener","Footwork"],"campfire_rested":2,"item_purchase_floors":[4,28,36],"current_hp_per_floor":[64,64,64,64,64,64,52,52,52,50,47,47,40,40,40,40,67,59,64,62,62,38,16,36,36,36,1,1,22,22,22,43,37,72,72,72,55,72,72,72,72,72,72,52,50,50,8,0],"gold":108,"neow_bonus":"RANDOM_COMMON_RELIC","is_prod":false,"is_daily":false,"chose_seed":false,"campfire_upgraded":6,"win_rate":0,"timestamp":1542487388,"path_taken":["M","M","?","$","M","R","E","R","T","M","?","R","?","?","R","BOSS","M","?","?","?","M","E","?","?","T","?","$","R","?","M","R","BOSS","M","$","M","?","?","R","E","R","T","E","M","$","?","M"],"build_version":"2018-11-15","purchased_purges":3,"victory":false,"max_hp_per_floor":[70,70,70,70,70,70,70,70,70,70,70,70,67,67,67,67,67,67,72,72,72,72,72,72,72,72,72,72,72,72,72,72,72,72,72,72,72,72,72,72,72,72,72,72,72,72,72,72],"card_choices":[{"not_picked":["Crippling Poison","Outmaneuver"],"picked":"Cloak And Dagger","floor":1},{"not_picked":["All Out Attack","Choke"],"picked":"Backflip","floor":2},{"not_picked":["Deadly Poison","Dagger Spray"],"picked":"Catalyst","floor":5},{"not_picked":["Masterful Stab","Outmaneuver"],"picked":"Distraction","floor":7},{"not_picked":["Distraction+1","Blade Dance+1"],"picked":"Footwork","floor":10},{"not_picked":["Eviscerate","Concentrate+1"],"picked":"Backstab","floor":11},{"not_picked":["Grand Finale","Die Die Die"],"picked":"Unload","floor":16},{"not_picked":["Reflex+1","Blade Dance+1"],"picked":"Dagger Spray+1","floor":18},{"not_picked":["Blade Dance+1","Backflip+1"],"picked":"Deadly Poison+1","floor":20},{"not_picked":["Masterful Stab","Dagger Spray+1"],"picked":"Dodge and Roll+1","floor":22},{"not_picked":["Predator+1","Terror+1"],"picked":"Quick Slash+1","floor":23},{"not_picked":["Blade Dance+1","Dodge and Roll+1"],"picked":"Prepared+1","floor":27},{"not_picked":["Choke","Reflex+1"],"picked":"Escape Plan+1","floor":31},{"not_picked":["Malaise+1","Tools of the Trade"],"picked":"Envenom","floor":33},{"not_picked":[],"picked":"Poisoned Stab+1","floor":35},{"not_picked":[],"picked":"Heel Hook","floor":37},{"not_picked":[],"picked":"Skewer+1","floor":41},{"not_picked":[],"picked":"Sucker Punch+1","floor":44},{"not_picked":[],"picked":"Heel Hook","floor":45},{"not_picked":[],"picked":"Distraction+1","floor":47}],"player_experience":306716,"relics_obtained":[{"floor":7,"key":"Matryoshka"},{"floor":9,"key":"Potion Belt"},{"floor":9,"key":"Toxic Egg 2"},{"floor":23,"key":"The Courier"},{"floor":25,"key":"Orichalcum"},{"floor":25,"key":"Dodecahedron"},{"floor":26,"key":"Vajra"},{"floor":27,"key":"Red Mask"},{"floor":41,"key":"Tiny Chest"},{"floor":43,"key":"Ancient Tea Set"},{"floor":44,"key":"MawBank"}],"event_choices":[{"damage_healed":0,"gold_gain":0,"player_choice":"1 cards matched","damage_taken":0,"max_hp_gain":0,"max_hp_loss":0,"event_name":"Match and Keep!","floor":3,"gold_loss":0,"cards_obtained":["Parasite"]},{"cards_removed":["Parasite"],"damage_healed":0,"gold_gain":0,"player_choice":"Card Removal","damage_taken":7,"max_hp_gain":0,"max_hp_loss":0,"event_name":"Golden Wing","floor":13,"gold_loss":0},{"cards_removed":["Strike_G"],"damage_healed":0,"gold_gain":0,"player_choice":"Card Removal","damage_taken":0,"max_hp_gain":0,"max_hp_loss":0,"event_name":"The Cleric","floor":14,"gold_loss":50},{"damage_healed":0,"gold_gain":0,"player_choice":"Got Potions","damage_taken":0,"max_hp_gain":0,"max_hp_loss":0,"event_name":"Lab","floor":19,"gold_loss":0},{"damage_healed":0,"gold_gain":0,"player_choice":"Read","damage_taken":0,"max_hp_gain":0,"max_hp_loss":0,"event_name":"The Library","floor":21,"gold_loss":0,"cards_obtained":["Bouncing Flask"]},{"damage_healed":0,"gold_gain":0,"player_choice":"Fight","damage_taken":0,"max_hp_gain":0,"max_hp_loss":0,"event_name":"Colosseum","floor":24,"gold_loss":0},{"damage_healed":0,"gold_gain":0,"player_choice":"Fled From Nobs","damage_taken":0,"max_hp_gain":0,"max_hp_loss":0,"event_name":"Colosseum","floor":24,"gold_loss":0},{"damage_healed":0,"gold_gain":0,"player_choice":"Fought Bandits","damage_taken":0,"max_hp_gain":0,"max_hp_loss":0,"event_name":"Masked Bandits","floor":27,"gold_loss":0},{"damage_healed":0,"gold_gain":0,"player_choice":"Simplicity","damage_taken":0,"max_hp_gain":0,"max_hp_loss":0,"event_name":"Back to Basics","floor":30,"gold_loss":0,"cards_upgraded":["Defend_G","Defend_G","Defend_G","Defend_G","Strike_G","Strike_G","Strike_G","Strike_G"]},{"damage_healed":18,"gold_gain":0,"player_choice":"Writhe","damage_taken":0,"max_hp_gain":0,"max_hp_loss":0,"event_name":"Winding Halls","floor":38,"gold_loss":0,"cards_obtained":["Writhe"]},{"damage_healed":0,"gold_gain":0,"player_choice":"Upgraded","damage_taken":0,"max_hp_gain":0,"max_hp_loss":0,"event_name":"Upgrade Shrine","floor":39,"gold_loss":0,"cards_upgraded":["Footwork"]}],"is_beta":false,"boss_relics":[{"not_picked":["Coffee Dripper","White Beast Statue"],"picked":"Lizard Tail"},{"not_picked":["Empty Cage","Velvet Choker"],"picked":"Busted Crown"}],"items_purged_floors":[28,36,46],"is_endless":false,"potions_floor_spawned":[1,5,7,11,20,24,27,31,37,44],"killed_by":"3 Darklings","ascension_level":0}