{"gold_per_floor":[111,129,144,157,157,185,185,185,185,27,60,60,95,95,95,95],"floor_reached":16,"playtime":601,"items_purged":[],"score":153,"play_id":"02db4ff8-4d61-4f12-9368-64a5f4d8a01c","local_time":"20190221213104","is_ascension_mode":true,"campfire_choices":[{"data":"1","floor":7,"key":"LIFT"},{"floor":12,"key":"REST"},{"data":"2","floor":15,"key":"LIFT"}],"neow_cost":"NONE","seed_source_timestamp":358666410794826,"circlet_count":0,"master_deck":["Strike_R","Strike_R","Strike_R","Strike_R","Strike_R","Defend_R","Defend_R","Defend_R","Defend_R","Bash","Iron Wave","Perfected Strike","Disarm","Hemokinesis","Flame Barrier","Metallicize","Rupture+1","Combust"],"relics":["Burning Blood","Girya","Self Forming Clay","Question Card","Bottled Flame"],"potions_floor_usage":[2,6,6],"damage_taken":[{"damage":0,"enemies":"Small Slimes","floor":1,"turns":3},{"damage":12,"enemies":"Jaw Worm","floor":2,"turns":3},{"damage":10,"enemies":"2 Louse","floor":3,"turns":4},{"damage":17,"enemies":"2 Fungi Beasts","floor":4,"turns":4},{"damage":8,"enemies":"Lagavulin","floor":6,"turns":5},{"damage":27,"enemies":"Gremlin Nob","floor":11,"turns":5},{"damage":26,"enemies":"3 Sentries","floor":13,"turns":11},{"damage":32,"enemies":"The Guardian","floor":16,"turns":6}],"seed_played":"-8613559263875199638","potions_obtained":[{"floor":0,"key":"Dexterity Potion"},{"floor":0,"key":"SteroidPotion"},{"floor":1,"key":"SteroidPotion"},{"floor":4,"key":"AttackPotion"},{"floor":13,"key":"GamblersBrew"}],"is_trial":false,"path_per_floor":["M","M","M","M","?","E","R","?","T","$","E","R","E","?","R","B"],"character_chosen":"IRONCLAD","items_purchased":["Flame Barrier","Metallicize"],"campfire_rested":1,"item_purchase_floors":[10,10],"current_hp_per_floor":[78,72,68,57,57,55,55,55,55,55,34,58,38,38,38,6],"gold":95,"neow_bonus":"THREE_SMALL_POTIONS","is_prod":false,"is_daily":false,"chose_seed":false,"campfire_upgraded":0,"win_rate":0,"timestamp":1550781064,"path_taken":["M","M","M","M","?","E","R","?","T","$","E","R","E","?","R","BOSS"],"build_version":"2019-01-23","purchased_purges":0,"victory":false,"max_hp_per_floor":[80,80,80,80,80,80,80,80,80,80,80,80,80,80,80,80],"card_choices":[{"not_picked":["Rupture","Havoc","Dual Wield"],"picked":"SKIP","floor":1},{"not_picked":["Heavy Blade","Havoc"],"picked":"Iron Wave","floor":2},{"not_picked":["Twin Strike","Iron Wave"],"picked":"Perfected Strike","floor":3},{"not_picked":["Barricade","Spot Weakness"],"picked":"Disarm","floor":4},{"not_picked":["Anger","Flex"],"picked":"Hemokinesis","floor":6},{"not_picked":["Headbutt","Rampage"],"picked":"Rupture","floor":11},{"not_picked":["Sentinel","True Grit","Heavy Blade"],"picked":"Combust","floor":13}],"player_experience":706653,"relics_obtained":[{"floor":6,"key":"Girya"},{"floor":9,"key":"Self Forming Clay"},{"floor":11,"key":"Question Card"},{"floor":13,"key":"Bottled Flame"}],"event_choices":[{"damage_healed":0,"gold_gain":0,"player_choice":"Ignored","damage_taken":0,"max_hp_gain":0,"max_hp_loss":0,"event_name":"Liars Game","floor":5,"gold_loss":0},{"damage_healed":0,"gold_gain":0,"player_choice":"Searched \u00271\u0027 times","damage_taken":0,"max_hp_gain":0,"max_hp_loss":0,"event_name":"Dead Adventurer","floor":8,"gold_loss":0},{"damage_healed":0,"gold_gain":0,"player_choice":"Grow","damage_taken":0,"max_hp_gain":0,"max_hp_loss":0,"event_name":"Living Wall","floor":14,"gold_loss":0,"cards_upgraded":["Rupture"]}],"is_beta":false,"boss_relics":[],"items_purged_floors":[],"is_endless":false,"potions_floor_spawned":[1,4,13],"killed_by":"The Guardian","ascension_level":6}