{"gold_per_floor":[111,122,122,122,133,159,159,171,224,238,249,249,267,25,25,124,124,143,158,158,175,185,215,215,215,215,227,227,245,273,20,20,20],"floor_reached":33,"playtime":1586,"items_purged":["Strike_R","Strike_R"],"score":316,"play_id":"87cb9d9e-b467-4ddc-b175-ccd9ffb55b3c","local_time":"20190302150118","is_ascension_mode":false,"campfire_choices":[{"data":"Offering","floor":7,"key":"SMITH"},{"data":"Apotheosis","floor":15,"key":"SMITH"},{"data":"Seeing Red","floor":25,"key":"SMITH"},{"data":"Iron Wave","floor":28,"key":"SMITH"},{"floor":32,"key":"REST"}],"neow_cost":"NONE","seed_source_timestamp":420855880126435,"circlet_count":0,"master_deck":["Defend_R","Defend_R","Defend_R","Defend_R","Bash","Iron Wave+1","Offering+1","Iron Wave","Rampage","Pommel Strike","Seeing Red+1","Seeing Red","Apotheosis+1","Feed+1","Iron Wave","Infernal Blade","Spot Weakness","Rupture","Warcry","Flex","Inflame+1"],"relics":["Burning Blood","NeowsBlessing","Dodecahedron","Vajra","Bag of Preparation","Question Card","Black Star","Omamori","Pen Nib","Shuriken","Kunai","PreservedInsect","Happy Flower"],"potions_floor_usage":[16,21,23,30,33],"damage_taken":[{"damage":0,"enemies":"Small Slimes","floor":1,"turns":1},{"damage":0,"enemies":"Jaw Worm","floor":2,"turns":1},{"damage":0,"enemies":"Cultist","floor":5,"turns":1},{"damage":27,"enemies":"Gremlin Nob","floor":6,"turns":4},{"damage":21,"enemies":"Exordium Thugs","floor":8,"turns":3},{"damage":0,"enemies":"Large Slime","floor":10,"turns":4},{"damage":3,"enemies":"Red Slaver","floor":11,"turns":3},{"damage":6,"enemies":"3 Louse","floor":13,"turns":3},{"damage":20,"enemies":"The Guardian","floor":16,"turns":9},{"damage":6,"enemies":"Chosen","floor":18,"turns":2},{"damage":6,"enemies":"Shell Parasite","floor":19,"turns":2},{"damage":26,"enemies":"Shelled Parasite and Fungi","floor":21,"turns":7},{"damage":6,"enemies":"Centurion and Healer","floor":22,"turns":4},{"damage":26,"enemies":"Slavers","floor":23,"turns":5},{"damage":12,"enemies":"Snake Plant","floor":27,"turns":4},{"damage":6,"enemies":"Snecko","floor":29,"turns":3},{"damage":48,"enemies":"Gremlin Leader","floor":30,"turns":6},{"damage":39,"enemies":"Champ","floor":33,"turns":6}],"seed_played":"-7707559698443751492","potions_obtained":[{"floor":2,"key":"Energy Potion"},{"floor":6,"key":"Fire Potion"},{"floor":10,"key":"EssenceOfSteel"},{"floor":16,"key":"AttackPotion"},{"floor":19,"key":"Swift Potion"},{"floor":30,"key":"LiquidBronze"}],"is_trial":false,"path_per_floor":["M","M","?","?","M","E","R","M","T","M","M","T","M","$","R","B",null,"M","M","?","M","M","E","?","R","T","M","R","M","E","$","R","B"],"character_chosen":"IRONCLAD","items_purchased":["Apotheosis","Happy Flower"],"campfire_rested":1,"item_purchase_floors":[14,31],"current_hp_per_floor":[80,80,80,80,80,59,59,44,44,50,53,53,53,53,53,39,80,84,88,88,72,72,56,56,56,56,50,50,50,8,8,36,0],"gold":20,"neow_bonus":"THREE_ENEMY_KILL","is_prod":false,"is_daily":false,"chose_seed":false,"campfire_upgraded":4,"win_rate":0,"timestamp":1551538878,"path_taken":["M","M","?","?","M","E","R","M","T","?","M","?","M","?","R","BOSS","M","M","?","?","M","E","?","R","T","M","R","M","E","$","R","BOSS"],"build_version":"2019-01-23","purchased_purges":2,"victory":false,"max_hp_per_floor":[80,80,80,80,80,80,80,80,80,80,80,80,80,80,80,80,80,84,88,88,92,92,96,96,96,96,96,96,96,96,96,96,96],"card_choices":[{"not_picked":["Sword Boomerang","Second Wind","Intimidate"],"picked":"SKIP","floor":1},{"not_picked":["Warcry","Body Slam"],"picked":"Iron Wave","floor":2},{"not_picked":["Clash","Juggernaut"],"picked":"Iron Wave","floor":5},{"not_picked":["Thunderclap","Hemokinesis"],"picked":"Rampage","floor":6},{"not_picked":["True Grit","Twin Strike"],"picked":"Pommel Strike","floor":8},{"not_picked":["Twin Strike","Pommel Strike"],"picked":"Seeing Red","floor":10},{"not_picked":["Cleave","Bludgeon"],"picked":"Seeing Red","floor":11},{"not_picked":["Thunderclap","Heavy Blade","Headbutt","Pommel Strike"],"picked":"SKIP","floor":13},{"not_picked":["Berserk","Juggernaut","Fiend Fire"],"picked":"Feed","floor":16},{"not_picked":["Pommel Strike","Rage+1","Twin Strike"],"picked":"Iron Wave","floor":18},{"not_picked":["Pummel","Cleave","Metallicize","Evolve"],"picked":"SKIP","floor":19},{"not_picked":["Thunderclap","Wild Strike","True Grit"],"picked":"Infernal Blade","floor":21},{"not_picked":["Shrug It Off","Fire Breathing","Anger"],"picked":"Spot Weakness","floor":22},{"not_picked":["Body Slam","Sword Boomerang+1","Battle Trance","Carnage+1"],"picked":"SKIP","floor":23},{"not_picked":["Wild Strike","Inflame","Warcry"],"picked":"Flex","floor":27},{"not_picked":["Berserk","Headbutt","Iron Wave","Uppercut"],"picked":"SKIP","floor":29},{"not_picked":["Clash","Shockwave","Rage"],"picked":"Inflame+1","floor":30}],"player_experience":45061,"relics_obtained":[{"floor":4,"key":"Dodecahedron"},{"floor":6,"key":"Vajra"},{"floor":9,"key":"Bag of Preparation"},{"floor":12,"key":"Question Card"},{"floor":23,"key":"Omamori"},{"floor":23,"key":"Pen Nib"},{"floor":26,"key":"Shuriken"},{"floor":30,"key":"Kunai"},{"floor":30,"key":"PreservedInsect"}],"event_choices":[{"damage_healed":0,"gold_gain":0,"cards_transformed":["Strike_R"],"player_choice":"Change","damage_taken":0,"max_hp_gain":0,"max_hp_loss":0,"event_name":"Living Wall","floor":3,"gold_loss":0,"cards_obtained":["Offering"]},{"damage_healed":0,"gold_gain":0,"player_choice":"Relic","damage_taken":0,"max_hp_gain":0,"max_hp_loss":0,"event_name":"Wheel of Change","floor":4,"gold_loss":0},{"damage_healed":0,"gold_gain":0,"player_choice":"Forge","damage_taken":0,"max_hp_gain":0,"max_hp_loss":0,"event_name":"Accursed Blacksmith","floor":20,"gold_loss":0,"cards_upgraded":["Feed"]},{"damage_healed":0,"gold_gain":0,"cards_transformed":["Strike_R","Strike_R"],"player_choice":"Became Test Subject","damage_taken":0,"max_hp_gain":0,"max_hp_loss":0,"event_name":"Drug Dealer","floor":24,"gold_loss":0,"cards_obtained":["Rupture","Warcry"]}],"is_beta":false,"boss_relics":[{"not_picked":["Ectoplasm","Runic Dome"],"picked":"Black Star"}],"items_purged_floors":[14,31],"is_endless":false,"potions_floor_spawned":[2,6,10,16,18,19,30],"killed_by":"Champ","ascension_level":0}