{"gold_per_floor":[210,48,48,68,88,123,123,140,140,154,154,174,174,3,3,106,106,117,117],"floor_reached":19,"playtime":816,"items_purged":["Defend_B","Strike_B"],"score":228,"play_id":"43d7533f-1f8e-4ea3-b9ff-dacfac0a068e","local_time":"20190221212051","is_ascension_mode":true,"campfire_choices":[{"floor":7,"key":"REST"},{"floor":13,"key":"REST"},{"floor":15,"key":"DIG"}],"neow_cost":"NONE","seed_source_timestamp":357837279170909,"circlet_count":0,"master_deck":["Strike_B","Strike_B","Strike_B","Defend_B","Defend_B","Defend_B","Zap","Dualcast","Defragment","Melter","Coolheaded","Auto Shields","Rebound","Beam Cell","Conserve Battery","Streamline","Creative AI","Hologram","Sweeping Beam","Machine Learning","Chill+1"],"relics":["FrozenCore","Shovel","Calipers","Incense Burner","Toxic Egg 2"],"potions_floor_usage":[6,6,16,16],"damage_taken":[{"damage":1,"enemies":"Cultist","floor":1,"turns":4},{"damage":12,"enemies":"2 Louse","floor":4,"turns":3},{"damage":7,"enemies":"Jaw Worm","floor":5,"turns":3},{"damage":14,"enemies":"3 Sentries","floor":6,"turns":7},{"damage":10,"enemies":"Blue Slaver","floor":8,"turns":3},{"damage":10,"enemies":"3 Louse","floor":10,"turns":5},{"damage":11,"enemies":"Large Slime","floor":12,"turns":3},{"damage":22,"enemies":"Slime Boss","floor":16,"turns":10},{"damage":12,"enemies":"Shell Parasite","floor":18,"turns":8},{"damage":38,"enemies":"Masked Bandits","floor":19,"turns":5}],"seed_played":"-5591342328459635743","potions_obtained":[{"floor":4,"key":"Strength Potion"},{"floor":5,"key":"PowerPotion"},{"floor":8,"key":"SneckoOil"},{"floor":10,"key":"SkillPotion"},{"floor":12,"key":"Explosive Potion"}],"is_trial":false,"path_per_floor":["M","$","?","M","M","E","R","M","T","M","?","M","R","$","R","B",null,"M","?"],"character_chosen":"DEFECT","items_purchased":["Melter","Coolheaded","Hologram","Sweeping Beam"],"campfire_rested":2,"item_purchase_floors":[2,2,14,14],"current_hp_per_floor":[67,67,72,60,53,39,63,53,53,43,25,14,38,38,38,16,64,52,14],"gold":117,"neow_bonus":"HUNDRED_GOLD","is_prod":false,"is_daily":false,"chose_seed":false,"campfire_upgraded":0,"win_rate":0,"timestamp":1550780451,"path_taken":["M","$","?","M","M","E","R","M","T","M","?","M","R","?","R","BOSS","M","?"],"build_version":"2019-01-23","purchased_purges":2,"victory":false,"max_hp_per_floor":[75,75,80,80,80,80,80,80,80,80,80,80,80,80,80,80,80,80,80],"card_choices":[{"not_picked":["Leap","Barrage"],"picked":"Defragment","floor":1},{"not_picked":["Coolheaded","Heatsinks"],"picked":"Auto Shields","floor":4},{"not_picked":["Stack","Hologram"],"picked":"Rebound","floor":5},{"not_picked":["Sunder","Undo"],"picked":"Beam Cell","floor":6},{"not_picked":["Streamline","Rebound"],"picked":"Conserve Battery","floor":8},{"not_picked":["Stack","Steam Power"],"picked":"Streamline","floor":10},{"not_picked":["Darkness","Coolheaded"],"picked":"Creative AI","floor":12},{"not_picked":["Rainbow+1","Amplify+1"],"picked":"Machine Learning","floor":16},{"not_picked":["Rip and Tear+1","Fusion+1"],"picked":"Chill+1","floor":18}],"player_experience":705837,"relics_obtained":[{"floor":6,"key":"Shovel"},{"floor":9,"key":"Calipers"},{"floor":15,"key":"Toxic Egg 2"}],"event_choices":[{"damage_healed":0,"gold_gain":0,"player_choice":"Donut","damage_taken":0,"max_hp_gain":5,"max_hp_loss":0,"event_name":"Big Fish","floor":3,"gold_loss":0},{"damage_healed":0,"gold_gain":0,"player_choice":"Success","damage_taken":18,"relics_obtained":["Incense Burner"],"max_hp_gain":0,"max_hp_loss":0,"event_name":"Scrap Ooze","floor":11,"gold_loss":0},{"damage_healed":0,"gold_gain":0,"player_choice":"Fought Bandits","damage_taken":0,"max_hp_gain":0,"max_hp_loss":0,"event_name":"Masked Bandits","floor":19,"gold_loss":0}],"is_beta":false,"boss_relics":[{"not_picked":["Runic Pyramid","Lizard Tail"],"picked":"FrozenCore"}],"items_purged_floors":[2,14],"is_endless":false,"potions_floor_spawned":[4,5,8,10,12],"killed_by":"Masked Bandits","ascension_level":7}