{"gold_per_floor":[113,113,128,139,151,151,180,193,493,493,188,199,199,99,99,200,200,215,225,238,67,67,80,80,109,109,109,109,122,134,154,154,154],"floor_reached":33,"playtime":2211,"items_purged":["Strike_G","Concentrate"],"score":296,"play_id":"ecce4ed1-8a27-4a97-8ff3-b5996f677a12","local_time":"20181104224415","is_ascension_mode":false,"campfire_choices":[{"data":"Survivor","floor":6,"key":"SMITH"},{"data":"Acrobatics","floor":13,"key":"SMITH"},{"data":"Deflect","floor":15,"key":"SMITH"},{"floor":24,"key":"REST"},{"floor":28,"key":"REST"},{"data":"Strike_G","floor":32,"key":"PURGE"}],"neow_cost":"NONE","seed_source_timestamp":1558384505427237,"circlet_count":0,"master_deck":["Defend_G","Defend_G","Defend_G","Defend_G","Defend_G","Strike_G","Strike_G","Survivor+1","Neutralize+1","Backflip","Backstab","Poisoned Stab","Deflect+1","Blur","Acrobatics+1","Adrenaline","Underhanded Strike+1","Footwork","Footwork","Poisoned Stab","Deadly Poison+1","Dagger Throw+1","Deadly Poison+1","Backstab"],"relics":["Ring of the Snake","Sundial","Old Coin","Lantern","Fusion Hammer","Oddly Smooth Stone","Frozen Egg 2","Peace Pipe","Mango"],"potions_floor_usage":[7,7,20,20,25,33,33,33],"damage_taken":[{"damage":0,"enemies":"Small Slimes","floor":1,"turns":5},{"damage":0,"enemies":"Cultist","floor":3,"turns":5},{"damage":0,"enemies":"2 Louse","floor":4,"turns":3},{"damage":6,"enemies":"Exordium Wildlife","floor":5,"turns":10},{"damage":0,"enemies":"Lagavulin","floor":7,"turns":6},{"damage":19,"enemies":"Large Slime","floor":8,"turns":8},{"damage":3,"enemies":"Gremlin Gang","floor":12,"turns":7},{"damage":7,"enemies":"The Guardian","floor":16,"turns":23},{"damage":0,"enemies":"Chosen","floor":18,"turns":5},{"damage":4,"enemies":"2 Thieves","floor":19,"turns":4},{"damage":45,"enemies":"Cultist and Chosen","floor":20,"turns":13},{"damage":10,"enemies":"Centurion and Healer","floor":23,"turns":10},{"damage":73,"enemies":"Gremlin Leader","floor":25,"turns":9},{"damage":0,"enemies":"Snake Plant","floor":29,"turns":5},{"damage":1,"enemies":"Snecko","floor":30,"turns":6},{"damage":2,"enemies":"Centurion and Healer","floor":31,"turns":5},{"damage":47,"enemies":"Collector","floor":33,"turns":9}],"seed_played":"-2983445323833876711","potions_obtained":[{"floor":0,"key":"SmokeBomb"},{"floor":0,"key":"FairyPotion"},{"floor":0,"key":"Regen Potion"},{"floor":5,"key":"SkillPotion"},{"floor":7,"key":"Block Potion"},{"floor":12,"key":"Regen Potion"},{"floor":20,"key":"Block Potion"},{"floor":25,"key":"LiquidBronze"},{"floor":29,"key":"Ancient Potion"},{"floor":30,"key":"Explosive Potion"}],"is_trial":false,"path_per_floor":["M","?","M","M","M","R","E","M","T","?","$","M","R","$","R","B",null,"M","M","M","$","?","M","R","E","T","?","R","M","M","M","R","B"],"character_chosen":"THE_SILENT","items_purchased":["Blur","Lantern","Poisoned Stab","Oddly Smooth Stone"],"campfire_rested":2,"item_purchase_floors":[11,11,21,21],"current_hp_per_floor":[70,70,70,70,64,64,70,51,51,44,44,41,41,41,41,34,70,70,66,32,32,55,45,66,7,7,21,46,46,45,43,43,0],"gold":154,"neow_bonus":"THREE_SMALL_POTIONS","is_prod":false,"is_daily":false,"chose_seed":false,"campfire_upgraded":3,"win_rate":0,"timestamp":1541367855,"path_taken":["M","?","M","M","?","R","E","M","T","?","$","M","R","?","R","BOSS","M","M","M","$","?","M","R","E","T","?","R","M","?","M","R","BOSS"],"build_version":"2018-11-01","purchased_purges":2,"victory":false,"max_hp_per_floor":[70,70,70,70,70,70,70,70,70,70,70,70,70,70,70,70,70,70,70,70,70,70,70,70,70,70,84,84,84,84,84,84,84],"card_choices":[{"not_picked":["Deadly Poison","Setup"],"picked":"Backflip","floor":1},{"not_picked":["Crippling Poison","Riddle With Holes","Eviscerate"],"picked":"SKIP","floor":3},{"not_picked":["Slice","Quick Slash"],"picked":"Backstab","floor":4},{"not_picked":["Dodge and Roll","Setup"],"picked":"Poisoned Stab","floor":5},{"not_picked":["Bane","PiercingWail"],"picked":"Deflect","floor":7},{"not_picked":["Infinite Blades","Finisher"],"picked":"Concentrate","floor":8},{"not_picked":["Outmaneuver","Envenom"],"picked":"Acrobatics","floor":12},{"not_picked":["Wraith Form v2","Venomology"],"picked":"Adrenaline","floor":16},{"not_picked":["Blade Dance","Quick Slash"],"picked":"Underhanded Strike+1","floor":18},{"not_picked":["Expertise","Noxious Fumes"],"picked":"Footwork","floor":19},{"not_picked":["Dash+1","Cloak And Dagger"],"picked":"Footwork","floor":20},{"not_picked":["Crippling Poison","Dash"],"picked":"Deadly Poison+1","floor":23},{"not_picked":["Expertise+1","Acrobatics"],"picked":"Dagger Throw+1","floor":25},{"not_picked":["Deflect","Grand Finale"],"picked":"Deadly Poison+1","floor":29},{"not_picked":["Masterful Stab","Caltrops+1","Eviscerate"],"picked":"SKIP","floor":30},{"not_picked":["Dagger Throw","Setup"],"picked":"Backstab","floor":31}],"player_experience":270307,"relics_obtained":[{"floor":7,"key":"Sundial"},{"floor":9,"key":"Old Coin"},{"floor":25,"key":"Frozen Egg 2"},{"floor":26,"key":"Peace Pipe"},{"floor":27,"key":"Mango"}],"event_choices":[{"damage_healed":0,"gold_gain":0,"player_choice":"Forge","damage_taken":0,"max_hp_gain":0,"max_hp_loss":0,"event_name":"Accursed Blacksmith","floor":2,"gold_loss":0,"cards_upgraded":["Neutralize"]},{"cards_removed":["Strike_G"],"damage_healed":0,"gold_gain":0,"player_choice":"Card Removal","damage_taken":7,"max_hp_gain":0,"max_hp_loss":0,"event_name":"Golden Wing","floor":10,"gold_loss":0},{"damage_healed":23,"gold_gain":0,"player_choice":"Heal","damage_taken":0,"max_hp_gain":0,"max_hp_loss":0,"event_name":"The Library","floor":22,"gold_loss":0},{"damage_healed":0,"gold_gain":0,"player_choice":"Relic","damage_taken":0,"max_hp_gain":0,"max_hp_loss":0,"event_name":"Wheel of Change","floor":27,"gold_loss":0}],"is_beta":false,"boss_relics":[{"not_picked":["Tiny House","Eternal Feather"],"picked":"Fusion Hammer"}],"items_purged_floors":[11,14],"is_endless":false,"potions_floor_spawned":[1,5,7,12,20,25,29,30],"killed_by":"Collector","ascension_level":0}