{"gold_per_floor":[119,137,102,114,114,114,148,148,148,148,148,161,161,161,161,161],"floor_reached":16,"playtime":481,"items_purged":[],"score":152,"play_id":"ced84578-c512-45c2-87d1-13a8d12cf573","local_time":"20190224155345","is_ascension_mode":true,"campfire_choices":[{"floor":6,"key":"DIG"},{"floor":8,"key":"DIG"},{"floor":11,"key":"DIG"},{"floor":15,"key":"REST"}],"neow_cost":"PERCENT_DAMAGE","seed_source_timestamp":7073790899256,"circlet_count":0,"master_deck":["AscendersBane","Strike_R","Strike_R","Strike_R","Strike_R","Strike_R","Defend_R+1","Defend_R","Defend_R","Defend_R+1","Bash+1","Shrug It Off","Wild Strike","Twin Strike","Cleave","Armaments"],"relics":["Burning Blood","Shovel","Girya","The Courier","Calipers","Frozen Egg 2","Champion Belt","Question Card"],"potions_floor_usage":[12],"damage_taken":[{"damage":9,"enemies":"2 Louse","floor":1,"turns":4},{"damage":0,"enemies":"Jaw Worm","floor":2,"turns":6},{"damage":4,"enemies":"Small Slimes","floor":4,"turns":4},{"damage":54,"enemies":"Gremlin Nob","floor":7,"turns":5},{"damage":7,"enemies":"3 Louse","floor":12,"turns":4},{"damage":29,"enemies":"Hexaghost","floor":16,"turns":9}],"seed_played":"-7870762573785498724","potions_obtained":[{"floor":7,"key":"SpeedPotion"}],"is_trial":false,"path_per_floor":["?","?","?","?","?"],"character_chosen":"IRONCLAD","items_purchased":[],"campfire_rested":1,"item_purchase_floors":[],"current_hp_per_floor":[48,54,74,76,76,76,28,28,28,28,28,27,11,4,28,0],"gold":161,"neow_bonus":"ONE_RARE_RELIC","is_prod":false,"is_daily":false,"chose_seed":false,"campfire_upgraded":0,"win_rate":0,"timestamp":1551020025,"path_taken":["M","M","?","M","?","R","E","R","T","?","R","M","?","?","R","BOSS"],"build_version":"2019-01-23","purchased_purges":0,"victory":false,"max_hp_per_floor":[80,80,80,80,80,80,80,80,80,80,80,80,80,80,80,80],"card_choices":[{"not_picked":["Clash","Flex"],"picked":"Shrug It Off","floor":1},{"not_picked":["Body Slam","Sever Soul"],"picked":"Wild Strike","floor":2},{"not_picked":["Bloodletting","Iron Wave"],"picked":"Twin Strike","floor":4},{"not_picked":["Rage","Brutality"],"picked":"Cleave","floor":7},{"not_picked":["Whirlwind","Sentinel"],"picked":"Armaments","floor":12}],"player_experience":328695,"relics_obtained":[{"floor":6,"key":"Girya"},{"floor":7,"key":"The Courier"},{"floor":8,"key":"Calipers"},{"floor":9,"key":"Frozen Egg 2"},{"floor":11,"key":"Champion Belt"}],"event_choices":[{"damage_healed":20,"gold_gain":0,"player_choice":"Healed","damage_taken":0,"max_hp_gain":0,"max_hp_loss":0,"event_name":"The Cleric","floor":3,"gold_loss":35},{"damage_healed":0,"gold_gain":0,"player_choice":"Ignored","damage_taken":0,"max_hp_gain":0,"max_hp_loss":0,"event_name":"Liars Game","floor":5,"gold_loss":0},{"damage_healed":0,"gold_gain":0,"player_choice":"Grow","damage_taken":0,"max_hp_gain":0,"max_hp_loss":0,"event_name":"Living Wall","floor":10,"gold_loss":0,"cards_upgraded":["Bash"]},{"damage_healed":0,"gold_gain":0,"player_choice":"Entered Light","damage_taken":16,"max_hp_gain":0,"max_hp_loss":0,"event_name":"Shining Light","floor":13,"gold_loss":0,"cards_upgraded":["Defend_R","Defend_R"]},{"damage_healed":0,"gold_gain":0,"player_choice":"Success","damage_taken":7,"relics_obtained":["Question Card"],"max_hp_gain":0,"max_hp_loss":0,"event_name":"Scrap Ooze","floor":14,"gold_loss":0}],"is_beta":false,"boss_relics":[],"items_purged_floors":[],"is_endless":false,"potions_floor_spawned":[7],"killed_by":"Hexaghost","ascension_level":11}