{"path_per_floor":["M","M","?","?","M","E","?","R","T","E","M","$","T","M","R","B",null,"M","?","?","$","M","E","M","M","T","M","E","M","R","$","R"],"character_chosen":"IRONCLAD","items_purchased":["Inflame","Whetstone","Fire Breathing"],"gold_per_floor":[116,134,134,134,145,170,170,170,249,280,292,19,46,66,66,162,162,172,97,97,20,37,69,83,94,94,111,141,155,155,105,105,105],"floor_reached":33,"campfire_rested":1,"playtime":2675,"current_hp_per_floor":[78,75,59,64,70,41,41,41,41,31,30,30,30,27,52,30,85,85,85,42,42,42,25,32,37,37,42,38,42,42,42,42,0],"items_purged":["Regret","Strike_R"],"gold":105,"score":323,"play_id":"c71c665c-3b34-42cb-8689-6d6108bd6fd6","local_time":"20180329230452","is_prod":false,"is_daily":false,"is_ascension_mode":false,"campfire_upgraded":3,"timestamp":1522379092,"path_taken":["M","M","?","?","M","E","?","R","T","E","M","$","?","M","R","BOSS","M","?","?","$","M","E","M","?","T","M","E","?","R","?","R","BOSS"],"build_version":"2018-03-29","purchased_purges":4,"victory":false,"master_deck":["Strike_R","Strike_R+1","Strike_R+1","Defend_R","Defend_R","Defend_R","Defend_R","Bash","Twin Strike+1","Perfected Strike+1","Twin Strike","Pommel Strike","Heavy Blade+1","Anger","Inflame","Flex","Limit Break","Sword Boomerang","Ghostly","Ghostly","Ghostly","Ghostly","Ghostly","Fire Breathing+1","Perfected Strike","Flex","Warcry+1","Shrug It Off+1","Iron Wave+1","Fire Breathing+1","Sword Boomerang+1"],"max_hp_per_floor":[80,80,80,85,85,85,85,85,85,85,85,85,85,85,85,85,85,85,85,42,42,42,42,42,42,42,42,42,42,42,42,42,42],"relics":["Burning Blood","Bird Faced Urn","Shuriken","Smiling Mask","Vajra","Whetstone","Pen Nib","Mark of Pain","Bronze Scales","Meat on the Bone","Art of War"],"card_choices":[{"not_picked":["Body Slam","Havoc"],"picked":"Twin Strike","floor":1},{"not_picked":["Twin Strike","Shockwave"],"picked":"Perfected Strike","floor":2},{"not_picked":["Warcry","Clash"],"picked":"Twin Strike","floor":5},{"not_picked":["Cleave","Shrug It Off"],"picked":"Pommel Strike","floor":6},{"not_picked":["Thunderclap","Shockwave"],"picked":"Heavy Blade","floor":10},{"not_picked":["Bloodletting","Heavy Blade"],"picked":"Anger","floor":11},{"not_picked":["Clash","Iron Wave"],"picked":"Flex","floor":14},{"not_picked":["Feed","Brutality"],"picked":"Limit Break","floor":16},{"not_picked":["True Grit","Blood for Blood"],"picked":"Sword Boomerang","floor":18},{"not_picked":["Armaments","Hemokinesis"],"picked":"Perfected Strike","floor":22},{"not_picked":["Thunderclap","Whirlwind"],"picked":"Flex","floor":23},{"not_picked":["True Grit","Power Through"],"picked":"Warcry","floor":24},{"not_picked":["Rupture","Clothesline"],"picked":"Shrug It Off","floor":25},{"not_picked":["Juggernaut","Corruption"],"picked":"Iron Wave","floor":27},{"not_picked":["Warcry","Shrug It Off"],"picked":"Fire Breathing","floor":28},{"not_picked":["Reckless Charge","Uppercut"],"picked":"Sword Boomerang","floor":29}],"player_experience":207956,"potions_floor_usage":[16,18,27,28,33],"damage_taken":[{"damage":8,"enemies":"Cultist","floor":1,"turns":3},{"damage":9,"enemies":"2 Louse","floor":2,"turns":3},{"damage":0,"enemies":"Small Slimes","floor":5,"turns":2},{"damage":35,"enemies":"3 Sentries","floor":6,"turns":7},{"damage":16,"enemies":"Gremlin Nob","floor":10,"turns":3},{"damage":7,"enemies":"Blue Slaver","floor":11,"turns":2},{"damage":11,"enemies":"Lots of Slimes","floor":14,"turns":4},{"damage":45,"enemies":"The Guardian","floor":16,"turns":6},{"damage":5,"enemies":"Shell Parasite","floor":18,"turns":2},{"damage":1,"enemies":"Chosen","floor":22,"turns":2},{"damage":23,"enemies":"Book of Stabbing","floor":23,"turns":5},{"damage":1,"enemies":"Centurion and Healer","floor":24,"turns":4},{"damage":1,"enemies":"Snecko","floor":25,"turns":3},{"damage":1,"enemies":"Chosen and Byrds","floor":27,"turns":5},{"damage":22,"enemies":"Gremlin Leader","floor":28,"turns":6},{"damage":3,"enemies":"Snake Plant","floor":29,"turns":3},{"damage":67,"enemies":"Collector","floor":33,"turns":7}],"event_choices":[{"event_name":"Shining Light","player_choice":"Entered Light","floor":3,"damage_taken":0},{"event_name":"Big Fish","player_choice":"Donut","floor":4,"damage_taken":0},{"event_name":"The Lab","player_choice":"Got Potions","floor":7,"damage_taken":0},{"event_name":"Beggar","player_choice":"Gave Gold","floor":19,"damage_taken":0},{"event_name":"Ghosts","player_choice":"Became a Ghost","floor":20,"damage_taken":0}],"boss_relics":[{"not_picked":["Orrery","Runic Pyramid"],"picked":"Mark of Pain"}],"potions_floor_spawned":[2,5,14,23,25,29],"seed_played":"-4915286221379484106","killed_by":"Collector","ascension_level":0,"is_trial":false}