{"gold_per_floor":[112,39,57,71,71,71,102,117,117,130,130,130,161,186,198,210],"floor_reached":16,"playtime":782,"items_purged":[],"score":118,"play_id":"d39321b6-b743-4a92-af00-10e5159ec29e","local_time":"20181210192548","is_ascension_mode":true,"campfire_choices":[{"data":"Neutralize","floor":6,"key":"SMITH"},{"data":"Night Terror","floor":12,"key":"SMITH"},{"floor":15,"key":"REST"}],"neow_cost":"NONE","seed_source_timestamp":687691330055532,"circlet_count":0,"master_deck":["Defend_G","Defend_G","Defend_G","Defend_G","Defend_G","Strike_G","Strike_G","Strike_G","Strike_G","Strike_G","Survivor","Neutralize+1","Sucker Punch","Noxious Fumes","Night Terror+1","Distraction","Regret","Tactician","Heel Hook","Envenom","Backstab"],"relics":["Ring of the Snake","Darkstone Periapt","Blue Candle","Meat on the Bone","Centennial Puzzle","MawBank"],"potions_floor_usage":[0,4,7,7,8,13,13],"damage_taken":[{"damage":0,"enemies":"Jaw Worm","floor":1,"turns":6},{"damage":0,"enemies":"Cultist","floor":3,"turns":4},{"damage":1,"enemies":"2 Louse","floor":4,"turns":3},{"damage":28,"enemies":"3 Sentries","floor":7,"turns":8},{"damage":16,"enemies":"2 Fungi Beasts","floor":8,"turns":5},{"damage":7,"enemies":"Exordium Wildlife","floor":10,"turns":5},{"damage":33,"enemies":"Gremlin Nob","floor":13,"turns":5},{"damage":11,"enemies":"Looter","floor":14,"turns":5},{"damage":53,"enemies":"Slime Boss","floor":16,"turns":8}],"seed_played":"6115498335432116317","potions_obtained":[{"floor":0,"key":"SteroidPotion"},{"floor":0,"key":"PowerPotion"},{"floor":0,"key":"Fruit Juice"},{"floor":3,"key":"Poison Potion"},{"floor":4,"key":"Poison Potion"},{"floor":7,"key":"LiquidBronze"},{"floor":8,"key":"Energy Potion"},{"floor":13,"key":"FearPotion"}],"is_trial":false,"path_per_floor":["M","$","M","M","?","R","E","M","T","M","T","R","E","M","R","B"],"character_chosen":"THE_SILENT","items_purchased":["Noxious Fumes"],"campfire_rested":1,"item_purchase_floors":[2],"current_hp_per_floor":[75,75,75,74,80,80,52,36,36,41,41,41,20,21,45,0],"gold":210,"neow_bonus":"THREE_SMALL_POTIONS","is_prod":false,"is_daily":false,"chose_seed":false,"campfire_upgraded":2,"win_rate":0,"timestamp":1544466348,"path_taken":["M","$","M","M","?","R","E","M","T","M","?","R","E","?","R","BOSS"],"build_version":"2018-12-06","purchased_purges":0,"victory":false,"max_hp_per_floor":[75,75,75,75,81,81,81,81,81,81,81,81,81,81,81,81],"card_choices":[{"not_picked":["Dodge and Roll","Distraction"],"picked":"Sucker Punch","floor":1},{"not_picked":["Bane","Cloak And Dagger"],"picked":"Night Terror","floor":3},{"not_picked":["Cloak And Dagger","Tactician"],"picked":"Distraction","floor":4},{"not_picked":["Acrobatics","Finisher"],"picked":"Tactician","floor":7},{"not_picked":["Blade Dance","Eviscerate","Dagger Throw"],"picked":"SKIP","floor":8},{"not_picked":["PiercingWail","Grand Finale"],"picked":"Heel Hook","floor":10},{"not_picked":["Burst","Infinite Blades"],"picked":"Envenom","floor":13},{"not_picked":["Bane","Dodge and Roll"],"picked":"Backstab","floor":14}],"player_experience":379631,"relics_obtained":[{"floor":7,"key":"Blue Candle"},{"floor":9,"key":"Meat on the Bone"},{"floor":11,"key":"Centennial Puzzle"},{"floor":13,"key":"MawBank"}],"event_choices":[{"damage_healed":0,"gold_gain":0,"player_choice":"Box","damage_taken":0,"relics_obtained":["Darkstone Periapt"],"max_hp_gain":0,"max_hp_loss":0,"event_name":"Big Fish","floor":5,"gold_loss":0,"cards_obtained":["Regret"]}],"is_beta":false,"boss_relics":[],"items_purged_floors":[],"is_endless":false,"potions_floor_spawned":[3,4,7,8,13],"killed_by":"Slime Boss","ascension_level":1}