{"gold_per_floor":[118,133,147,147,147,147,174,449,506,88,137,151,162,179,179,280,280,300,289,289,305,305],"floor_reached":22,"playtime":3344,"items_purged":["Defend_G"],"score":233,"play_id":"27e35151-64eb-4b15-af65-eb1117dc0f1a","local_time":"20190226004203","is_ascension_mode":true,"campfire_choices":[{"data":"Slice","floor":6,"key":"SMITH"},{"floor":15,"key":"REST"}],"neow_cost":"NONE","seed_source_timestamp":97550140531364,"circlet_count":0,"master_deck":["Defend_G","Defend_G","Defend_G","Defend_G","Strike_G","Strike_G","Strike_G","Survivor","Neutralize+1","Slice","Deflect","Slice+1","Well Laid Plans","Dodge and Roll","Regret","Magnetism","Noxious Fumes","Finisher","Prepared","Slice","A Thousand Cuts","Blade Dance","Slice","RitualDagger","Prepared+1"],"relics":["Ring of the Serpent","Juzu Bracelet","Tiny Chest","PreservedInsect","Meat on the Bone"],"potions_floor_usage":[7,11,11,19],"damage_taken":[{"damage":11,"enemies":"Jaw Worm","floor":1,"turns":5},{"damage":1,"enemies":"Cultist","floor":2,"turns":4},{"damage":0,"enemies":"Small Slimes","floor":3,"turns":3},{"damage":16,"enemies":"Lagavulin","floor":7,"turns":10},{"damage":11,"enemies":"Gremlin Nob","floor":11,"turns":4},{"damage":5,"enemies":"Looter","floor":12,"turns":4},{"damage":1,"enemies":"2 Fungi Beasts","floor":13,"turns":4},{"damage":14,"enemies":"Exordium Thugs","floor":14,"turns":6},{"damage":28,"enemies":"The Guardian","floor":16,"turns":9},{"damage":20,"enemies":"Chosen","floor":18,"turns":6},{"damage":8,"enemies":"2 Thieves","floor":19,"turns":4},{"damage":35,"enemies":"Cultist and Chosen","floor":21,"turns":7},{"damage":19,"enemies":"Sentry and Sphere","floor":22,"turns":3}],"seed_played":"8295516468127495776","potions_obtained":[{"floor":1,"key":"Dexterity Potion"},{"floor":3,"key":"GamblersBrew"},{"floor":7,"key":"AttackPotion"},{"floor":13,"key":"Ancient Potion"},{"floor":18,"key":"Block Potion"},{"floor":21,"key":"Weak Potion"}],"is_trial":false,"path_per_floor":["M","M","M","?","?","R","E","?","T","$","E","M","M","M","R","B",null,"M","M","?","M","M"],"character_chosen":"THE_SILENT","items_purchased":["PreservedInsect","Magnetism"],"campfire_rested":1,"item_purchase_floors":[10,10],"current_hp_per_floor":[59,58,58,58,58,58,42,42,42,42,31,38,37,35,56,40,70,50,42,36,13,0],"gold":305,"neow_bonus":"UPGRADE_CARD","is_prod":false,"is_daily":false,"chose_seed":false,"campfire_upgraded":1,"win_rate":0,"timestamp":1551159723,"path_taken":["M","M","M","?","?","R","E","?","T","?","E","M","M","M","R","BOSS","M","M","?","M","M"],"build_version":"2019-01-23","purchased_purges":1,"victory":false,"max_hp_per_floor":[70,70,70,70,70,70,70,70,70,70,70,70,70,70,70,70,70,70,70,70,70,70],"card_choices":[{"not_picked":["Choke","Flechettes"],"picked":"Slice","floor":1},{"not_picked":["Backflip","Prepared"],"picked":"Deflect","floor":2},{"not_picked":["Deflect","Crippling Poison"],"picked":"Slice","floor":3},{"not_picked":["PiercingWail","Predator"],"picked":"Dodge and Roll","floor":7},{"not_picked":["Sucker Punch","Predator"],"picked":"Noxious Fumes","floor":11},{"not_picked":["Underhanded Strike","Glass Knife"],"picked":"Finisher","floor":12},{"not_picked":["Dodge and Roll","Expertise"],"picked":"Prepared","floor":13},{"not_picked":["Underhanded Strike","Dodge and Roll"],"picked":"Slice","floor":14},{"not_picked":["Storm of Steel","Night Terror"],"picked":"A Thousand Cuts","floor":16},{"not_picked":["Acrobatics","Escape Plan+1"],"picked":"Blade Dance","floor":18},{"not_picked":["Flechettes","Catalyst+1"],"picked":"Slice","floor":19},{"not_picked":["Deadly Poison+1","Bane"],"picked":"Prepared+1","floor":21}],"player_experience":468745,"relics_obtained":[{"floor":7,"key":"Juzu Bracelet"},{"floor":9,"key":"Tiny Chest"},{"floor":11,"key":"Meat on the Bone"}],"event_choices":[{"cards_removed":["Strike_G"],"damage_healed":0,"gold_gain":0,"player_choice":"Forget","damage_taken":0,"max_hp_gain":0,"max_hp_loss":0,"event_name":"Living Wall","floor":4,"gold_loss":0},{"damage_healed":0,"gold_gain":0,"cards_transformed":["Strike_G"],"player_choice":"Transformed","damage_taken":0,"max_hp_gain":0,"max_hp_loss":0,"event_name":"Transmorgrifier","floor":5,"gold_loss":0,"cards_obtained":["Well Laid Plans"]},{"damage_healed":0,"gold_gain":275,"player_choice":"Desecrate","damage_taken":0,"max_hp_gain":0,"max_hp_loss":0,"event_name":"Golden Shrine","floor":8,"gold_loss":0,"cards_obtained":["Regret"]},{"damage_healed":0,"gold_gain":0,"player_choice":"Joined the Cult","damage_taken":6,"max_hp_gain":0,"max_hp_loss":0,"event_name":"Nest","floor":20,"gold_loss":0,"cards_obtained":["RitualDagger"]}],"is_beta":false,"boss_relics":[{"not_picked":["Coffee Dripper","Busted Crown"],"picked":"Ring of the Serpent"}],"items_purged_floors":[10],"is_endless":false,"potions_floor_spawned":[1,3,7,13,18,21],"killed_by":"Sentry and Sphere","ascension_level":1}