{"gold_per_floor":[109,121,132,151,43,71,71,85,162,162,176,208,208,226,226,329,329,341,420,440,450,450,450,479,479,506,521,521],"floor_reached":28,"playtime":3505,"items_purged":["Strike_B"],"score":252,"play_id":"a32ef7cb-3b83-4f30-b5b5-42b7b5a5448c","local_time":"20190216170414","is_ascension_mode":false,"campfire_choices":[{"data":"Rebound","floor":7,"key":"SMITH"},{"data":"Redo","floor":13,"key":"SMITH"},{"floor":15,"key":"REST"},{"data":"Zap","floor":23,"key":"SMITH"},{"data":"Redo","floor":25,"key":"SMITH"}],"neow_cost":"NONE","seed_source_timestamp":484734344146830,"circlet_count":0,"master_deck":["Strike_B","Defend_B","Defend_B","Defend_B","Defend_B","Zap+1","Dualcast","Cold Snap","Redo+1","Rebound+1","Darkness","FTL","Glacier","Hologram","Sweeping Beam","Seek","All For One","Beam Cell","Multi-Cast","Coolheaded+1","Redo+1","Scrape+1","Reprogram","Hologram"],"relics":["Cracked Core","PreservedInsect","Ornamental Fan","Nunchaku","Eternal Feather","Sundial","Boot","Ancient Tea Set"],"potions_floor_usage":[6,11,12,16,21],"damage_taken":[{"damage":0,"enemies":"Cultist","floor":1,"turns":4},{"damage":0,"enemies":"Jaw Worm","floor":2,"turns":3},{"damage":0,"enemies":"2 Louse","floor":3,"turns":2},{"damage":0,"enemies":"Large Slime","floor":4,"turns":4},{"damage":25,"enemies":"3 Sentries","floor":6,"turns":8},{"damage":5,"enemies":"Blue Slaver","floor":8,"turns":3},{"damage":5,"enemies":"Exordium Wildlife","floor":11,"turns":2},{"damage":10,"enemies":"Lagavulin","floor":12,"turns":4},{"damage":0,"enemies":"Large Slime","floor":14,"turns":4},{"damage":17,"enemies":"The Guardian","floor":16,"turns":8},{"damage":31,"enemies":"3 Byrds","floor":18,"turns":5},{"damage":0,"enemies":"Spheric Guardian","floor":20,"turns":3},{"damage":16,"enemies":"Chosen and Byrds","floor":21,"turns":7},{"damage":29,"enemies":"Gremlin Leader","floor":24,"turns":9},{"damage":4,"enemies":"Centurion and Healer","floor":27,"turns":2},{"damage":32,"enemies":"Snake Plant","floor":28,"turns":2}],"seed_played":"8835807280796543417","potions_obtained":[{"floor":4,"key":"Weak Potion"},{"floor":6,"key":"AttackPotion"},{"floor":8,"key":"AttackPotion"},{"floor":11,"key":"Ancient Potion"},{"floor":14,"key":"Regen Potion"},{"floor":18,"key":"Swift Potion"},{"floor":24,"key":"Explosive Potion"}],"is_trial":false,"path_per_floor":["M","M","M","M","$","E","R","M","T","?","M","E","R","M","R","B",null,"M","T","M","M","?","R","E","R","T","M","M"],"character_chosen":"DEFECT","items_purchased":["FTL"],"campfire_rested":1,"item_purchase_floors":[5],"current_hp_per_floor":[82,82,82,82,82,57,57,52,52,52,47,37,37,37,61,59,82,51,51,51,35,35,47,18,30,30,26,0],"gold":521,"neow_bonus":"TEN_PERCENT_HP_BONUS","is_prod":false,"is_daily":false,"chose_seed":false,"campfire_upgraded":4,"win_rate":0.0,"timestamp":1550354654,"path_taken":["M","M","?","M","$","E","R","M","T","?","M","E","R","?","R","BOSS","M","?","?","M","?","R","E","R","T","M","M"],"build_version":"2019-01-23","purchased_purges":1,"victory":false,"max_hp_per_floor":[82,82,82,82,82,82,82,82,82,82,82,82,82,82,82,82,82,82,82,82,82,82,82,82,82,82,82,82],"card_choices":[{"not_picked":["Streamline","Steam"],"picked":"Cold Snap","floor":1},{"not_picked":["Skim","Storm"],"picked":"Redo","floor":2},{"not_picked":["Skim","White Noise"],"picked":"Rebound","floor":3},{"not_picked":["Ball Lightning","Barrage"],"picked":"Darkness","floor":4},{"not_picked":["Force Field","Coolheaded"],"picked":"Glacier","floor":6},{"not_picked":["Glacier","Barrage"],"picked":"Hologram","floor":8},{"not_picked":["Leap","Ball Lightning"],"picked":"Seek","floor":11},{"not_picked":["Double Energy","Stack"],"picked":"All For One","floor":12},{"not_picked":["Undo","Compile Driver"],"picked":"Beam Cell","floor":14},{"not_picked":["Electrodynamics","Machine Learning"],"picked":"Multi-Cast","floor":16},{"not_picked":["Steam","Undo"],"picked":"Coolheaded+1","floor":18},{"not_picked":["Streamline","Reprogram"],"picked":"Redo","floor":20},{"not_picked":["Self Repair","Genetic Algorithm+1"],"picked":"Scrape+1","floor":21},{"not_picked":["Consume","Hello World"],"picked":"Reprogram","floor":24},{"not_picked":["Static Discharge","Leap+1"],"picked":"Hologram","floor":27}],"player_experience":35402,"relics_obtained":[{"floor":6,"key":"PreservedInsect"},{"floor":9,"key":"Ornamental Fan"},{"floor":12,"key":"Nunchaku"},{"floor":19,"key":"Sundial"},{"floor":24,"key":"Boot"},{"floor":26,"key":"Ancient Tea Set"}],"event_choices":[{"damage_healed":0,"gold_gain":0,"cards_transformed":["Strike_B"],"player_choice":"Transformed","damage_taken":0,"max_hp_gain":0,"max_hp_loss":0,"event_name":"Transmorgrifier","floor":10,"gold_loss":0,"cards_obtained":["Sweeping Beam"]},{"cards_removed":["Strike_B"],"damage_healed":0,"gold_gain":0,"player_choice":"Elegance","damage_taken":0,"max_hp_gain":0,"max_hp_loss":0,"event_name":"Back to Basics","floor":22,"gold_loss":0}],"is_beta":false,"boss_relics":[{"not_picked":["White Beast Statue","Inserter"],"picked":"Eternal Feather"}],"items_purged_floors":[5],"is_endless":false,"potions_floor_spawned":[4,6,8,11,14,18,24],"killed_by":"Snake Plant","ascension_level":0}