{"path_per_floor":["M","M","M","M","?","E","?","$","T","?","M","R","M","$","R","B",null,"M","?","M","M","M","R","M","R","T","M","M","?","M","M","R"],"character_chosen":"THE_SILENT","items_purchased":["Poisoned Stab"],"gold_per_floor":[119,132,151,132,132,159,159,39,39,92,107,107,127,27,27,127,127,137,137,154,170,184,184,202,202,229,243,261,176,189,209,209,209],"floor_reached":33,"campfire_rested":5,"playtime":3112,"current_hp_per_floor":[66,62,57,46,32,3,3,3,3,3,3,24,24,24,45,7,70,57,57,33,9,6,27,26,47,47,44,35,35,12,4,25,0],"items_purged":["Strike_G","Strike_G"],"gold":209,"score":293,"play_id":"5fc5eb2b-29e2-43b6-ae16-94a5a16a538b","local_time":"20180421055159","is_prod":false,"is_daily":false,"chose_seed":false,"is_ascension_mode":true,"campfire_upgraded":0,"timestamp":1524304319,"path_taken":["M","M","M","?","?","E","?","?","T","?","M","R","M","$","R","BOSS","M","?","M","M","?","R","M","R","T","M","M","?","M","M","R","BOSS"],"build_version":"2018-04-19","seed_source_timestamp":0,"purchased_purges":2,"victory":false,"master_deck":["Survivor","Neutralize","Corpse Explosion","All Out Attack","Bane+1","Blur","Poisoned Stab","Dodge and Roll","Dramatic Entrance","Poisoned Stab","Slice","Poisoned Stab","Wraith Form v2","Catalyst+1","Poisoned Stab","Dodge and Roll+1","Flying Knee","Caltrops","Deadly Poison+1","Underhanded Strike","Infinite Blades","Bane","Escape Plan+1","Blur+1","Poisoned Stab","Terror+1","Footwork","Backflip+1","Distraction+1","Dodge and Roll+1"],"max_hp_per_floor":[70,70,70,70,70,70,70,70,70,70,70,70,70,70,70,70,70,70,70,70,70,70,70,70,70,70,70,70,70,70,70,70,70],"relics":["Ring of the Snake","Whetstone","Toxic Egg 2","Pandora\u0027s Box","Anchor","Mercury Hourglass"],"card_choices":[{"not_picked":["Underhanded Strike","Flying Knee"],"picked":"All Out Attack","floor":1.0},{"not_picked":["PiercingWail","All Out Attack"],"picked":"Bane","floor":2.0},{"not_picked":["Calculated Gamble","PiercingWail"],"picked":"Blur","floor":3.0},{"not_picked":["Well Laid Plans","Bane"],"picked":"Poisoned Stab","floor":4.0},{"not_picked":["Blur","Underhanded Strike"],"picked":"Dodge and Roll","floor":6.0},{"not_picked":["Concentrate","Expertise"],"picked":"Slice","floor":11.0},{"not_picked":["Prepared","Masterful Stab"],"picked":"Poisoned Stab","floor":13.0},{"not_picked":["Doppelganger","Grand Finale"],"picked":"Wraith Form v2","floor":16.0},{"not_picked":["Poisoned Stab","Underhanded Strike"],"picked":"Bane","floor":18.0},{"not_picked":["Acrobatics","Finisher"],"picked":"Escape Plan","floor":20.0},{"not_picked":["Concentrate","Caltrops"],"picked":"Blur","floor":21},{"not_picked":["Riddle With Holes","Predator"],"picked":"Poisoned Stab","floor":22},{"not_picked":["Concentrate","Dagger Spray"],"picked":"Terror","floor":24},{"not_picked":["Accuracy","Deflect"],"picked":"Footwork","floor":27},{"not_picked":["Cloak And Dagger","Prepared"],"picked":"Backflip","floor":28},{"not_picked":["Backflip","Underhanded Strike"],"picked":"Distraction","floor":30},{"not_picked":["Quick Slash","Flying Knee"],"picked":"Dodge and Roll","floor":31}],"player_experience":265327,"potions_floor_usage":[21,31,33,33],"damage_taken":[{"damage":4.0,"enemies":"Cultist","floor":1.0,"turns":5.0},{"damage":4.0,"enemies":"2 Louse","floor":2.0,"turns":2.0},{"damage":5.0,"enemies":"Jaw Worm","floor":3.0,"turns":4.0},{"damage":11.0,"enemies":"Exordium Thugs","floor":4.0,"turns":5.0},{"damage":29.0,"enemies":"Lagavulin","floor":6.0,"turns":7.0},{"damage":0.0,"enemies":"3 Louse","floor":11.0,"turns":2.0},{"damage":0.0,"enemies":"Lots of Slimes","floor":13.0,"turns":1.0},{"damage":38.0,"enemies":"The Guardian","floor":16.0,"turns":11.0},{"damage":13.0,"enemies":"2 Thieves","floor":18.0,"turns":5.0},{"damage":24.0,"enemies":"Spheric Guardian","floor":20.0,"turns":5.0},{"damage":24,"enemies":"Centurion and Healer","floor":21,"turns":4},{"damage":3,"enemies":"Snake Plant","floor":22,"turns":4},{"damage":1,"enemies":"Snecko","floor":24,"turns":6},{"damage":3,"enemies":"Centurion and Healer","floor":27,"turns":7},{"damage":9,"enemies":"Snake Plant","floor":28,"turns":3},{"damage":23,"enemies":"3 Cultists","floor":30,"turns":5},{"damage":8,"enemies":"Centurion and Healer","floor":31,"turns":4},{"damage":36,"enemies":"Collector","floor":33,"turns":5}],"event_choices":[{"event_name":"Shining Light","player_choice":"Entered Light","floor":5.0,"damage_taken":0.0},{"event_name":"Match and Keep!","player_choice":"1 cards matched","floor":7.0,"damage_taken":0.0},{"event_name":"Golden Wing","player_choice":"Gained Gold","floor":10.0,"damage_taken":0.0},{"event_name":"Ghosts","player_choice":"Ignored","floor":19.0,"damage_taken":0.0},{"event_name":"Addict","player_choice":"Obtained Relic","floor":29,"damage_taken":0}],"boss_relics":[],"potions_floor_spawned":[3,4,11,16,18,27,28,30,31],"seed_played":"8711811646485886112","killed_by":"Collector","ascension_level":1,"is_trial":false}