{"gold_per_floor":[20,36,111,76,92,122,122,134,160,160,160,37,65,95,107,119],"floor_reached":16,"playtime":428,"items_purged":[],"score":160,"play_id":"e7a7099b-c703-4372-96f1-aeb6bd49881a","local_time":"20190301225451","is_ascension_mode":true,"campfire_choices":[{"floor":7,"key":"REST"},{"data":"Zap","floor":10,"key":"SMITH"},{"data":"Turbo","floor":15,"key":"SMITH"}],"neow_cost":"NO_GOLD","seed_source_timestamp":279725598416812,"circlet_count":0,"master_deck":["Strike_B","Strike_B","Strike_B","Strike_B","Defend_B","Defend_B","Defend_B","Defend_B","Zap+1","Dualcast","Sweeping Beam","Ball Lightning","Redo","Gash","Electrodynamics","Turbo+1","Ball Lightning","Leap","Glacier","Self Repair"],"relics":["Cracked Core","StoneCalendar","Vajra","Strawberry","MawBank"],"potions_floor_usage":[6,13],"damage_taken":[{"damage":9,"enemies":"Jaw Worm","floor":1,"turns":3},{"damage":2,"enemies":"2 Louse","floor":2,"turns":2},{"damage":10,"enemies":"Small Slimes","floor":5,"turns":2},{"damage":40,"enemies":"Lagavulin","floor":6,"turns":5},{"damage":0,"enemies":"Exordium Thugs","floor":8,"turns":3},{"damage":8,"enemies":"Gremlin Nob","floor":13,"turns":3},{"damage":7,"enemies":"Looter","floor":14,"turns":3},{"damage":74,"enemies":"The Guardian","floor":16,"turns":12}],"seed_played":"3951658099390125695","potions_obtained":[{"floor":1,"key":"SpeedPotion"},{"floor":2,"key":"Poison Potion"},{"floor":8,"key":"AttackPotion"}],"is_trial":false,"path_per_floor":["M","M","?","?","M","E","R","M","T","R","?","$","E","M","R","B"],"character_chosen":"DEFECT","items_purchased":["Turbo","Ball Lightning","Leap"],"campfire_rested":1,"item_purchase_floors":[12,12,12],"current_hp_per_floor":[59,57,46,64,54,14,36,36,43,43,70,70,62,55,55,0],"gold":119,"neow_bonus":"ONE_RARE_RELIC","is_prod":false,"is_daily":false,"chose_seed":false,"campfire_upgraded":2,"win_rate":0,"timestamp":1551477291,"path_taken":["M","M","?","?","M","E","R","?","T","R","?","?","E","M","R","BOSS"],"build_version":"2019-01-23","purchased_purges":0,"victory":false,"max_hp_per_floor":[75,75,75,75,75,75,75,75,82,82,82,82,82,82,82,82],"card_choices":[{"not_picked":["Hologram","Tempest"],"picked":"Sweeping Beam","floor":1},{"not_picked":["Consume","Auto Shields"],"picked":"Ball Lightning","floor":2},{"not_picked":["Hologram","Gash"],"picked":"Redo","floor":5},{"not_picked":["Streamline","Genetic Algorithm"],"picked":"Gash","floor":6},{"not_picked":["Leap","Steam"],"picked":"Electrodynamics","floor":8},{"not_picked":["Conserve Battery","Fusion"],"picked":"Glacier","floor":13},{"not_picked":["Rebound","Sweeping Beam"],"picked":"Self Repair","floor":14}],"player_experience":816706,"relics_obtained":[{"floor":6,"key":"Vajra"},{"floor":9,"key":"Strawberry"},{"floor":13,"key":"MawBank"}],"event_choices":[{"damage_healed":0,"gold_gain":75,"player_choice":"Gather Gold","damage_taken":11,"max_hp_gain":0,"max_hp_loss":0,"event_name":"World of Goop","floor":3,"gold_loss":0},{"damage_healed":18,"gold_gain":0,"player_choice":"Healed","damage_taken":0,"max_hp_gain":0,"max_hp_loss":0,"event_name":"The Cleric","floor":4,"gold_loss":35},{"damage_healed":27,"gold_gain":0,"player_choice":"Banana","damage_taken":0,"max_hp_gain":0,"max_hp_loss":0,"event_name":"Big Fish","floor":11,"gold_loss":0}],"is_beta":false,"boss_relics":[],"items_purged_floors":[],"is_endless":false,"potions_floor_spawned":[1,2,8],"killed_by":"The Guardian","ascension_level":9}