{"gold_per_floor":[110,125,141,156,156,156,156,167,167,194,212,212,236,247,247,346,346,311,411,143,143,160,172,172,172,199,216,216,232,112,112,112,210,210,222,222,222,268,278,278,295,310,310,310,320,331,34,44,44,44],"floor_reached":51,"playtime":3566,"items_purged":["Regret","True Grit"],"score":643,"play_id":"f96d6bfa-6a28-415b-8b14-909bacfd7833","local_time":"20180929190728","is_ascension_mode":false,"campfire_choices":[{"data":"Bash","floor":6,"key":"SMITH"},{"floor":15,"key":"REST"},{"data":"Whirlwind","floor":24,"key":"SMITH"},{"data":"Inflame","floor":28,"key":"SMITH"},{"floor":32,"key":"REST"},{"data":"Clash","floor":40,"key":"SMITH"},{"floor":49,"key":"REST"}],"neow_cost":"CURSE","seed_source_timestamp":9831807105320,"circlet_count":0,"master_deck":["Strike_R+1","Strike_R+1","Strike_R+1","Strike_R+1","Strike_R+1","Defend_R+1","Defend_R+1","Defend_R+1","Defend_R+1","Bash+1","Armaments+1","Flame Barrier+1","Shrug It Off+1","Shrug It Off+1","Double Tap+1","Clash+1","Inflame+1","Whirlwind+1","Flame Barrier+1","Warcry+1","Blind+1","Limit Break+1","Master of Strategy+1","Headbutt","Inflame","Cleave","Pommel Strike+1","Headbutt"],"relics":["Burning Blood","Incense Burner","Toxic Egg 2","Mercury Hourglass","Bag of Preparation","Strawberry","Philosopher\u0027s Stone","Torii","Kunai","Red Skull","MutagenicStrength","Happy Flower","Busted Crown","Charon\u0027s Ashes","Pantograph","Bird Faced Urn","ClockworkSouvenir"],"potions_floor_usage":[19,19,19,50],"damage_taken":[{"damage":17,"enemies":"Jaw Worm","floor":1,"turns":4},{"damage":4,"enemies":"2 Louse","floor":2,"turns":3},{"damage":8,"enemies":"Small Slimes","floor":3,"turns":5},{"damage":45,"enemies":"Exordium Thugs","floor":4,"turns":8},{"damage":10,"enemies":"Blue Slaver","floor":8,"turns":5},{"damage":7,"enemies":"Red Slaver","floor":11,"turns":5},{"damage":7,"enemies":"Large Slime","floor":14,"turns":7},{"damage":26,"enemies":"Slime Boss","floor":16,"turns":15},{"damage":11,"enemies":"2 Thieves","floor":18,"turns":5},{"damage":37,"enemies":"Colosseum Slavers","floor":19,"turns":7},{"damage":22,"enemies":"Colosseum Nobs","floor":19,"turns":5},{"damage":0,"enemies":"Shell Parasite","floor":22,"turns":5},{"damage":17,"enemies":"Snecko","floor":23,"turns":4},{"damage":0,"enemies":"3 Cultists","floor":27,"turns":3},{"damage":0,"enemies":"Snake Plant","floor":29,"turns":2},{"damage":43,"enemies":"Collector","floor":33,"turns":8},{"damage":0,"enemies":"3 Darklings","floor":35,"turns":2},{"damage":13,"enemies":"Mysterious Sphere","floor":38,"turns":3},{"damage":0,"enemies":"Orb Walker","floor":39,"turns":2},{"damage":30,"enemies":"Transient","floor":41,"turns":5},{"damage":0,"enemies":"Reptomancer","floor":42,"turns":2},{"damage":17,"enemies":"Mind Bloom Boss Battle","floor":44,"turns":5},{"damage":0,"enemies":"3 Darklings","floor":45,"turns":1},{"damage":27,"enemies":"Maw","floor":46,"turns":4},{"damage":23,"enemies":"Spire Growth","floor":48,"turns":4},{"damage":36,"enemies":"Time Eater","floor":50,"turns":5}],"seed_played":"-8370812317093978292","potions_obtained":[{"floor":1,"key":"SteroidPotion"},{"floor":8,"key":"SteroidPotion"},{"floor":11,"key":"SpeedPotion"},{"floor":16,"key":"SteroidPotion"},{"floor":19,"key":"SkillPotion"},{"floor":22,"key":"Block Potion"},{"floor":23,"key":"Ancient Potion"},{"floor":35,"key":"Weak Potion"},{"floor":45,"key":"FairyPotion"}],"is_trial":false,"path_per_floor":["M","M","M","M","?","R","T","M","T","T","M","?","T","M","R","B",null,"M","?","$","?","M","M","R","?","T","M","R","M","$","?","R","B",null,"M","?","?","?","M","R","M","M","T","?","M","M","$","M","R","B"],"character_chosen":"IRONCLAD","items_purchased":["Inflame","Red Skull","Warcry+1","Blind+1","ClockworkSouvenir"],"campfire_rested":3,"item_purchase_floors":[20,20,30,30,47],"current_hp_per_floor":[69,71,69,30,30,30,30,26,26,26,25,51,58,57,83,63,87,82,35,35,35,41,30,30,30,30,36,36,42,42,42,68,31,87,87,87,87,80,86,86,62,68,68,76,82,65,65,52,78,59],"gold":44,"neow_bonus":"ONE_RARE_RELIC","is_prod":false,"is_daily":false,"chose_seed":false,"campfire_upgraded":4,"win_rate":0,"timestamp":1538240848,"path_taken":["M","M","M","M","?","R","?","M","T","?","?","?","?","M","R","BOSS","M","?","$","?","?","M","R","?","T","M","R","M","$","?","R","BOSS","M","?","?","?","M","R","M","M","T","?","M","M","$","M","R","BOSS"],"build_version":"2018-09-20","purchased_purges":2,"victory":true,"max_hp_per_floor":[80,80,80,80,80,80,80,80,80,80,80,80,87,87,87,87,87,87,87,87,87,87,87,87,87,87,87,87,87,87,87,87,87,87,87,87,87,87,87,87,87,87,87,87,87,87,87,87,87,87],"card_choices":[{"not_picked":["Wild Strike","Perfected Strike"],"picked":"Armaments","floor":1},{"not_picked":["Pummel","Corruption","Feel No Pain"],"picked":"SKIP","floor":2},{"not_picked":["Corruption","Rupture","Anger"],"picked":"SKIP","floor":3},{"not_picked":["Heavy Blade","Blood for Blood"],"picked":"True Grit","floor":4},{"not_picked":["True Grit+1","Sever Soul"],"picked":"Flame Barrier+1","floor":8},{"not_picked":["True Grit+1","Rampage"],"picked":"Shrug It Off+1","floor":11},{"not_picked":["Blood for Blood","Perfected Strike"],"picked":"Shrug It Off+1","floor":14},{"not_picked":["Dark Embrace","Immolate"],"picked":"Double Tap+1","floor":16},{"not_picked":["Feel No Pain","Rupture+1"],"picked":"Clash","floor":18},{"not_picked":["Uppercut+1","Heavy Blade"],"picked":"Whirlwind","floor":22},{"not_picked":["Second Wind+1","Corruption+1","Pommel Strike"],"picked":"SKIP","floor":23},{"not_picked":["Clothesline","Hemokinesis","Evolve"],"picked":"SKIP","floor":27},{"not_picked":["Twin Strike","Reckless Charge"],"picked":"Flame Barrier+1","floor":29},{"not_picked":["Impervious+1","Bludgeon"],"picked":"Limit Break+1","floor":33},{"not_picked":["Thunderclap"],"picked":"SKIP","floor":35},{"not_picked":[],"picked":"Master of Strategy+1","floor":37},{"not_picked":[],"picked":"Headbutt","floor":38},{"not_picked":["Anger+1"],"picked":"SKIP","floor":39},{"not_picked":[],"picked":"Inflame","floor":41},{"not_picked":[],"picked":"Cleave","floor":42},{"not_picked":[],"picked":"Pommel Strike+1","floor":44},{"not_picked":["Pommel Strike+1"],"picked":"SKIP","floor":45},{"not_picked":[],"picked":"Headbutt","floor":46},{"not_picked":["Wild Strike+1"],"picked":"SKIP","floor":48}],"player_experience":29880,"relics_obtained":[{"floor":7,"key":"Toxic Egg 2"},{"floor":9,"key":"Mercury Hourglass"},{"floor":10,"key":"Bag of Preparation"},{"floor":13,"key":"Strawberry"},{"floor":19,"key":"Torii"},{"floor":19,"key":"Kunai"},{"floor":26,"key":"Happy Flower"},{"floor":38,"key":"Charon\u0027s Ashes"},{"floor":43,"key":"Pantograph"},{"floor":44,"key":"Bird Faced Urn"}],"event_choices":[{"event_name":"Living Wall","player_choice":"Grow","floor":5,"damage_taken":0},{"event_name":"Big Fish","player_choice":"Banana","floor":12,"damage_taken":0},{"event_name":"Colosseum","player_choice":"Fight","floor":19,"damage_taken":0},{"event_name":"Colosseum","player_choice":"Fought Nobs","floor":19,"damage_taken":0},{"event_name":"Drug Dealer","player_choice":"Inject Mutagens","floor":21,"damage_taken":0},{"event_name":"Beggar","player_choice":"Ignored","floor":25,"damage_taken":0},{"event_name":"Back to Basics","player_choice":"Simplicity","floor":31,"damage_taken":0},{"event_name":"The Woman in Blue","player_choice":"Bought 0 Potions","floor":36,"damage_taken":0},{"event_name":"SensoryStone","player_choice":"Memory 1","floor":37,"damage_taken":0},{"event_name":"Mysterious Sphere","player_choice":"Fight","floor":38,"damage_taken":0},{"event_name":"MindBloom","player_choice":"Fight","floor":44,"damage_taken":0}],"is_beta":false,"boss_relics":[{"not_picked":["Empty Cage","White Beast Statue"],"picked":"Philosopher\u0027s Stone"},{"not_picked":["Runic Pyramid","Black Blood"],"picked":"Busted Crown"}],"items_purged_floors":[20,47],"is_endless":false,"potions_floor_spawned":[1,8,11,16,19,22,23,35,38,45,46],"ascension_level":0}