{"gold_per_floor":[116,134,145,145,0,0,31,42,42,42,110,110,144,158,158,257,257,242,258,258,274,287,287,305,223,271,271,289,289,1,1,1,104,104,120,130,149,160,160,160,189,189,212,122,149,149,181,207,219,231,243,255,98,130,130],"floor_reached":56,"playtime":6771,"items_purged":["Strike_B"],"score":1374,"play_id":"f19b71ff-44a1-45cb-8458-1f2115bdf92c","local_time":"20190214200804","is_ascension_mode":true,"campfire_choices":[{"data":"Zap","floor":6,"key":"SMITH"},{"data":"Doom and Gloom","floor":10,"key":"SMITH"},{"data":"Go for the Eyes","floor":12,"key":"SMITH"},{"floor":15,"key":"REST"},{"floor":23,"key":"REST"},{"floor":27,"key":"REST"},{"floor":29,"key":"REST"},{"data":"Machine Learning","floor":32,"key":"SMITH"},{"floor":40,"key":"REST"},{"floor":42,"key":"REST"},{"floor":46,"key":"RECALL"},{"floor":49,"key":"REST"},{"floor":52,"key":"REST"}],"neow_cost":"NONE","seed_source_timestamp":139127839633949,"circlet_count":0,"master_deck":["Defend_B","Defend_B","Defend_B","Defend_B","Zap+1","Dualcast","Leap","Loop+1","Go for the Eyes+1","Consume","Doom and Gloom+1","Genetic Algorithm","Machine Learning+1","Compile Driver","Chaos+1","Leap+1","Amplify","Conserve Battery+1","Hologram","Defragment","Electrodynamics","Stack","Coolheaded","Ball Lightning","Defragment+1","Defragment","Skim+1","Conserve Battery+1","Cold Snap","Streamline","Undo+1","Parasite","Cold Snap+1"],"relics":["Cracked Core","NeowsBlessing","DataDisk","Dodecahedron","Calipers","Symbiotic Virus","Prayer Wheel","Black Star","Anchor","Fusion Hammer","Pocketwatch","Juzu Bracelet","Smiling Mask","Molten Egg 2","Ginger","MawBank","Vajra","Unceasing Top"],"potions_floor_usage":[7,14,18,21,22,33,38,50,50,55,55,55],"damage_taken":[{"damage":0,"enemies":"Cultist","floor":1,"turns":1},{"damage":0,"enemies":"Jaw Worm","floor":2,"turns":1},{"damage":0,"enemies":"Small Slimes","floor":3,"turns":1},{"damage":13,"enemies":"Lagavulin","floor":7,"turns":7},{"damage":3,"enemies":"Blue Slaver","floor":8,"turns":3},{"damage":18,"enemies":"Gremlin Nob","floor":13,"turns":3},{"damage":11,"enemies":"Gremlin Gang","floor":14,"turns":3},{"damage":0,"enemies":"Slime Boss","floor":16,"turns":4},{"damage":14,"enemies":"2 Thieves","floor":18,"turns":4},{"damage":40,"enemies":"3 Byrds","floor":19,"turns":4},{"damage":9,"enemies":"3 Cultists","floor":21,"turns":6},{"damage":9,"enemies":"Snecko","floor":22,"turns":5},{"damage":9,"enemies":"Centurion and Healer","floor":24,"turns":8},{"damage":13,"enemies":"Cultist and Chosen","floor":28,"turns":7},{"damage":1,"enemies":"Colosseum Slavers","floor":31,"turns":3},{"damage":33,"enemies":"Automaton","floor":33,"turns":12},{"damage":0,"enemies":"3 Darklings","floor":35,"turns":4},{"damage":3,"enemies":"3 Shapes","floor":36,"turns":3},{"damage":5,"enemies":"Maw","floor":37,"turns":7},{"damage":0,"enemies":"4 Shapes","floor":38,"turns":3},{"damage":15,"enemies":"Reptomancer","floor":41,"turns":5},{"damage":0,"enemies":"Giant Head","floor":45,"turns":9},{"damage":12,"enemies":"Nemesis","floor":47,"turns":7},{"damage":12,"enemies":"Writhing Mass","floor":48,"turns":5},{"damage":11,"enemies":"Time Eater","floor":50,"turns":34},{"damage":35,"enemies":"Shield and Spear","floor":54,"turns":8},{"damage":23,"enemies":"The Heart","floor":55,"turns":14}],"seed_played":"-7829462421147144810","potions_obtained":[{"floor":2,"key":"Regen Potion"},{"floor":3,"key":"Swift Potion"},{"floor":7,"key":"SpeedPotion"},{"floor":14,"key":"Explosive Potion"},{"floor":18,"key":"EssenceOfSteel"},{"floor":22,"key":"SteroidPotion"},{"floor":28,"key":"Strength Potion"},{"floor":33,"key":"Strength Potion"},{"floor":35,"key":"SpeedPotion"},{"floor":36,"key":"Fire Potion"},{"floor":41,"key":"Regen Potion"},{"floor":45,"key":"Weak Potion"}],"is_trial":false,"path_per_floor":["M","M","M","?","$","R","E","M","T","R","T","R","E","M","R","B",null,"M","M","?","M","M","R","M","$","T","R","M","R","$","?","R","B",null,"M","M","M","M","?","R","E","R","T","?","E","R","E","M","R","B",null,"R","$","E","B",null],"character_chosen":"DEFECT","items_purchased":["DataDisk","Defragment","Electrodynamics","Stack","Coolheaded","Ball Lightning","FocusPotion","Weak Potion"],"campfire_rested":8,"item_purchase_floors":[5,25,30,30,30,30,53,53],"current_hp_per_floor":[75,75,75,75,75,75,62,59,59,59,59,59,41,30,52,52,75,61,21,21,12,17,39,30,30,30,52,39,61,61,60,60,27,75,75,72,67,67,67,75,60,75,75,75,75,75,63,51,73,75,75,75,75,40,17],"gold":130,"neow_bonus":"THREE_ENEMY_KILL","is_prod":false,"is_daily":false,"chose_seed":false,"campfire_upgraded":4,"win_rate":0,"timestamp":1550192884,"path_taken":["M","M","?","?","$","R","E","M","T","R","?","R","E","M","R","BOSS","M","M","?","M","M","R","M","?","T","R","?","R","$","?","R","BOSS","M","M","M","M","?","R","E","R","T","?","E","R","E","M","R","BOSS","R","$","E","BOSS"],"build_version":"2019-01-23","purchased_purges":1,"victory":true,"max_hp_per_floor":[75,75,75,75,75,75,75,75,75,75,75,75,75,75,75,75,75,75,75,75,75,75,75,75,75,75,75,75,75,75,75,75,75,75,75,75,75,75,75,75,75,75,75,75,75,75,75,75,75,75,75,75,75,75,75],"card_choices":[{"not_picked":["Stack","Aggregate"],"picked":"Leap","floor":1},{"not_picked":["Darkness","Leap"],"picked":"Loop","floor":2},{"not_picked":["Reprogram","Melter"],"picked":"Go for the Eyes","floor":3},{"not_picked":["Gash","Conserve Battery"],"picked":"Consume","floor":7},{"not_picked":["Rip and Tear","Compile Driver"],"picked":"Doom and Gloom","floor":8},{"not_picked":["Turbo","Steam"],"picked":"Genetic Algorithm","floor":13},{"not_picked":["Redo","Steam","Gash"],"picked":"SKIP","floor":14},{"not_picked":["Darkness","Scrape","Consume"],"picked":"SKIP","floor":14},{"not_picked":["Reboot","Rainbow"],"picked":"Machine Learning","floor":16},{"not_picked":["Cold Snap+1","Darkness"],"picked":"Compile Driver","floor":18},{"not_picked":["Conserve Battery","Stack","Blizzard"],"picked":"SKIP","floor":18},{"not_picked":["Conserve Battery","Stack","Blizzard"],"picked":"SKIP","floor":18},{"not_picked":["Go for the Eyes","Beam Cell"],"picked":"Chaos+1","floor":19},{"not_picked":["Barrage","Coolheaded"],"picked":"Leap+1","floor":19},{"not_picked":["Meteor Strike","Storm"],"picked":"Conserve Battery+1","floor":21},{"not_picked":["Rebound","Streamline","Tempest+1"],"picked":"SKIP","floor":21},{"not_picked":["Conserve Battery","Force Field","Doom and Gloom"],"picked":"SKIP","floor":22},{"not_picked":["Ball Lightning","Turbo+1","Hello World"],"picked":"SKIP","floor":22},{"not_picked":["Chill","Genetic Algorithm"],"picked":"Hologram","floor":24},{"not_picked":["Barrage","Rip and Tear","Meteor Strike"],"picked":"SKIP","floor":24},{"not_picked":["Double Energy","Redo","Heatsinks"],"picked":"SKIP","floor":28},{"not_picked":["Barrage","Streamline","Reprogram"],"picked":"SKIP","floor":28},{"not_picked":["Hologram","Turbo"],"picked":"Defragment+1","floor":35},{"not_picked":["Ball Lightning","Self Repair+1"],"picked":"Defragment","floor":35},{"not_picked":["Barrage+1","Redo+1"],"picked":"Skim+1","floor":36},{"not_picked":["Go for the Eyes","Reprogram+1","Skim"],"picked":"SKIP","floor":36},{"not_picked":["Redo+1","Beam Cell+1"],"picked":"Conserve Battery+1","floor":37},{"not_picked":["Fusion+1","Blizzard+1","Stack"],"picked":"SKIP","floor":37},{"not_picked":["Force Field","Rebound+1"],"picked":"Cold Snap","floor":38},{"not_picked":["Loop","Darkness+1","Rainbow"],"picked":"SKIP","floor":38},{"not_picked":["Barrage","Redo+1","Meteor Strike"],"picked":"SKIP","floor":41},{"not_picked":["Aggregate","Genetic Algorithm","Sweeping Beam+1"],"picked":"SKIP","floor":45},{"not_picked":["Streamline+1","Sunder+1"],"picked":"Undo+1","floor":47},{"not_picked":["Fusion+1","Ball Lightning+1"],"picked":"Cold Snap+1","floor":48},{"not_picked":["Sweeping Beam+1","Chill+1","Rebound+1"],"picked":"SKIP","floor":48},{"not_picked":["Ball Lightning+1","Turbo+1","Hyperbeam+1"],"picked":"SKIP","floor":54}],"player_experience":564775,"relics_obtained":[{"floor":7,"key":"Dodecahedron"},{"floor":9,"key":"Calipers"},{"floor":11,"key":"Symbiotic Virus"},{"floor":13,"key":"Prayer Wheel"},{"floor":26,"key":"Anchor"},{"floor":41,"key":"Pocketwatch"},{"floor":41,"key":"Juzu Bracelet"},{"floor":45,"key":"Smiling Mask"},{"floor":45,"key":"Molten Egg 2"},{"floor":47,"key":"Ginger"},{"floor":47,"key":"MawBank"},{"floor":54,"key":"Vajra"},{"floor":54,"key":"Unceasing Top"}],"event_choices":[{"cards_removed":["Strike_B"],"damage_healed":0,"gold_gain":0,"player_choice":"Forget","damage_taken":0,"max_hp_gain":0,"max_hp_loss":0,"event_name":"Living Wall","floor":4,"gold_loss":0},{"damage_healed":0,"gold_gain":0,"player_choice":"1 cards matched","damage_taken":0,"max_hp_gain":0,"max_hp_loss":0,"event_name":"Match and Keep!","floor":20,"gold_loss":0,"cards_obtained":["Amplify"]},{"damage_healed":0,"gold_gain":0,"player_choice":"Fight","damage_taken":0,"max_hp_gain":0,"max_hp_loss":0,"event_name":"Colosseum","floor":31,"gold_loss":0},{"damage_healed":0,"gold_gain":0,"player_choice":"Fled From Nobs","damage_taken":0,"max_hp_gain":0,"max_hp_loss":0,"event_name":"Colosseum","floor":31,"gold_loss":0},{"damage_healed":0,"gold_gain":0,"cards_transformed":["Strike_B"],"player_choice":"Transformed","damage_taken":0,"max_hp_gain":0,"max_hp_loss":0,"event_name":"Transmorgrifier","floor":39,"gold_loss":0,"cards_obtained":["Streamline"]},{"cards_removed":["Strike_B"],"damage_healed":0,"gold_gain":0,"player_choice":"Upgrade and Remove","damage_taken":0,"max_hp_gain":0,"max_hp_loss":0,"event_name":"Designer","floor":44,"gold_loss":90,"cards_upgraded":["Loop"]}],"is_beta":false,"boss_relics":[{"not_picked":["Busted Crown","Velvet Choker"],"picked":"Black Star"},{"not_picked":["Astrolabe","Philosopher\u0027s Stone"],"picked":"Fusion Hammer"}],"items_purged_floors":[53],"is_endless":false,"potions_floor_spawned":[2,3,7,14,18,22,28,33,35,36,41,45,54],"ascension_level":2}