{"gold_per_floor":[114,134,39,39,55,55,89,89,89,89,122,122,40,109,109,228,228,247,247,272,272,372,407,432,432,456,489,489,528,528,547,547,668,668,682,697,717,145,166,197,197,231,231,231,266,290,0,68,68,68],"floor_reached":51,"playtime":3436,"items_purged":["Amplify+1"],"score":1439,"play_id":"d79176da-9afa-42c5-a73f-5f36d2322075","local_time":"20190303004325","is_ascension_mode":true,"campfire_choices":[{"data":"Beam Cell","floor":6.0,"key":"SMITH"},{"floor":10,"key":"REST"},{"floor":12,"key":"REST"},{"data":"Capacitor","floor":15,"key":"SMITH"},{"floor":25,"key":"REST"},{"floor":28,"key":"REST"},{"data":"Amplify","floor":30,"key":"SMITH"},{"floor":32,"key":"REST"},{"data":"Heatsinks","floor":44,"key":"SMITH"},{"data":"Magnetism","floor":49,"key":"SMITH"}],"neow_cost":"CURSE","seed_source_timestamp":0,"circlet_count":0,"master_deck":["AscendersBane","Strike_B","Strike_B","Strike_B","Strike_B","Defend_B","Defend_B","Defend_B","Defend_B","Zap","Dualcast","Clumsy","Coolheaded+1","Capacitor+1","Glacier+1","Streamline","Beam Cell+1","Ball Lightning","Biased Cognition","Hello World","Consume+1","Seek+1","Capacitor","Seek+1","White Noise+1","Ghostly+1","Ghostly+1","Ghostly+1","Ghostly+1","Ghostly+1","Capacitor","Recycle+1","BootSequence+1","Redo+1","Recycle+1","All For One","Glacier+1","Turbo+1","Heatsinks+1","Magnetism+1","Melter","Self Repair+1","White Noise+1"],"special_seed":0,"relics":["Cracked Core","Golden Idol","Meat on the Bone","Toxic Egg 2","Gremlin Horn","Tiny Chest","Black Star","Bottled Lightning","DataDisk","War Paint","Strawberry","Ancient Tea Set","Bag of Preparation","Boot","Philosopher\u0027s Stone","Shuriken","Emotion Chip","Dodecahedron","Juzu Bracelet","Mummified Hand","Orichalcum","Happy Flower","Anchor","Mercury Hourglass","Red Mask","Prayer Wheel"],"potions_floor_usage":[11,11,20,27,48],"damage_taken":[{"damage":10.0,"enemies":"Small Slimes","floor":1.0,"turns":4.0},{"damage":12.0,"enemies":"Jaw Worm","floor":2.0,"turns":5.0},{"damage":4.0,"enemies":"Cultist","floor":5.0,"turns":4.0},{"damage":15.0,"enemies":"3 Sentries","floor":7.0,"turns":13.0},{"damage":20,"enemies":"Gremlin Nob","floor":11,"turns":5},{"damage":15,"enemies":"3 Sentries","floor":14,"turns":6},{"damage":29,"enemies":"The Guardian","floor":16,"turns":15},{"damage":12,"enemies":"Chosen","floor":18,"turns":6},{"damage":16,"enemies":"3 Byrds","floor":20,"turns":6},{"damage":26,"enemies":"Book of Stabbing","floor":23,"turns":9},{"damage":16,"enemies":"Centurion and Healer","floor":24,"turns":8},{"damage":6,"enemies":"Slavers","floor":27,"turns":9},{"damage":0,"enemies":"Book of Stabbing","floor":29,"turns":8},{"damage":28,"enemies":"Snecko","floor":31,"turns":6},{"damage":62,"enemies":"Automaton","floor":33,"turns":8},{"damage":0,"enemies":"3 Shapes","floor":35,"turns":1},{"damage":2,"enemies":"Orb Walker","floor":36,"turns":5},{"damage":1,"enemies":"3 Darklings","floor":37,"turns":3},{"damage":1,"enemies":"Maw","floor":39,"turns":12},{"damage":13,"enemies":"Nemesis","floor":40,"turns":13},{"damage":0,"enemies":"Giant Head","floor":42,"turns":13},{"damage":7,"enemies":"Reptomancer","floor":45,"turns":9},{"damage":4,"enemies":"Spire Growth","floor":46,"turns":6},{"damage":12,"enemies":"2 Orb Walkers","floor":48,"turns":7},{"damage":0,"enemies":"Donu and Deca","floor":50,"turns":10}],"seed_played":"-8617486982459278918","potions_obtained":[{"floor":1.0,"key":"GamblersBrew"},{"floor":5.0,"key":"FocusPotion"},{"floor":7.0,"key":"Block Potion"},{"floor":11,"key":"Energy Potion"},{"floor":14,"key":"FearPotion"},{"floor":18,"key":"SteroidPotion"},{"floor":24,"key":"EssenceOfSteel"},{"floor":27,"key":"FairyPotion"},{"floor":33,"key":"SneckoOil"},{"floor":36,"key":"Fire Potion"},{"floor":39,"key":"Regen Potion"},{"floor":45,"key":"Block Potion"},{"floor":48,"key":"Regen Potion"}],"is_trial":false,"path_per_floor":["M","M","$","?","M","R","E","?","T","R","E","R","$","E","R","B",null,"M","?","M","?","?","E","M","R","T","E","R","E","R","M","R","B",null,"M","M","M","$","M","E","T","E","T","R","E","M","?","?","R","B",null],"character_chosen":"DEFECT","items_purchased":["Glacier","Streamline","Hello World","Shuriken","Heatsinks","Magnetism"],"campfire_rested":5,"item_purchase_floors":[3,3,13,38,38,38],"current_hp_per_floor":[58,46,46,46,42,42,27,27,27,47,39,59,59,44,44,27,59,47,47,43,34,34,20,16,26,26,27,39,39,39,23,35,16,35,35,33,32,32,31,30,30,40,40,40,41,41,41,39,39,41],"gold":68,"neow_bonus":"THREE_RARE_CARDS","is_prod":false,"is_daily":false,"chose_seed":false,"campfire_upgraded":5,"win_rate":0,"timestamp":1551570205,"path_taken":["M","M","$","?","M","R","E","?","T","R","E","R","$","E","R","BOSS","M","?","?","?","?","E","M","R","T","E","R","E","R","M","R","BOSS","M","?","M","$","M","E","?","E","T","R","E","M","?","?","R","BOSS"],"build_version":"2019-01-23","purchased_purges":1,"victory":true,"max_hp_per_floor":[75,75,75,69,69,69,69,69,69,69,69,69,69,69,69,69,69,69,69,69,34,34,34,34,34,34,41,41,41,41,41,41,41,41,41,41,41,41,41,41,41,41,41,41,41,41,41,41,41,41],"card_choices":[{"not_picked":["Thunder Strike","Meteor Strike"],"picked":"Amplify","floor":0.0},{"not_picked":["Streamline","Leap"],"picked":"Coolheaded","floor":1.0},{"not_picked":["Lockon","Redo"],"picked":"Capacitor","floor":2.0},{"not_picked":["Turbo","Reinforced Body"],"picked":"Beam Cell","floor":5.0},{"not_picked":["Aggregate","Thunder Strike"],"picked":"Ball Lightning","floor":7.0},{"not_picked":["Rip and Tear","Ball Lightning"],"picked":"Biased Cognition","floor":11},{"not_picked":["Ball Lightning","Reinforced Body+1"],"picked":"Consume+1","floor":14},{"not_picked":["Multi-Cast+1","Meteor Strike"],"picked":"Seek+1","floor":16},{"not_picked":["Chaos+1","White Noise+1"],"picked":"Capacitor","floor":18},{"not_picked":["Beam Cell+1","Steam+1"],"picked":"White Noise+1","floor":20},{"not_picked":["Hyperbeam","Ball Lightning"],"picked":"Capacitor","floor":23},{"not_picked":["Ball Lightning","Hello World"],"picked":"Recycle+1","floor":24},{"not_picked":["Compile Driver+1","Cold Snap"],"picked":"BootSequence+1","floor":27},{"not_picked":["Leap+1","Hello World+1"],"picked":"Redo+1","floor":29},{"not_picked":["Chaos+1","Redo+1"],"picked":"Recycle+1","floor":31},{"not_picked":["Biased Cognition","Thunder Strike"],"picked":"All For One","floor":33},{"not_picked":["Scrape","Leap+1"],"picked":"Glacier+1","floor":35},{"not_picked":["Stack+1","Fusion+1"],"picked":"Turbo+1","floor":36},{"not_picked":["Blizzard","Beam Cell+1","Cold Snap"],"picked":"SKIP","floor":37},{"not_picked":["Sweeping Beam+1","Capacitor"],"picked":"Melter","floor":39},{"not_picked":["Auto Shields+1","Stack+1"],"picked":"Self Repair+1","floor":40},{"not_picked":["Scrape+1","Steam Power+1","Ball Lightning"],"picked":"SKIP","floor":42},{"not_picked":["Undo+1","Amplify+1","Turbo+1"],"picked":"SKIP","floor":45},{"not_picked":["Streamline+1","Self Repair+1","Leap+1"],"picked":"SKIP","floor":46},{"not_picked":["Biased Cognition","Ball Lightning+1"],"picked":"White Noise+1","floor":48}],"player_experience":825682,"relics_obtained":[{"floor":7.0,"key":"Meat on the Bone"},{"floor":9.0,"key":"Toxic Egg 2"},{"floor":11,"key":"Gremlin Horn"},{"floor":14,"key":"Tiny Chest"},{"floor":23,"key":"Bottled Lightning"},{"floor":23,"key":"DataDisk"},{"floor":26,"key":"War Paint"},{"floor":27,"key":"Strawberry"},{"floor":27,"key":"Ancient Tea Set"},{"floor":29,"key":"Bag of Preparation"},{"floor":29,"key":"Boot"},{"floor":40,"key":"Emotion Chip"},{"floor":40,"key":"Dodecahedron"},{"floor":41,"key":"Juzu Bracelet"},{"floor":42,"key":"Mummified Hand"},{"floor":42,"key":"Orichalcum"},{"floor":43,"key":"Happy Flower"},{"floor":45,"key":"Anchor"},{"floor":45,"key":"Mercury Hourglass"},{"floor":48,"key":"Prayer Wheel"}],"event_choices":[{"damage_healed":0.0,"max_hp_gain":0.0,"max_hp_loss":6.0,"gold_gain":0.0,"event_name":"Golden Idol","player_choice":"Lose Max HP","floor":4.0,"gold_loss":0.0,"damage_taken":0.0,"relics_obtained":["Golden Idol"]},{"damage_healed":0.0,"max_hp_gain":0.0,"max_hp_loss":0.0,"gold_gain":0.0,"event_name":"Golden Wing","player_choice":"Ignored","floor":8.0,"gold_loss":0.0,"damage_taken":0.0},{"damage_healed":0,"gold_gain":0,"player_choice":"Copied","damage_taken":0,"max_hp_gain":0,"max_hp_loss":0,"event_name":"Duplicator","floor":19,"gold_loss":0,"cards_obtained":["Seek"]},{"damage_healed":0,"gold_gain":0,"player_choice":"Became a Ghost","damage_taken":0,"max_hp_gain":0,"max_hp_loss":35,"event_name":"Ghosts","floor":21,"gold_loss":0,"cards_obtained":["Ghostly","Ghostly","Ghostly","Ghostly","Ghostly"]},{"damage_healed":0,"gold_gain":100,"player_choice":"Pray","damage_taken":0,"max_hp_gain":0,"max_hp_loss":0,"event_name":"Golden Shrine","floor":22,"gold_loss":0},{"damage_healed":0,"gold_gain":0,"player_choice":"Paid","damage_taken":0,"relics_obtained":["Red Mask"],"max_hp_gain":0,"max_hp_loss":0,"event_name":"Tomb of Lord Red Mask","floor":47,"gold_loss":290},{"damage_healed":0,"gold_gain":0,"player_choice":"Fight","damage_taken":0,"max_hp_gain":0,"max_hp_loss":0,"event_name":"Mysterious Sphere","floor":48,"gold_loss":0}],"is_beta":false,"boss_relics":[{"not_picked":["Calling Bell","Coffee Dripper"],"picked":"Black Star"},{"not_picked":["Sozu","Empty Cage"],"picked":"Philosopher\u0027s Stone"}],"items_purged_floors":[38],"is_endless":false,"potions_floor_spawned":[1,5,7,11,14,18,24,27,33,36,39,40,45,48],"ascension_level":10}