{"gold_per_floor":[112,126,126,138,154,154,174,499,499,512,512,462,480,498,498,595,595,614,629,643,361,372,372,390,390,390,402,402,418,431,443,443,443],"floor_reached":33,"playtime":2857,"items_purged":["Defend_R"],"score":259,"play_id":"bb6f53dc-76e6-4917-8b79-2623932c5899","local_time":"20180927200922","is_ascension_mode":false,"campfire_choices":[{"data":"Seeing Red","floor":6,"key":"SMITH"},{"data":"Fire Breathing","floor":11,"key":"SMITH"},{"floor":15,"key":"REST"},{"floor":23,"key":"REST"},{"data":"Flex","floor":25,"key":"SMITH"},{"data":"Flex","floor":28,"key":"SMITH"},{"floor":32,"key":"REST"}],"neow_cost":"TEN_PERCENT_HP_LOSS","seed_source_timestamp":14171213095489,"circlet_count":0,"master_deck":["Strike_R","Strike_R+1","Strike_R+1","Defend_R","Defend_R","Bash","Anger+1","Seeing Red+1","Rage","Rampage+1","Infernal Blade","Fire Breathing+1","Flex+1","Flex+1","Feed","Battle Trance","Clash","Infernal Blade+1","Cleave","Flex","Blood for Blood","Anger","Heavy Blade","Limit Break"],"relics":["Burning Blood","Old Coin","Gambling Chip","Sozu","Whetstone","Paper Frog"],"potions_floor_usage":[16],"damage_taken":[{"damage":7,"enemies":"Jaw Worm","floor":1,"turns":5},{"damage":7,"enemies":"2 Louse","floor":2,"turns":3},{"damage":0,"enemies":"Cultist","floor":4,"turns":2},{"damage":8,"enemies":"Red Slaver","floor":5,"turns":2},{"damage":1,"enemies":"Looter","floor":7,"turns":2},{"damage":40,"enemies":"3 Sentries","floor":8,"turns":7},{"damage":7,"enemies":"Blue Slaver","floor":10,"turns":3},{"damage":4,"enemies":"Red Slaver","floor":13,"turns":3},{"damage":0,"enemies":"Lots of Slimes","floor":14,"turns":1},{"damage":36,"enemies":"Slime Boss","floor":16,"turns":8},{"damage":13,"enemies":"Shell Parasite","floor":18,"turns":6},{"damage":5,"enemies":"Chosen","floor":19,"turns":3},{"damage":41,"enemies":"Snecko","floor":20,"turns":6},{"damage":16,"enemies":"3 Cultists","floor":22,"turns":4},{"damage":0,"enemies":"Snake Plant","floor":24,"turns":2},{"damage":13,"enemies":"Chosen and Byrds","floor":27,"turns":4},{"damage":20,"enemies":"3 Cultists","floor":29,"turns":4},{"damage":0,"enemies":"Snake Plant","floor":30,"turns":2},{"damage":32,"enemies":"Centurion and Healer","floor":31,"turns":3},{"damage":50,"enemies":"Automaton","floor":33,"turns":5}],"seed_played":"-9101230081281474464","potions_obtained":[{"floor":4,"key":"Energy Potion"},{"floor":10,"key":"Dexterity Potion"},{"floor":13,"key":"SkillPotion"},{"floor":14,"key":"Regen Potion"},{"floor":16,"key":"PowerPotion"}],"is_trial":false,"path_per_floor":["M","M","?","M","M","R","M","E","T","M","R","?","M","M","R","B",null,"M","M","M","$","M","R","M","R","T","M","R","M","M","M","R"],"character_chosen":"IRONCLAD","items_purchased":["Cleave","Whetstone"],"campfire_rested":3,"item_purchase_floors":[21,21],"current_hp_per_floor":[71,70,56,62,60,60,65,31,31,30,30,30,32,38,59,44,72,65,66,31,31,21,42,48,48,48,44,44,30,50,24,47,0],"gold":443,"neow_bonus":"REMOVE_TWO","is_prod":false,"is_daily":false,"chose_seed":false,"campfire_upgraded":4,"win_rate":0.0,"timestamp":1538071762,"path_taken":["M","M","?","?","M","R","M","E","T","M","R","?","M","?","R","BOSS","M","M","M","$","M","R","M","R","T","M","R","M","M","M","R","BOSS"],"build_version":"2018-09-20","purchased_purges":1,"victory":false,"max_hp_per_floor":[72,72,72,72,72,72,72,72,72,72,72,72,72,72,72,72,72,72,72,72,72,72,72,72,72,72,75,75,75,78,78,78,78],"card_choices":[{"not_picked":["Headbutt","Entrench"],"picked":"Anger","floor":1},{"not_picked":["Reckless Charge","Clothesline","Rupture"],"picked":"SKIP","floor":2},{"not_picked":["Spot Weakness","Pummel"],"picked":"Seeing Red","floor":4},{"not_picked":["Rupture","Pommel Strike"],"picked":"Rage","floor":5},{"not_picked":["Cleave","Perfected Strike"],"picked":"Rampage","floor":7},{"not_picked":["Searing Blow","Metallicize"],"picked":"Infernal Blade","floor":8},{"not_picked":["Sever Soul","Blood for Blood"],"picked":"Fire Breathing","floor":10},{"not_picked":["Armaments","Disarm"],"picked":"Flex","floor":13},{"not_picked":["Barricade","Pommel Strike"],"picked":"Flex","floor":14},{"not_picked":["Double Tap","Dark Embrace"],"picked":"Feed","floor":16},{"not_picked":["Shrug It Off","Ghostly Armor+1"],"picked":"Battle Trance","floor":18},{"not_picked":["Perfected Strike+1","Second Wind+1"],"picked":"Clash","floor":19},{"not_picked":["Inflame+1","Feel No Pain+1"],"picked":"Infernal Blade+1","floor":20},{"not_picked":["Shrug It Off","Twin Strike"],"picked":"Flex","floor":22},{"not_picked":["True Grit","Berserk","Warcry"],"picked":"SKIP","floor":24},{"not_picked":["Clothesline","Warcry"],"picked":"Blood for Blood","floor":27},{"not_picked":["Whirlwind","Sword Boomerang"],"picked":"Anger","floor":29},{"not_picked":["Twin Strike","Dropkick"],"picked":"Heavy Blade","floor":30},{"not_picked":["Thunderclap+1","Perfected Strike"],"picked":"Limit Break","floor":31}],"player_experience":9663,"relics_obtained":[{"floor":8,"key":"Old Coin"},{"floor":9,"key":"Gambling Chip"},{"floor":26,"key":"Paper Frog"}],"event_choices":[{"event_name":"Shining Light","player_choice":"Entered Light","floor":3,"damage_taken":0},{"event_name":"The Cleric","player_choice":"Card Removal","floor":12,"damage_taken":0}],"is_beta":false,"boss_relics":[{"not_picked":["Coffee Dripper","Philosopher\u0027s Stone"],"picked":"Sozu"}],"items_purged_floors":[21],"is_endless":false,"potions_floor_spawned":[4,10,13,14,16,20,22,24,27,31],"killed_by":"Automaton","ascension_level":0}