{"path_per_floor":["M","M","?","M","$","E","?","E","T","R","?","M","R","E","R","B",null,"M","M","M","?","?","R","M","M","T","R","E","M","M","E","R","B",null,"M","M","M","?","?","R","E","R","T","R","E","?","$"],"character_chosen":"IRONCLAD","items_purchased":["Feed","Secret Technique","Warcry","Membership Card","Pummel","Ornamental Fan","Pen Nib","Carnage","Energy Potion","Weak Potion","Fire Potion","Trip"],"gold_per_floor":[119,133,133,147,7,40,40,74,74,74,74,86,86,115,115,211,211,230,243,263,263,263,263,273,291,316,316,644,656,676,701,701,806,806,821,831,851,851,1101,1101,1131,1131,1131,1131,1163,1163,36],"floor_reached":48,"campfire_rested":4,"playtime":4138,"current_hp_per_floor":[80,80,80,80,80,47,67,35,35,35,35,42,42,24,49,53,86,81,74,66,73,73,73,78,71,71,71,63,47,32,21,49,32,96,96,87,52,39,39,69,31,31,31,61,30,30,30],"items_purged":["Strike_R"],"gold":36,"score":573,"play_id":"fe6f4ba9-4344-4d9f-9aaf-7106d6d0c5c2","local_time":"20180305040321","is_prod":false,"is_daily":false,"is_ascension_mode":false,"campfire_upgraded":2,"timestamp":1520240601,"path_taken":["BOSS","M","M","?","M","$","E","?","E","T","R","?","M","R","E","R","BOSS","M","M","M","?","?","R","M","?","T","R","E","M","M","E","R","BOSS","M","M","M","?","?","R","E","R","T","R","E","?","$","M"],"build_version":"2018-03-01-PROD1","purchased_purges":1,"victory":false,"master_deck":["Defend_R","Defend_R","Defend_R","Defend_R","Bash","Whirlwind+1","Inflame","Regret","Pummel","Feed","Heavy Blade","Parasite","Seeing Red+1","Shockwave","Flex","Clash","Double Tap","Twin Strike","Rage+1","Spot Weakness+1","Writhe","Twin Strike","Battle Trance+1","Anger+1","Dual Wield","Fire Breathing+1","Rupture+1","Limit Break","Dark Embrace+1","Second Wind+1","Feed+1","Pummel+1","Hemokinesis","Cleave+1","Madness","Madness","Regret","Carnage","Secret Technique","Warcry","Pummel","Carnage","Trip"],"max_hp_per_floor":[80,80,80,80,80,83,83,83,83,83,83,86,86,86,86,86,86,89,89,89,96,96,96,96,96,96,96,96,96,96,96,96,96,96,96,99,102,102,102,102,102,102,102,102,105,105,105],"relics":["Black Blood","Shovel","Girya","Shuriken","Thread and Needle","Mummified Hand","Strawberry","Juzu Bracelet","Old Coin","Lantern","Astrolabe","Blood Vial","Unceasing Top","Centennial Puzzle","Membership Card","Ornamental Fan","Pen Nib"],"card_choices":[{"not_picked":["Iron Wave","Bloodletting"],"picked":"Whirlwind"},{"not_picked":["Feel No Pain","Sword Boomerang"],"picked":"Inflame"},{"not_picked":["Corruption","Clothesline"],"picked":"Pummel"},{"not_picked":["Evolve","Battle Trance"],"picked":"Heavy Blade"},{"not_picked":["Impervious","Blood for Blood"],"picked":"Seeing Red"},{"not_picked":["Body Slam","Perfected Strike"],"picked":"Flex"},{"not_picked":["Disarm","Double Tap"],"picked":"Clash"},{"not_picked":["Juggernaut","Impervious"],"picked":"Double Tap"},{"not_picked":["True Grit","Disarm"],"picked":"Twin Strike"},{"not_picked":["Headbutt","Flame Barrier"],"picked":"Rage"},{"not_picked":["Pommel Strike","Searing Blow"],"picked":"Spot Weakness"},{"not_picked":["Impervious","Rage"],"picked":"Twin Strike"},{"not_picked":["Flex","Twin Strike"],"picked":"Battle Trance"},{"not_picked":["Second Wind","Juggernaut"],"picked":"Anger"},{"not_picked":["Pommel Strike","Shockwave"],"picked":"Dual Wield"},{"not_picked":["True Grit","Cleave"],"picked":"Fire Breathing"},{"not_picked":["Twin Strike","Pummel"],"picked":"Rupture"},{"not_picked":["Immolate","Dark Embrace"],"picked":"Limit Break"},{"not_picked":["Burning Pact","Shockwave"],"picked":"Pummel"},{"not_picked":["Disarm","Anger"],"picked":"Hemokinesis"},{"not_picked":["Shrug It Off","Pommel Strike"],"picked":"Cleave"},{"not_picked":["Second Wind","Dual Wield"],"picked":"Carnage"}],"player_experience":92411,"potions_floor_usage":[6,14,24,33,33,33,36,41],"damage_taken":[{"damage":1,"enemies":"Cultist","floor":1,"turns":3},{"damage":1,"enemies":"Jaw Worm","floor":2,"turns":3},{"damage":0,"enemies":"Small Slimes","floor":4,"turns":2},{"damage":42,"enemies":"Lagavulin","floor":6,"turns":5},{"damage":38,"enemies":"3 Sentries","floor":8,"turns":7},{"damage":2,"enemies":"3 Louse","floor":12,"turns":3},{"damage":24,"enemies":"Gremlin Nob","floor":14,"turns":4},{"damage":2,"enemies":"Slime Boss","floor":16,"turns":3},{"damage":18,"enemies":"2 Thieves","floor":18,"turns":3},{"damage":17,"enemies":"Spheric Guardian","floor":19,"turns":4},{"damage":18,"enemies":"Snake Plant","floor":20,"turns":4},{"damage":5,"enemies":"Chosen and Byrds","floor":24,"turns":5},{"damage":17,"enemies":"3 Cultists","floor":25,"turns":4},{"damage":18,"enemies":"Book of Stabbing","floor":28,"turns":4},{"damage":26,"enemies":"Snake Plant","floor":29,"turns":4},{"damage":25,"enemies":"Cultist and Chosen","floor":30,"turns":5},{"damage":21,"enemies":"Slavers","floor":31,"turns":5},{"damage":27,"enemies":"Champ","floor":33,"turns":8},{"damage":1,"enemies":"Orb Walker","floor":35,"turns":2},{"damage":22,"enemies":"3 Shapes","floor":36,"turns":2},{"damage":48,"enemies":"Sphere and 2 Shapes","floor":37,"turns":4},{"damage":48,"enemies":"Nemesis","floor":41,"turns":5},{"damage":46,"enemies":"2 Orb Walkers","floor":45,"turns":4}],"event_choices":[{"event_name":"Big Fish","player_choice":"Box","floor":3,"damage_taken":0},{"event_name":"Mushrooms","player_choice":"Healed and dodged fight","floor":7,"damage_taken":0},{"event_name":"Transmorgrifier","player_choice":"Transform","floor":11,"damage_taken":0},{"event_name":"The Mausoleum","player_choice":"Yes","floor":21,"damage_taken":0},{"event_name":"N\u0027loth","player_choice":"Ignored","floor":22,"damage_taken":0},{"event_name":"Winding Halls","player_choice":"Embrace Madness","floor":38,"damage_taken":0},{"event_name":"Golden Shrine","player_choice":"Desecrate","floor":39,"damage_taken":0},{"event_name":"Mysterious Sphere","player_choice":"Ignore","floor":46,"damage_taken":0}],"boss_relics":[{"not_picked":["Calling Bell","Cursed Key"],"picked":"Black Blood"},{"not_picked":["Orrery","Mark of Pain"],"picked":"Astrolabe"}],"potions_floor_spawned":[4,12,14,24,28,31,33,35],"seed_played":"-3216337795699227726","killed_by":"4 Shapes","ascension_level":0,"is_trial":false}