{"path_per_floor":["M","?","M","$","M","R","?","E","T","?"],"character_chosen":"THE_SILENT","items_purchased":["Backflip","Footwork","Dagger Spray"],"gold_per_floor":[119,194,210,50,66,66,66,91,91,341,341],"floor_reached":11,"campfire_rested":0,"playtime":1374,"item_purchase_floors":[4,4,4],"current_hp_per_floor":[60,49,37,37,32,32,25,10,10,10,10],"items_purged":[],"gold":341,"score":75,"play_id":"213340f9-cb3b-4891-b47e-0c57942bd9b0","local_time":"20180528015923","is_prod":false,"is_daily":false,"chose_seed":false,"is_ascension_mode":true,"campfire_upgraded":1,"win_rate":0,"timestamp":1527487163,"campfire_choices":[{"data":"Concentrate","floor":6,"key":"SMITH"}],"path_taken":["M","?","M","$","M","R","?","E","T","?","E"],"build_version":"2018-05-24","seed_source_timestamp":0,"purchased_purges":0,"victory":false,"master_deck":["Defend_G","Defend_G","Defend_G","Defend_G","Strike_G","Strike_G","Strike_G","Strike_G","Strike_G","Survivor","Neutralize","Concentrate+1","Backflip","Backflip","Footwork","Dagger Spray","Cloak And Dagger","All Out Attack","Regret"],"max_hp_per_floor":[63,63,63,63,63,63,63,63,63,63,63],"relics":["Ring of the Snake","The Courier","Blue Candle"],"card_choices":[{"not_picked":["Die Die Die","Unload"],"picked":"Burst","floor":0.0},{"not_picked":["Deflect","Dagger Throw"],"picked":"Concentrate","floor":1},{"not_picked":["Bane","Die Die Die"],"picked":"Backflip","floor":3},{"not_picked":["Prepared","Outmaneuver"],"picked":"Cloak And Dagger","floor":5},{"not_picked":["Deadly Poison","Backflip"],"picked":"All Out Attack","floor":8}],"player_experience":338038,"potions_floor_usage":[8,11],"damage_taken":[{"damage":3.0,"enemies":"Small Slimes","floor":1.0,"turns":4.0},{"damage":12,"enemies":"2 Louse","floor":3,"turns":3},{"damage":5,"enemies":"Cultist","floor":5,"turns":5},{"damage":15,"enemies":"3 Sentries","floor":8,"turns":7},{"damage":0,"enemies":"Lagavulin","floor":11,"turns":2}],"relics_obtained":[{"floor":8,"key":"The Courier"},{"floor":9,"key":"Blue Candle"}],"event_choices":[{"event_name":"World of Goop","player_choice":"Gather Gold","floor":2,"damage_taken":0},{"event_name":"Golden Wing","player_choice":"Card Removal","floor":7,"damage_taken":0},{"event_name":"Golden Shrine","player_choice":"Desecrate","floor":10,"damage_taken":0}],"boss_relics":[],"items_purged_floors":[],"potions_floor_spawned":[1,5,8],"seed_played":"7371030697412462983","killed_by":"Lagavulin","ascension_level":1,"potions_obtained":[{"floor":1,"key":"SteroidPotion"},{"floor":5,"key":"Explosive Potion"},{"floor":8,"key":"SpeedPotion"}],"is_trial":false}