{"gold_per_floor":[114,129,144,159,174,204,234,264,264,264,294,324,339,369,369,469,469,484,484,499,499,529,559,334,334,384,399,399,399,459,489,489],"floor_reached":32,"playtime":1374,"items_purged":["Doubt"],"score":493,"play_id":"342886ff-62aa-4376-a9bd-2671b24c0b0d","local_time":"20190304002947","daily_mods":["Cursed Run","Flight","DeadlyEvents"],"is_ascension_mode":false,"campfire_choices":[{"data":"Defragment","floor":15.0,"key":"SMITH"},{"floor":25.0,"key":"REST"},{"data":"Buffer","floor":29.0,"key":"SMITH"}],"neow_cost":"","seed_source_timestamp":0,"circlet_count":0,"master_deck":["Strike_B","Strike_B","Strike_B","Strike_B","Defend_B","Defend_B","Defend_B","Defend_B","Zap","Dualcast","Cold Snap","Ball Lightning","Chill","White Noise","Conserve Battery","Biased Cognition","Panacea","Defragment+1","Undo+1","Seek+1","Buffer+1","Consume+1","FTL+1","FTL+1","Seek+1"],"special_seed":17958,"relics":["Cursed Key","Darkstone Periapt","Du-Vu Doll","Question Card","Bag of Preparation","Pear","Bottled Flame","Mercury Hourglass","Potion Belt","Pantograph","Calling Bell","Happy Flower","Toxic Egg 2","Girya","NlothsMask","Molten Egg 2","Oddly Smooth Stone","Blood Vial","Tiny Chest","War Paint"],"potions_floor_usage":[],"damage_taken":[{"damage":5.0,"enemies":"Cultist","floor":1.0,"turns":4.0},{"damage":0.0,"enemies":"2 Louse","floor":2.0,"turns":3.0},{"damage":0.0,"enemies":"Small Slimes","floor":3.0,"turns":3.0},{"damage":6.0,"enemies":"Red Slaver","floor":4.0,"turns":3.0},{"damage":0.0,"enemies":"2 Fungi Beasts","floor":5.0,"turns":3.0},{"damage":5.0,"enemies":"3 Sentries","floor":6.0,"turns":7.0},{"damage":24.0,"enemies":"Gremlin Nob","floor":7.0,"turns":5.0},{"damage":2.0,"enemies":"Lagavulin","floor":8.0,"turns":8.0},{"damage":14.0,"enemies":"Gremlin Nob","floor":11.0,"turns":4.0},{"damage":0.0,"enemies":"3 Sentries","floor":12.0,"turns":5.0},{"damage":0.0,"enemies":"Exordium Thugs","floor":13.0,"turns":4.0},{"damage":11.0,"enemies":"Gremlin Nob","floor":14.0,"turns":3.0},{"damage":0.0,"enemies":"The Guardian","floor":16.0,"turns":9.0},{"damage":0.0,"enemies":"Shell Parasite","floor":18.0,"turns":5.0},{"damage":0.0,"enemies":"2 Thieves","floor":20.0,"turns":5.0},{"damage":25.0,"enemies":"Slavers","floor":22.0,"turns":5.0},{"damage":46.0,"enemies":"Gremlin Leader","floor":23.0,"turns":7.0},{"damage":3.0,"enemies":"3 Cultists","floor":27.0,"turns":6.0},{"damage":14.0,"enemies":"Slavers","floor":30.0,"turns":8.0},{"damage":4.0,"enemies":"Book of Stabbing","floor":31.0,"turns":6.0}],"seed_played":"-270384257363861475","potions_obtained":[{"floor":3.0,"key":"Dexterity Potion"},{"floor":6.0,"key":"LiquidBronze"},{"floor":7.0,"key":"SkillPotion"},{"floor":12.0,"key":"Strength Potion"},{"floor":13.0,"key":"AttackPotion"},{"floor":14.0,"key":"Block Potion"},{"floor":16.0,"key":"FearPotion"},{"floor":27.0,"key":"Ancient Potion"},{"floor":31.0,"key":"Poison Potion"}],"is_trial":false,"path_per_floor":["M","M","M","M","M","E","E","E","T","?","E","E","M","E","R","B",null,"M","?","M","?","E","E","$","R","T","M","?","R","E","E","R"],"character_chosen":"DEFECT","items_purchased":["Blood Vial"],"campfire_rested":1,"item_purchase_floors":[24],"current_hp_per_floor":[70,70,70,64,64,59,35,43,49,49,35,35,35,24,24,55,115,115,115,115,115,90,44,44,78,84,83,83,83,71,69,69],"gold":489,"neow_bonus":"","is_prod":false,"is_daily":true,"chose_seed":false,"campfire_upgraded":2,"win_rate":0,"timestamp":1551680987,"path_taken":["M","M","M","?","M","E","E","E","T","?","?","E","M","E","R","BOSS","M","?","M","?","?","E","$","R","T","M","?","R","E","E","R"],"build_version":"2019-01-23","purchased_purges":1,"victory":false,"max_hp_per_floor":[75,75,75,75,75,75,75,85,91,91,91,91,91,91,91,97,115,115,115,115,115,115,115,115,115,121,121,115,115,115,115,115],"card_choices":[{"not_picked":["Rebound","Hologram"],"picked":"Cold Snap","floor":1.0},{"not_picked":["Streamline","Undo"],"picked":"Ball Lightning","floor":2.0},{"not_picked":["Steam","Sweeping Beam"],"picked":"Chill","floor":3.0},{"not_picked":["Blizzard","Stack","Turbo"],"picked":"SKIP","floor":4.0},{"not_picked":["Reprogram","Loop"],"picked":"White Noise","floor":5.0},{"not_picked":["Recycle","Fission"],"picked":"Conserve Battery","floor":6.0},{"not_picked":["Conserve Battery","Gash","Sunder","Sweeping Beam"],"picked":"SKIP","floor":7.0},{"not_picked":["Fusion","Turbo","Storm"],"picked":"Biased Cognition","floor":8.0},{"not_picked":["Fission","Ball Lightning","Sunder"],"picked":"Defragment","floor":11.0},{"not_picked":["Gash","Conserve Battery","Reinforced Body","Compile Driver"],"picked":"SKIP","floor":12.0},{"not_picked":["Darkness","Coolheaded","Lockon","Heatsinks"],"picked":"SKIP","floor":13.0},{"not_picked":["Cold Snap","Reprogram","Leap"],"picked":"Undo","floor":14.0},{"not_picked":["Hyperbeam","Thunder Strike","Meteor Strike"],"picked":"Seek","floor":16.0},{"not_picked":["Compile Driver","Streamline","Stack+1","Sweeping Beam"],"picked":"SKIP","floor":18.0},{"not_picked":["Ball Lightning","Loop","Cold Snap"],"picked":"Consume+1","floor":20.0},{"not_picked":["Blizzard","Turbo+1","Rebound+1","Leap+1"],"picked":"SKIP","floor":22.0},{"not_picked":["Multi-Cast+1","Streamline+1","Storm"],"picked":"FTL+1","floor":23.0},{"not_picked":["Double Energy+1","Gash+1","Steam+1","Leap+1"],"picked":"SKIP","floor":27.0},{"not_picked":["Redo+1","Gash+1","Rebound+1"],"picked":"FTL+1","floor":30.0},{"not_picked":["Compile Driver+1","Rip and Tear+1","Double Energy+1"],"picked":"Seek+1","floor":31.0}],"player_experience":1757682,"relics_obtained":[{"floor":6.0,"key":"Question Card"},{"floor":7.0,"key":"Bag of Preparation"},{"floor":8.0,"key":"Pear"},{"floor":9.0,"key":"Bottled Flame"},{"floor":11.0,"key":"Mercury Hourglass"},{"floor":12.0,"key":"Potion Belt"},{"floor":14.0,"key":"Pantograph"},{"floor":17.0,"key":"Happy Flower"},{"floor":17.0,"key":"Toxic Egg 2"},{"floor":17.0,"key":"Girya"},{"floor":22.0,"key":"Molten Egg 2"},{"floor":23.0,"key":"Oddly Smooth Stone"},{"floor":30.0,"key":"Tiny Chest"},{"floor":31.0,"key":"War Paint"}],"event_choices":[{"damage_healed":0.0,"max_hp_gain":0.0,"max_hp_loss":0.0,"gold_gain":0.0,"event_name":"Match and Keep!","player_choice":"1 cards matched","floor":10.0,"gold_loss":0.0,"damage_taken":0.0,"cards_obtained":["Panacea"]},{"damage_healed":0.0,"max_hp_gain":0.0,"max_hp_loss":0.0,"gold_gain":0.0,"event_name":"The Library","player_choice":"Read","floor":19.0,"gold_loss":0.0,"damage_taken":0.0,"cards_obtained":["Buffer"]},{"damage_healed":0.0,"max_hp_gain":0.0,"max_hp_loss":0.0,"gold_gain":0.0,"event_name":"FaceTrader","player_choice":"Trade","floor":21.0,"gold_loss":0.0,"damage_taken":0.0,"relics_obtained":["NlothsMask"]},{"cards_removed":["Regret","Parasite","Doubt","Parasite","Injury"],"damage_healed":0.0,"max_hp_gain":0.0,"max_hp_loss":0.0,"gold_gain":0.0,"event_name":"Fountain of Cleansing","player_choice":"Removed Curses","floor":28.0,"gold_loss":0.0,"damage_taken":0.0}],"is_beta":false,"boss_relics":[{"not_picked":["Ectoplasm","Lizard Tail"],"picked":"Calling Bell"}],"items_purged_floors":[24],"is_endless":false,"potions_floor_spawned":[3,6,7,12,13,14,16,27,31],"ascension_level":0}