{"gold_per_floor":[118,135,135,135,153,153,186,186,236,236,264,289,301,335,335,412,412,427,352,115,128,128,128,162,162,162,190,190,225,243,48,48,121,121,133,133,0,20,20,20,55,55,125,125,75,86,86,106,106,106],"floor_reached":51,"playtime":1984,"items_purged":["Power Through","Defend_R"],"score":1275,"play_id":"e2d0fd7f-6b18-4d86-98d6-579cc9f3484b","local_time":"20190301165522","is_ascension_mode":true,"campfire_choices":[{"data":"Demon Form","floor":6.0,"key":"SMITH"},{"floor":8.0,"key":"REST"},{"data":"Bash","floor":10.0,"key":"SMITH"},{"data":"1","floor":15.0,"key":"LIFT"},{"floor":23,"key":"REST"},{"floor":28,"key":"DIG"},{"floor":32,"key":"DIG"},{"floor":40,"key":"DIG"},{"floor":42,"key":"DIG"},{"floor":47,"key":"DIG"},{"floor":49,"key":"DIG"}],"neow_cost":"NONE","seed_source_timestamp":256441054993291,"circlet_count":0,"master_deck":["AscendersBane","Strike_R","Defend_R","Defend_R","Defend_R","Bash+1","Pommel Strike","Demon Form+1","Hemokinesis","Immolate","Armaments","Headbutt","Exhume","Bludgeon","Flame Barrier","Warcry","Evolve","Pommel Strike","Flame Barrier","Ghostly","Ghostly","Ghostly","Ghostly","Ghostly","Pummel","Shrug It Off","Limit Break","Ghostly Armor+1","Madness","Madness","Metallicize","Heavy Blade+1","Disarm"],"special_seed":0,"relics":["Burning Blood","NeowsBlessing","Smiling Mask","Red Skull","PreservedInsect","Lantern","Girya","Fusion Hammer","Bag of Preparation","Bronze Scales","Shovel","Centennial Puzzle","Meat on the Bone","Omamori","Strawberry","Anchor","Black Star","Red Mask","Juzu Bracelet","Dodecahedron","Mercury Hourglass","Incense Burner","Sundial","Bottled Tornado","Self Forming Clay","Pantograph"],"potions_floor_usage":[33,33,38],"damage_taken":[{"damage":0.0,"enemies":"Jaw Worm","floor":1.0,"turns":1.0},{"damage":0.0,"enemies":"Cultist","floor":2.0,"turns":1.0},{"damage":0.0,"enemies":"2 Louse","floor":5.0,"turns":1.0},{"damage":49.0,"enemies":"3 Sentries","floor":7.0,"turns":10.0},{"damage":27.0,"enemies":"Lagavulin","floor":11.0,"turns":6.0},{"damage":6.0,"enemies":"Looter","floor":13.0,"turns":2.0},{"damage":5.0,"enemies":"3 Sentries","floor":14.0,"turns":2.0},{"damage":35,"enemies":"Slime Boss","floor":16,"turns":8},{"damage":23,"enemies":"2 Thieves","floor":18,"turns":4},{"damage":4,"enemies":"Chosen","floor":21,"turns":6},{"damage":12,"enemies":"Colosseum Slavers","floor":22,"turns":2},{"damage":29,"enemies":"Book of Stabbing","floor":24,"turns":4},{"damage":4,"enemies":"Gremlin Leader","floor":27,"turns":6},{"damage":7,"enemies":"Slavers","floor":29,"turns":5},{"damage":4,"enemies":"Snake Plant","floor":30,"turns":5},{"damage":36,"enemies":"Champ","floor":33,"turns":9},{"damage":23,"enemies":"3 Darklings","floor":35,"turns":6},{"damage":3,"enemies":"Orb Walker","floor":38,"turns":6},{"damage":31,"enemies":"Nemesis","floor":41,"turns":9},{"damage":0,"enemies":"Sphere and 2 Shapes","floor":46,"turns":7},{"damage":2,"enemies":"Spire Growth","floor":48,"turns":6},{"damage":27,"enemies":"Donu and Deca","floor":50,"turns":7}],"seed_played":"3625875499905913200","potions_obtained":[{"floor":1.0,"key":"FearPotion"},{"floor":5.0,"key":"Strength Potion"},{"floor":7.0,"key":"Strength Potion"},{"floor":21,"key":"Strength Potion"},{"floor":24,"key":"GamblersBrew"},{"floor":27,"key":"SkillPotion"},{"floor":33,"key":"Energy Potion"},{"floor":35,"key":"SpeedPotion"}],"is_trial":false,"path_per_floor":["M","M","?","?","M","R","E","R","T","R","E","T","M","E","R","B",null,"M","?","$","M","?","R","E","?","T","E","R","E","M","$","R","B",null,"M","?","?","M","?","R","E","R","T","T","$","M","R","M","R","B",null],"character_chosen":"IRONCLAD","items_purchased":["Warcry","Evolve","Bag of Preparation","Strawberry"],"campfire_rested":2,"item_purchase_floors":[20,20,20,31],"current_hp_per_floor":[78,80,73,73,79,79,36,60,60,60,39,39,39,40,40,11,63,46,46,46,48,42,66,43,40,40,40,40,39,40,47,47,29,43,38,32,32,35,35,35,22,22,22,22,22,40,40,44,44,38],"gold":106,"neow_bonus":"THREE_ENEMY_KILL","is_prod":false,"is_daily":false,"chose_seed":false,"campfire_upgraded":2,"win_rate":0,"timestamp":1551455722,"path_taken":["M","M","?","?","?","R","E","R","T","R","E","?","M","E","R","BOSS","M","?","$","M","?","R","E","?","T","E","R","E","M","$","R","BOSS","M","?","?","M","?","R","E","R","T","?","?","M","R","M","R","BOSS"],"build_version":"2019-01-23","purchased_purges":2,"victory":true,"max_hp_per_floor":[80,80,80,80,80,80,80,80,80,80,80,80,80,80,80,80,80,80,80,80,80,80,80,80,40,40,40,40,40,40,47,47,47,47,47,47,47,47,47,47,47,47,47,47,47,47,47,47,47,47],"card_choices":[{"not_picked":["Dual Wield","Iron Wave"],"picked":"Pommel Strike","floor":1.0},{"not_picked":["Metallicize","Burning Pact"],"picked":"Power Through","floor":2.0},{"not_picked":["Clash","Rage"],"picked":"Hemokinesis","floor":5.0},{"not_picked":["Havoc","Sword Boomerang"],"picked":"Immolate","floor":7.0},{"not_picked":["Rampage","Body Slam"],"picked":"Armaments","floor":11.0},{"not_picked":["Iron Wave","Searing Blow"],"picked":"Headbutt","floor":13.0},{"not_picked":["Clothesline","Anger"],"picked":"Exhume","floor":14.0},{"not_picked":["Berserk","Brutality"],"picked":"Bludgeon","floor":16},{"not_picked":["Disarm","Ghostly Armor"],"picked":"Flame Barrier","floor":18},{"not_picked":["Iron Wave","Blood for Blood"],"picked":"Pommel Strike","floor":21},{"not_picked":["Body Slam","Cleave"],"picked":"Flame Barrier","floor":24},{"not_picked":["Perfected Strike","Searing Blow"],"picked":"Pummel","floor":27},{"not_picked":["Evolve","Wild Strike"],"picked":"Shrug It Off","floor":29},{"not_picked":["Pommel Strike","Blood for Blood","Bludgeon"],"picked":"SKIP","floor":30},{"not_picked":["Immolate","Brutality"],"picked":"Limit Break","floor":33},{"not_picked":["Anger","Clash"],"picked":"Ghostly Armor+1","floor":35},{"not_picked":["Wild Strike","Searing Blow"],"picked":"Metallicize","floor":38},{"not_picked":["Clash","Pommel Strike","Cleave"],"picked":"SKIP","floor":41},{"not_picked":["Bludgeon","Clash"],"picked":"Heavy Blade+1","floor":46},{"not_picked":["Perfected Strike","Sentinel+1"],"picked":"Disarm","floor":48}],"player_experience":804560,"relics_obtained":[{"floor":7.0,"key":"Smiling Mask"},{"floor":9.0,"key":"Red Skull"},{"floor":11.0,"key":"PreservedInsect"},{"floor":12.0,"key":"Lantern"},{"floor":14.0,"key":"Girya"},{"floor":24,"key":"Bronze Scales"},{"floor":26,"key":"Shovel"},{"floor":27,"key":"Centennial Puzzle"},{"floor":28,"key":"Meat on the Bone"},{"floor":29,"key":"Omamori"},{"floor":32,"key":"Anchor"},{"floor":40,"key":"Juzu Bracelet"},{"floor":41,"key":"Dodecahedron"},{"floor":41,"key":"Mercury Hourglass"},{"floor":42,"key":"Incense Burner"},{"floor":43,"key":"Sundial"},{"floor":44,"key":"Bottled Tornado"},{"floor":47,"key":"Self Forming Clay"},{"floor":49,"key":"Pantograph"}],"event_choices":[{"cards_removed":["Strike_R"],"damage_healed":0.0,"max_hp_gain":0.0,"max_hp_loss":0.0,"gold_gain":0.0,"event_name":"Golden Wing","player_choice":"Card Removal","floor":3.0,"gold_loss":0.0,"damage_taken":7.0},{"damage_healed":0.0,"max_hp_gain":0.0,"max_hp_loss":0.0,"gold_gain":0.0,"cards_transformed":["Strike_R"],"event_name":"Transmorgrifier","player_choice":"Transformed","floor":4.0,"gold_loss":0.0,"damage_taken":0.0,"cards_obtained":["Demon Form"]},{"cards_removed":["Strike_R"],"damage_healed":0,"gold_gain":0,"player_choice":"Gave Gold","damage_taken":0,"max_hp_gain":0,"max_hp_loss":0,"event_name":"Beggar","floor":19,"gold_loss":75},{"damage_healed":0,"gold_gain":0,"player_choice":"Fight","damage_taken":0,"max_hp_gain":0,"max_hp_loss":0,"event_name":"Colosseum","floor":22,"gold_loss":0},{"damage_healed":0,"gold_gain":0,"player_choice":"Fled From Nobs","damage_taken":0,"max_hp_gain":0,"max_hp_loss":0,"event_name":"Colosseum","floor":22,"gold_loss":0},{"damage_healed":0,"gold_gain":0,"player_choice":"Became a Ghost","damage_taken":0,"max_hp_gain":0,"max_hp_loss":40,"event_name":"Ghosts","floor":25,"gold_loss":0,"cards_obtained":["Ghostly","Ghostly","Ghostly","Ghostly","Ghostly"]},{"damage_healed":0,"gold_gain":0,"player_choice":"Embrace Madness","damage_taken":6,"max_hp_gain":0,"max_hp_loss":0,"event_name":"Winding Halls","floor":36,"gold_loss":0,"cards_obtained":["Madness","Madness"]},{"damage_healed":0,"gold_gain":0,"player_choice":"Paid","damage_taken":0,"relics_obtained":["Red Mask"],"max_hp_gain":0,"max_hp_loss":0,"event_name":"Tomb of Lord Red Mask","floor":37,"gold_loss":133},{"cards_removed":["Strike_R"],"damage_healed":0,"gold_gain":0,"player_choice":"Removed Attack","damage_taken":0,"max_hp_gain":0,"max_hp_loss":0,"event_name":"Falling","floor":39,"gold_loss":0}],"is_beta":false,"boss_relics":[{"not_picked":["Runic Cube","Black Blood"],"picked":"Fusion Hammer"},{"not_picked":["Runic Dome","Pandora\u0027s Box"],"picked":"Black Star"}],"items_purged_floors":[31,45],"is_endless":false,"potions_floor_spawned":[1,5,7,11,21,24,27,30,33,35],"ascension_level":13}