{"gold_per_floor":[111,131,131,146,2,2,22,38,38,38,38,38,3,23,23,120,120,103,115,115,115],"floor_reached":21,"playtime":1225,"items_purged":["Defend_G"],"score":171,"play_id":"684f27f2-1fef-49a0-8b4b-91a1f6c87806","local_time":"20181031171928","is_ascension_mode":false,"campfire_choices":[{"data":"Footwork","floor":6,"key":"SMITH"},{"data":"Footwork","floor":10,"key":"SMITH"},{"data":"Cloak And Dagger","floor":15,"key":"SMITH"}],"neow_cost":"NONE","seed_source_timestamp":1194279981396965,"circlet_count":0,"master_deck":["Defend_G","Defend_G","Defend_G","Defend_G","Strike_G","Strike_G","Strike_G","Strike_G","Survivor","Neutralize+1","Accuracy","Finisher","Caltrops","Footwork+1","Footwork+1","Backstab","Bullet Time","Escape Plan","Cloak And Dagger+1","Wraith Form v2","Flying Knee","Endless Agony","Neutralize"],"relics":["Ring of the Snake","Bottled Lightning","NlothsMask","Runic Dome"],"potions_floor_usage":[16,21,21,21],"damage_taken":[{"damage":0,"enemies":"Jaw Worm","floor":1,"turns":6},{"damage":2,"enemies":"2 Louse","floor":2,"turns":5},{"damage":0,"enemies":"Cultist","floor":4,"turns":5},{"damage":14,"enemies":"Lots of Slimes","floor":7,"turns":4},{"damage":6,"enemies":"3 Louse","floor":8,"turns":5},{"damage":9,"enemies":"Exordium Thugs","floor":14,"turns":6},{"damage":22,"enemies":"The Guardian","floor":16,"turns":13},{"damage":12,"enemies":"2 Thieves","floor":18,"turns":4},{"damage":30,"enemies":"3 Byrds","floor":19,"turns":7},{"damage":38,"enemies":"Centurion and Healer","floor":21,"turns":14}],"seed_played":"-5995069153973267457","potions_obtained":[{"floor":1,"key":"Weak Potion"},{"floor":7,"key":"Poison Potion"},{"floor":14,"key":"Fire Potion"},{"floor":16,"key":"AttackPotion"}],"is_trial":false,"path_per_floor":["M","M","?","M","$","R","M","M","T","R","?","?","$","M","R","B",null,"M","M","?"],"character_chosen":"THE_SILENT","items_purchased":["Footwork","Escape Plan"],"campfire_rested":0,"item_purchase_floors":[5,13],"current_hp_per_floor":[70,68,68,68,68,68,54,48,48,48,48,48,48,39,39,17,70,58,28,28,0],"gold":115,"neow_bonus":"UPGRADE_CARD","is_prod":false,"is_daily":false,"chose_seed":false,"campfire_upgraded":3,"win_rate":0,"timestamp":1541002768,"path_taken":["M","M","?","M","$","R","M","M","T","R","?","?","$","M","R","BOSS","M","M","?","M"],"build_version":"2018-10-25v2","purchased_purges":1,"victory":false,"max_hp_per_floor":[70,70,70,70,70,70,70,70,70,70,70,70,70,70,70,70,70,70,70,70,70],"card_choices":[{"not_picked":["Eviscerate","Flying Knee"],"picked":"Accuracy","floor":1},{"not_picked":["Slice","Acrobatics"],"picked":"Finisher","floor":2},{"not_picked":["Accuracy","Riddle With Holes"],"picked":"Caltrops","floor":4},{"not_picked":["Prepared","Sucker Punch"],"picked":"Footwork","floor":7},{"not_picked":["PiercingWail","Slice"],"picked":"Backstab","floor":8},{"not_picked":["Sucker Punch","Backflip"],"picked":"Cloak And Dagger","floor":14},{"not_picked":["Corpse Explosion","Malaise"],"picked":"Wraith Form v2","floor":16},{"not_picked":["Accuracy+1","Well Laid Plans"],"picked":"Flying Knee","floor":18},{"not_picked":["Footwork","Bouncing Flask"],"picked":"Endless Agony","floor":19}],"player_experience":244425,"relics_obtained":[{"floor":9,"key":"Bottled Lightning"}],"event_choices":[{"damage_healed":0,"gold_gain":0,"player_choice":"Ignored","damage_taken":0,"max_hp_gain":0,"max_hp_loss":0,"event_name":"Liars Game","floor":3,"gold_loss":0},{"damage_healed":0,"gold_gain":0,"cards_transformed":["Strike_G"],"player_choice":"Transformed","damage_taken":0,"max_hp_gain":0,"max_hp_loss":0,"event_name":"Transmorgrifier","floor":11,"gold_loss":0,"cards_obtained":["Bullet Time"]},{"damage_healed":0,"gold_gain":0,"player_choice":"Trade","damage_taken":0,"relics_obtained":["NlothsMask"],"max_hp_gain":0,"max_hp_loss":0,"event_name":"FaceTrader","floor":12,"gold_loss":0},{"damage_healed":0,"gold_gain":0,"player_choice":"1 cards matched","damage_taken":0,"max_hp_gain":0,"max_hp_loss":0,"event_name":"Match and Keep!","floor":20,"gold_loss":0,"cards_obtained":["Neutralize"]}],"is_beta":false,"boss_relics":[{"not_picked":["Eternal Feather","Empty Cage"],"picked":"Runic Dome"}],"items_purged_floors":[5],"is_endless":false,"potions_floor_spawned":[1,7,14,16,19],"killed_by":"Centurion and Healer","ascension_level":0}