{"gold_per_floor":[119,119,130,130,130,143,143,108,154,180,180,219,240,275,275,275],"floor_reached":16,"playtime":476,"items_purged":[],"score":184,"play_id":"9411cbd2-0849-4c9a-8d20-20058e0caefc","local_time":"20190217123647","is_ascension_mode":true,"campfire_choices":[{"data":"Adrenaline","floor":7,"key":"SMITH"},{"data":"Neutralize","floor":11,"key":"SMITH"},{"floor":15,"key":"REST"}],"neow_cost":"NONE","seed_source_timestamp":219683954783867,"circlet_count":0,"master_deck":["AscendersBane","Defend_G","Defend_G","Defend_G","Defend_G","Defend_G","Strike_G","Strike_G","Strike_G","Strike_G","Survivor","Neutralize+1","Adrenaline+1","Dagger Spray","Flechettes","Blur","Flying Knee","Escape Plan","Cloak And Dagger"],"relics":["Ring of the Snake","Golden Idol","Lantern","Anchor","Bottled Flame","Omamori"],"potions_floor_usage":[12,12],"damage_taken":[{"damage":0,"enemies":"Cultist","floor":1,"turns":4},{"damage":6,"enemies":"Small Slimes","floor":3,"turns":4},{"damage":0,"enemies":"2 Louse","floor":6,"turns":3},{"damage":13,"enemies":"Lagavulin","floor":12,"turns":8},{"damage":0,"enemies":"Lots of Slimes","floor":13,"turns":2},{"damage":21,"enemies":"Gremlin Nob","floor":14,"turns":4},{"damage":46,"enemies":"Hexaghost","floor":16,"turns":14}],"seed_played":"-8108940783499485928","potions_obtained":[{"floor":1,"key":"GhostInAJar"},{"floor":6,"key":"Explosive Potion"}],"is_trial":false,"path_per_floor":["M","?","M","?","?","M","R","?","T","T","R","E","M","E","R","B"],"character_chosen":"THE_SILENT","items_purchased":[],"campfire_rested":1,"item_purchase_floors":[],"current_hp_per_floor":[59,52,46,46,46,46,46,61,61,61,61,48,48,27,45,0],"gold":275,"neow_bonus":"ONE_RANDOM_RARE_CARD","is_prod":false,"is_daily":false,"chose_seed":false,"campfire_upgraded":2,"win_rate":0,"timestamp":1550403407,"path_taken":["M","?","M","?","?","M","R","?","T","?","R","E","?","E","R","BOSS"],"build_version":"2019-01-23","purchased_purges":0,"victory":false,"max_hp_per_floor":[66,66,66,66,61,61,61,61,61,61,61,61,61,61,61,61],"card_choices":[{"not_picked":["Calculated Gamble","Infinite Blades"],"picked":"Dagger Spray","floor":1},{"not_picked":["Deflect","Blade Dance"],"picked":"Flechettes","floor":3},{"not_picked":["Quick Slash","Backflip"],"picked":"Blur","floor":6},{"not_picked":["Malaise","Slice"],"picked":"Flying Knee","floor":12},{"not_picked":["Accuracy","Dodge and Roll"],"picked":"Escape Plan","floor":13},{"not_picked":["Bane","Acrobatics"],"picked":"Cloak And Dagger","floor":14}],"player_experience":670700,"relics_obtained":[{"floor":9,"key":"Lantern"},{"floor":10,"key":"Anchor"},{"floor":12,"key":"Bottled Flame"},{"floor":14,"key":"Omamori"}],"event_choices":[{"cards_removed":["Strike_G"],"damage_healed":0,"gold_gain":0,"player_choice":"Card Removal","damage_taken":7,"max_hp_gain":0,"max_hp_loss":0,"event_name":"Golden Wing","floor":2,"gold_loss":0},{"damage_healed":0,"gold_gain":0,"player_choice":"Ignored","damage_taken":0,"max_hp_gain":0,"max_hp_loss":0,"event_name":"Shining Light","floor":4,"gold_loss":0},{"damage_healed":0,"gold_gain":0,"player_choice":"Lose Max HP","damage_taken":0,"relics_obtained":["Golden Idol"],"max_hp_gain":0,"max_hp_loss":5,"event_name":"Golden Idol","floor":5,"gold_loss":0},{"damage_healed":15,"gold_gain":0,"player_choice":"Healed","damage_taken":0,"max_hp_gain":0,"max_hp_loss":0,"event_name":"The Cleric","floor":8,"gold_loss":35}],"is_beta":false,"boss_relics":[],"items_purged_floors":[],"is_endless":false,"potions_floor_spawned":[1,6],"killed_by":"Hexaghost","ascension_level":14}