{"gold_per_floor":[112,123,123,138,153,153,170,195,222,240,270,127,127,139,139,239,239,252,272,272,282,302,363,381,381,406,406,406,420,420,420],"floor_reached":31,"playtime":1703,"items_purged":["Pain"],"score":371,"play_id":"2579355a-4f96-451d-aeb6-7b87ef508ab8","local_time":"20181118124150","is_ascension_mode":false,"campfire_choices":[{"data":"Neutralize","floor":6,"key":"SMITH"},{"data":"Bouncing Flask","floor":13,"key":"SMITH"},{"floor":15,"key":"REST"},{"data":"Tactician","floor":25,"key":"SMITH"},{"data":"Noxious Fumes","floor":27,"key":"SMITH"}],"neow_cost":"","seed_source_timestamp":0,"circlet_count":0,"master_deck":["Defend_G","Defend_G","Defend_G","Defend_G","Defend_G","Strike_G","Strike_G","Strike_G","Strike_G","Strike_G","Survivor","Neutralize+1","Skewer","Terror","Noxious Fumes+1","Flying Knee","Tactician+1","Footwork","Backflip","Bouncing Flask+1","Deflect","After Image","Acrobatics","Backstab","Bane","Poisoned Stab+1","Bane","Dash","Slice"],"relics":["Ring of the Snake","WarpedTongs","Bag of Preparation","Vajra","Art of War","Coffee Dripper","Tiny Chest","Smiling Mask","Matryoshka"],"potions_floor_usage":[4,8,16,16,18,21,22,23],"damage_taken":[{"damage":0,"enemies":"Cultist","floor":1,"turns":4},{"damage":5,"enemies":"Jaw Worm","floor":2,"turns":3},{"damage":3,"enemies":"Small Slimes","floor":4,"turns":4},{"damage":1,"enemies":"Red Slaver","floor":5,"turns":3},{"damage":6,"enemies":"2 Fungi Beasts","floor":7,"turns":5},{"damage":25,"enemies":"Gremlin Nob","floor":8,"turns":5},{"damage":4,"enemies":"Looter","floor":10,"turns":4},{"damage":15,"enemies":"3 Sentries","floor":11,"turns":7},{"damage":0,"enemies":"Blue Slaver","floor":14,"turns":4},{"damage":21,"enemies":"Slime Boss","floor":16,"turns":13},{"damage":2,"enemies":"2 Thieves","floor":18,"turns":4},{"damage":7,"enemies":"Chosen","floor":19,"turns":7},{"damage":33,"enemies":"3 Cultists","floor":21,"turns":8},{"damage":4,"enemies":"Shelled Parasite and Fungi","floor":22,"turns":5},{"damage":10,"enemies":"Book of Stabbing","floor":23,"turns":6},{"damage":0,"enemies":"Cultist and Chosen","floor":24,"turns":5},{"damage":6,"enemies":"Snake Plant","floor":29,"turns":4},{"damage":17,"enemies":"Centurion and Healer","floor":31,"turns":4}],"seed_played":"-1437975488698726222","potions_obtained":[{"floor":1,"key":"Dexterity Potion"},{"floor":2,"key":"Poison Potion"},{"floor":5,"key":"Ancient Potion"},{"floor":11,"key":"Ancient Potion"},{"floor":16,"key":"AttackPotion"},{"floor":18,"key":"Dexterity Potion"},{"floor":19,"key":"Weak Potion"},{"floor":20,"key":"Energy Potion"},{"floor":20,"key":"FairyPotion"},{"floor":22,"key":"AttackPotion"}],"is_trial":true,"path_per_floor":["M","M","?","M","M","R","M","E","T","M","E","$","R","M","R","B",null,"M","M","?","M","M","E","M","R","T","R","T","M","?","M"],"character_chosen":"THE_SILENT","items_purchased":["Bouncing Flask"],"campfire_rested":1,"item_purchase_floors":[12],"current_hp_per_floor":[70,65,65,62,61,61,55,30,30,26,11,11,11,11,32,11,70,68,61,61,28,24,14,14,14,14,14,14,8,8,0],"gold":420,"neow_bonus":"","is_prod":false,"is_daily":false,"chose_seed":false,"campfire_upgraded":4,"win_rate":0,"timestamp":1542541310,"path_taken":["M","M","?","?","M","R","?","E","T","M","E","$","R","M","R","BOSS","M","M","?","?","M","E","M","R","T","R","?","M","?","?"],"build_version":"2018-11-15","purchased_purges":1,"victory":false,"max_hp_per_floor":[70,70,70,70,70,70,70,70,70,70,70,70,70,70,70,70,70,70,70,70,70,70,70,70,70,70,70,70,70,70,70],"card_choices":[{"not_picked":["Calculated Gamble","Acrobatics"],"picked":"Skewer","floor":1},{"not_picked":["Concentrate","Quick Slash"],"picked":"Terror","floor":2},{"not_picked":["Riddle With Holes","PiercingWail","Dodge and Roll"],"picked":"SKIP","floor":4},{"not_picked":["Finisher","Deflect"],"picked":"Noxious Fumes","floor":5},{"not_picked":["Slice","Outmaneuver"],"picked":"Flying Knee","floor":7},{"not_picked":["Riddle With Holes","PiercingWail"],"picked":"Tactician","floor":8},{"not_picked":["Tactician","Setup"],"picked":"Footwork","floor":10},{"not_picked":["Wraith Form v2","Storm of Steel"],"picked":"Backflip","floor":11},{"not_picked":["Dagger Throw","Slice"],"picked":"Deflect","floor":14},{"not_picked":["Night Terror","Corpse Explosion"],"picked":"After Image","floor":16},{"not_picked":["Concentrate","Dagger Throw"],"picked":"Acrobatics","floor":18},{"not_picked":["Riddle With Holes","Choke"],"picked":"Backstab","floor":19},{"not_picked":["Blade Dance","PiercingWail"],"picked":"Bane","floor":21},{"not_picked":["Outmaneuver","Flechettes+1"],"picked":"Poisoned Stab+1","floor":22},{"not_picked":["Wraith Form v2","Eviscerate"],"picked":"Bane","floor":23},{"not_picked":["Blade Dance","Leg Sweep"],"picked":"Dash","floor":24},{"not_picked":["PiercingWail+1","Grand Finale"],"picked":"Slice","floor":29}],"player_experience":310694,"relics_obtained":[{"floor":8,"key":"Bag of Preparation"},{"floor":9,"key":"Vajra"},{"floor":11,"key":"Art of War"},{"floor":23,"key":"Tiny Chest"},{"floor":26,"key":"Smiling Mask"},{"floor":28,"key":"Matryoshka"}],"event_choices":[{"damage_healed":0,"gold_gain":0,"player_choice":"Rummage","damage_taken":0,"relics_obtained":["WarpedTongs"],"max_hp_gain":0,"max_hp_loss":0,"event_name":"Accursed Blacksmith","floor":3,"gold_loss":0,"cards_obtained":["Pain"]},{"damage_healed":0,"gold_gain":0,"player_choice":"Got Potions","damage_taken":0,"max_hp_gain":0,"max_hp_loss":0,"event_name":"Lab","floor":20,"gold_loss":0},{"damage_healed":0,"gold_gain":0,"player_choice":"Ignored","damage_taken":0,"max_hp_gain":0,"max_hp_loss":0,"event_name":"NoteForYourself","floor":30,"gold_loss":0}],"is_beta":false,"boss_relics":[{"not_picked":["Pandora\u0027s Box","Lizard Tail"],"picked":"Coffee Dripper"}],"items_purged_floors":[12],"is_endless":true,"potions_floor_spawned":[1,2,5,11,16,18,19,22],"killed_by":"Centurion and Healer","ascension_level":0}