{"gold_per_floor":[112,112,128,143,158,158,169,169,195,214,233,158,108,119,119,216,216,216,216,216,116,116,116,116,116,116,116,116,116,116,116,116,116],"floor_reached":33,"playtime":1531,"items_purged":["Strike_G","Strike_G"],"score":259,"play_id":"2f4be205-4b8e-4ded-ac36-39f9c27f366e","local_time":"20181111191626","is_ascension_mode":false,"campfire_choices":[{"data":"Neutralize","floor":6,"key":"SMITH"},{"data":"Deflect","floor":8,"key":"SMITH"},{"data":"Survivor","floor":15,"key":"SMITH"},{"data":"Adrenaline","floor":23,"key":"SMITH"},{"data":"Blur","floor":25,"key":"SMITH"},{"data":"Backflip","floor":28,"key":"SMITH"},{"data":"Poisoned Stab","floor":32,"key":"SMITH"}],"neow_cost":"NONE","seed_source_timestamp":27266556870930,"circlet_count":0,"master_deck":["Defend_G","Defend_G","Defend_G","Defend_G","Defend_G","Strike_G","Strike_G","Survivor+1","Neutralize+1","Poisoned Stab+1","Deflect+1","Slice","Flying Knee","PiercingWail","Poisoned Stab","Backflip+1","Adrenaline+1","Prepared","Blur+1","Sucker Punch","Heel Hook","Necronomicurse","Blur"],"relics":["Ring of the Snake","Anchor","Ectoplasm","Pen Nib","Oddly Smooth Stone","Necronomicon","Tiny Chest"],"potions_floor_usage":[5,5,16,22,29,29],"damage_taken":[{"damage":13,"enemies":"2 Louse","floor":1,"turns":5},{"damage":1,"enemies":"Cultist","floor":3,"turns":4},{"damage":0,"enemies":"Small Slimes","floor":4,"turns":3},{"damage":5,"enemies":"Exordium Wildlife","floor":5,"turns":6},{"damage":12,"enemies":"Blue Slaver","floor":7,"turns":5},{"damage":2,"enemies":"Looter","floor":10,"turns":3},{"damage":12,"enemies":"Large Slime","floor":11,"turns":6},{"damage":4,"enemies":"2 Fungi Beasts","floor":14,"turns":3},{"damage":11,"enemies":"The Guardian","floor":16,"turns":13},{"damage":3,"enemies":"3 Byrds","floor":18,"turns":6},{"damage":3,"enemies":"Chosen","floor":22,"turns":5},{"damage":0,"enemies":"Snake Plant","floor":27,"turns":6},{"damage":2,"enemies":"Centurion and Healer","floor":29,"turns":14},{"damage":7,"enemies":"Slavers","floor":31,"turns":11},{"damage":58,"enemies":"Collector","floor":33,"turns":6}],"seed_played":"-5399495375118517053","potions_obtained":[{"floor":3,"key":"PowerPotion"},{"floor":4,"key":"Swift Potion"},{"floor":11,"key":"EssenceOfSteel"},{"floor":16,"key":"EssenceOfSteel"},{"floor":18,"key":"AttackPotion"},{"floor":22,"key":"AttackPotion"},{"floor":29,"key":"Strength Potion"}],"is_trial":false,"path_per_floor":["M","?","M","M","M","R","M","R","T","M","M","$","?","M","R","B",null,"M","?","?","$","M","R","?","R","T","M","R","M","?","E","R","B"],"character_chosen":"THE_SILENT","items_purchased":[],"campfire_rested":0,"item_purchase_floors":[],"current_hp_per_floor":[64,77,76,76,71,71,59,59,59,57,45,45,45,41,41,30,77,74,74,74,74,71,71,71,71,71,71,71,69,53,46,46,0],"gold":116,"neow_bonus":"TEN_PERCENT_HP_BONUS","is_prod":false,"is_daily":false,"chose_seed":false,"campfire_upgraded":7,"win_rate":0,"timestamp":1541960186,"path_taken":["M","?","M","M","M","R","?","R","T","M","M","$","?","M","R","BOSS","M","?","?","?","M","R","?","R","T","M","R","M","?","E","R","BOSS"],"build_version":"2018-11-08","purchased_purges":2,"victory":false,"max_hp_per_floor":[77,77,77,77,77,77,77,77,77,77,77,77,77,77,77,77,77,77,77,77,77,77,77,77,77,77,77,77,77,77,77,77,77],"card_choices":[{"not_picked":["Dodge and Roll","Masterful Stab","PiercingWail"],"picked":"SKIP","floor":1},{"not_picked":["Finisher","Expertise"],"picked":"Poisoned Stab","floor":3},{"not_picked":["Prepared","Finisher"],"picked":"Deflect","floor":4},{"not_picked":["Dodge and Roll","Quick Slash"],"picked":"Slice","floor":5},{"not_picked":["Crippling Poison","Quick Slash"],"picked":"Flying Knee","floor":7},{"not_picked":["Blade Dance","Flying Knee"],"picked":"PiercingWail","floor":10},{"not_picked":["Dash","Terror"],"picked":"Poisoned Stab","floor":11},{"not_picked":["Quick Slash","Masterful Stab"],"picked":"Backflip","floor":14},{"not_picked":["Die Die Die","Burst"],"picked":"Adrenaline","floor":16},{"not_picked":["Accuracy","PiercingWail+1"],"picked":"Prepared","floor":18},{"not_picked":["Cloak And Dagger","Caltrops+1","PiercingWail+1"],"picked":"SKIP","floor":22},{"not_picked":["Backflip","Predator"],"picked":"Sucker Punch","floor":27},{"not_picked":["Blur+1","PiercingWail"],"picked":"Heel Hook","floor":29},{"not_picked":["PiercingWail","All Out Attack"],"picked":"Blur","floor":31}],"player_experience":289874,"relics_obtained":[{"floor":9,"key":"Anchor"},{"floor":26,"key":"Oddly Smooth Stone"},{"floor":30,"key":"Necronomicon"},{"floor":31,"key":"Tiny Chest"}],"event_choices":[{"damage_healed":13,"gold_gain":0,"player_choice":"Full Heal","damage_taken":0,"max_hp_gain":0,"max_hp_loss":0,"event_name":"Wheel of Change","floor":2,"gold_loss":0},{"cards_removed":["Strike_G"],"damage_healed":0,"gold_gain":0,"player_choice":"Card Removal","damage_taken":0,"max_hp_gain":0,"max_hp_loss":0,"event_name":"The Cleric","floor":13,"gold_loss":50},{"damage_healed":0,"gold_gain":0,"player_choice":"Ignored","damage_taken":0,"max_hp_gain":0,"max_hp_loss":0,"event_name":"Ghosts","floor":19,"gold_loss":0},{"damage_healed":0,"gold_gain":0,"player_choice":"Opened","damage_taken":0,"relics_obtained":["Pen Nib"],"max_hp_gain":0,"max_hp_loss":0,"event_name":"The Mausoleum","floor":20,"gold_loss":0},{"damage_healed":0,"gold_gain":0,"player_choice":"Read","damage_taken":0,"max_hp_gain":0,"max_hp_loss":0,"event_name":"The Library","floor":24,"gold_loss":0,"cards_obtained":["Blur"]},{"damage_healed":0,"gold_gain":0,"player_choice":"Obtained Book","damage_taken":16,"max_hp_gain":0,"max_hp_loss":0,"event_name":"Cursed Tome","floor":30,"gold_loss":0}],"is_beta":false,"boss_relics":[{"not_picked":["Tiny House","Coffee Dripper"],"picked":"Ectoplasm"}],"items_purged_floors":[12,21],"is_endless":false,"potions_floor_spawned":[3,4,11,16,18,22,29],"killed_by":"Collector","ascension_level":0}