{"gold_per_floor":[16,16,26,43,43,78,91,152,177,177,205,205,220,268,268,372,372,382,130,45,56,73,101,101,135,135,165,181,3,3,36,36,139,139,159,171,171,171,171,199,214,214,237,271,119,119,119,119,119,119],"floor_reached":51,"playtime":3580,"items_purged":["Strike_R","Strike_R"],"score":899,"play_id":"4c64f053-4434-44e6-8dca-6f60267e0161","local_time":"20181013222024","is_ascension_mode":true,"campfire_choices":[{"floor":10,"key":"REST"},{"data":"Feed","floor":12,"key":"SMITH"},{"floor":15,"key":"REST"},{"floor":24,"key":"REST"},{"floor":30,"key":"REST"},{"floor":32,"key":"REST"},{"floor":42,"key":"REST"},{"floor":46,"key":"REST"},{"floor":49,"key":"REST"}],"neow_cost":"NO_GOLD","seed_source_timestamp":31101820025243,"circlet_count":0,"master_deck":["Strike_R","Strike_R","Strike_R","Defend_R","Defend_R","Defend_R","Defend_R","Bash","Feed+1","Twin Strike","Rage","Disarm","Iron Wave","Thunderclap","Shrug It Off","Uppercut","Shrug It Off+1","True Grit","Spot Weakness","Hemokinesis+1","Sword Boomerang+1","Shrug It Off+1","Inflame","Whirlwind","Double Tap","Headbutt","Flex+1","Mayhem","Reaper"],"relics":["Burning Blood","Regal Pillow","Tiny Chest","Anchor","Omamori","Blood Vial","Fusion Hammer","PreservedInsect","WingedGreaves","Boot","Lantern","Meat on the Bone","Sundial","Bag of Preparation","Black Star","Bag of Marbles","Ancient Tea Set","Centennial Puzzle","Orichalcum","Oddly Smooth Stone","The Courier"],"potions_floor_usage":[8,16,21,33,35,50,50,50],"damage_taken":[{"damage":0,"enemies":"2 Louse","floor":1,"turns":3},{"damage":9,"enemies":"Jaw Worm","floor":3,"turns":6},{"damage":1,"enemies":"Cultist","floor":4,"turns":4},{"damage":37,"enemies":"3 Sentries","floor":6,"turns":12},{"damage":7,"enemies":"3 Louse","floor":7,"turns":4},{"damage":20,"enemies":"Gremlin Nob","floor":8,"turns":4},{"damage":48,"enemies":"Lagavulin","floor":11,"turns":9},{"damage":9,"enemies":"Large Slime","floor":13,"turns":7},{"damage":18,"enemies":"The Guardian","floor":16,"turns":15},{"damage":34,"enemies":"Shell Parasite","floor":18,"turns":8},{"damage":6,"enemies":"2 Thieves","floor":21,"turns":4},{"damage":14,"enemies":"Centurion and Healer","floor":22,"turns":10},{"damage":21,"enemies":"Book of Stabbing","floor":23,"turns":5},{"damage":55,"enemies":"Gremlin Leader","floor":25,"turns":6},{"damage":7,"enemies":"Book of Stabbing","floor":27,"turns":3},{"damage":28,"enemies":"Snecko","floor":28,"turns":7},{"damage":15,"enemies":"Slavers","floor":31,"turns":5},{"damage":86,"enemies":"Automaton","floor":33,"turns":12},{"damage":29,"enemies":"3 Darklings","floor":35,"turns":5},{"damage":15,"enemies":"3 Shapes","floor":36,"turns":8},{"damage":59,"enemies":"Giant Head","floor":40,"turns":8},{"damage":29,"enemies":"Sphere and 2 Shapes","floor":41,"turns":6},{"damage":38,"enemies":"Nemesis","floor":44,"turns":4},{"damage":90,"enemies":"Time Eater","floor":50,"turns":10}],"seed_played":"4393296834308874986","potions_obtained":[{"floor":1,"key":"GamblersBrew"},{"floor":4,"key":"FearPotion"},{"floor":6,"key":"Strength Potion"},{"floor":13,"key":"SmokeBomb"},{"floor":16,"key":"SpeedPotion"},{"floor":18,"key":"AttackPotion"},{"floor":21,"key":"Dexterity Potion"},{"floor":23,"key":"Fire Potion"},{"floor":31,"key":"EssenceOfSteel"},{"floor":33,"key":"SkillPotion"},{"floor":35,"key":"Explosive Potion"},{"floor":44,"key":"PowerPotion"}],"is_trial":false,"path_per_floor":["M","?","M","M","?","E","M","E","T","R","E","R","M","T","R","B",null,"M","$","?","M","M","E","R","E","T","E","M","$","R","E","R","B",null,"M","M","?","?","?","E","M","R","T","E","$","R","$","T","R","B"],"character_chosen":"IRONCLAD","items_purchased":["PreservedInsect","True Grit","Inflame","Reaper"],"campfire_rested":8,"item_purchase_floors":[19,19,29,45],"current_hp_per_floor":[83,88,88,91,91,63,65,54,54,99,57,57,58,58,104,96,108,80,80,80,86,84,75,120,71,71,72,64,64,115,112,124,56,124,101,94,94,94,94,55,50,101,101,71,71,122,122,122,122,63],"gold":119,"neow_bonus":"THREE_RARE_CARDS","is_prod":false,"is_daily":false,"chose_seed":false,"campfire_upgraded":1,"win_rate":0,"timestamp":1539462024,"path_taken":["M","?","M","M","?","E","M","E","T","R","E","R","M","?","R","BOSS","M","$","?","M","?","E","R","E","T","E","M","$","R","E","R","BOSS","M","M","?","?","?","E","M","R","T","E","$","R","?","?","R","BOSS"],"build_version":"2018-10-04","purchased_purges":2,"victory":true,"max_hp_per_floor":[83,88,91,91,91,94,97,100,100,100,100,100,104,104,104,108,108,108,108,108,112,116,120,120,120,120,120,120,120,120,124,124,124,124,124,124,118,118,118,118,122,122,122,122,122,122,122,122,122,122],"card_choices":[{"not_picked":["Impervious","Exhume"],"picked":"Feed","floor":0},{"not_picked":["Bloodletting","Sever Soul","Clash"],"picked":"SKIP","floor":1},{"not_picked":["Power Through","Headbutt"],"picked":"Twin Strike","floor":3},{"not_picked":["Wild Strike","Dropkick"],"picked":"Rage","floor":4},{"not_picked":["Body Slam","Evolve"],"picked":"Disarm","floor":6},{"not_picked":["Evolve","Wild Strike"],"picked":"Iron Wave","floor":7},{"not_picked":["Bludgeon","Hemokinesis"],"picked":"Thunderclap","floor":8},{"not_picked":["Rampage","Inflame"],"picked":"Shrug It Off","floor":11},{"not_picked":["Searing Blow","Heavy Blade"],"picked":"Uppercut","floor":13},{"not_picked":["Double Tap","Offering"],"picked":"Barricade","floor":16},{"not_picked":["Pommel Strike","Uppercut"],"picked":"Shrug It Off+1","floor":18},{"not_picked":["Perfected Strike+1","Iron Wave","Bloodletting"],"picked":"SKIP","floor":21},{"not_picked":["Inflame","Disarm"],"picked":"Spot Weakness","floor":22},{"not_picked":["Heavy Blade","Twin Strike"],"picked":"Hemokinesis+1","floor":23},{"not_picked":["Dual Wield+1","Burning Pact"],"picked":"Sword Boomerang+1","floor":25},{"not_picked":["Iron Wave","Body Slam+1","Feel No Pain+1"],"picked":"SKIP","floor":27},{"not_picked":["Evolve","Pummel"],"picked":"Shrug It Off+1","floor":28},{"not_picked":["Anger+1","Power Through"],"picked":"Whirlwind","floor":31},{"not_picked":["Fiend Fire","Juggernaut"],"picked":"Double Tap","floor":33},{"not_picked":["Clash","Bloodletting+1"],"picked":"Headbutt","floor":35},{"not_picked":["Hemokinesis+1","Sword Boomerang"],"picked":"Flex+1","floor":36},{"not_picked":["Mind Blast","Finesse"],"picked":"Mayhem","floor":39},{"not_picked":["Bloodletting","Dual Wield","Armaments"],"picked":"SKIP","floor":40},{"not_picked":["Anger+1","Body Slam","Clothesline"],"picked":"SKIP","floor":41},{"not_picked":["Havoc+1","Twin Strike","Pommel Strike+1"],"picked":"SKIP","floor":44}],"player_experience":165700,"relics_obtained":[{"floor":6,"key":"Regal Pillow"},{"floor":8,"key":"Tiny Chest"},{"floor":9,"key":"Anchor"},{"floor":11,"key":"Omamori"},{"floor":14,"key":"Blood Vial"},{"floor":23,"key":"Boot"},{"floor":25,"key":"Lantern"},{"floor":26,"key":"Meat on the Bone"},{"floor":27,"key":"Sundial"},{"floor":31,"key":"Bag of Preparation"},{"floor":40,"key":"Bag of Marbles"},{"floor":40,"key":"Ancient Tea Set"},{"floor":43,"key":"Centennial Puzzle"},{"floor":44,"key":"Orichalcum"},{"floor":44,"key":"Oddly Smooth Stone"},{"floor":48,"key":"The Courier"}],"event_choices":[{"event_name":"Big Fish","player_choice":"Donut","floor":2,"damage_taken":0},{"event_name":"Liars Game","player_choice":"disagreed","floor":5,"damage_taken":0},{"event_name":"Addict","player_choice":"Obtained Relic","floor":20,"damage_taken":0},{"event_name":"Winding Halls","player_choice":"Max HP","floor":37,"damage_taken":0},{"event_name":"Falling","player_choice":"Removed Power","floor":38,"damage_taken":0},{"event_name":"SensoryStone","player_choice":"Memory 1","floor":39,"damage_taken":0}],"is_beta":false,"boss_relics":[{"not_picked":["Runic Dome","Calling Bell"],"picked":"Fusion Hammer"},{"not_picked":["Tiny House","Snecko Eye"],"picked":"Black Star"}],"items_purged_floors":[19,29],"is_endless":false,"potions_floor_spawned":[1,4,6,7,13,16,18,21,23,31,33,35,41,44],"ascension_level":2}