{"gold_per_floor":[20,38,38,38,38,38,52,52,101,134,134,155,155,195,195,315,315,333,333,347,372,77,77,102,125,125,164,184,184,184],"floor_reached":30,"playtime":1542,"items_purged":[],"score":521,"play_id":"00e9d625-05b4-4097-b73a-d1fff1d7b79f","local_time":"20190128190209","is_ascension_mode":true,"campfire_choices":[{"data":"Buffer","floor":6,"key":"SMITH"},{"data":"Zap","floor":11,"key":"SMITH"},{"data":"Dualcast","floor":13,"key":"SMITH"},{"data":"Loop","floor":15,"key":"SMITH"},{"data":"Biased Cognition","floor":23,"key":"SMITH"},{"data":"FTL","floor":29,"key":"SMITH"}],"neow_cost":"NO_GOLD","seed_source_timestamp":1171655780900986,"circlet_count":0,"master_deck":["AscendersBane","Zap+1","Dualcast+1","Beam Cell","Buffer+1","Ball Lightning","Conserve Battery","Conserve Battery","All For One","Loop+1","Biased Cognition+1","Auto Shields","Sweeping Beam","Beam Cell","Rip and Tear","Heatsinks","Auto Shields","Beam Cell+1","FTL+1"],"relics":["Cracked Core","Golden Idol","PreservedInsect","Regal Pillow","Anchor","Happy Flower","Pandora\u0027s Box","Mango","DataDisk","Calipers"],"potions_floor_usage":[16,21,25,27],"damage_taken":[{"damage":7,"enemies":"2 Louse","floor":1,"turns":3},{"damage":7,"enemies":"Jaw Worm","floor":2,"turns":2},{"damage":0,"enemies":"Small Slimes","floor":7,"turns":3},{"damage":0,"enemies":"Gremlin Nob","floor":10,"turns":4},{"damage":0,"enemies":"Exordium Wildlife","floor":12,"turns":3},{"damage":0,"enemies":"Lagavulin","floor":14,"turns":6},{"damage":20,"enemies":"Hexaghost","floor":16,"turns":10},{"damage":30,"enemies":"2 Thieves","floor":18,"turns":4},{"damage":17,"enemies":"Shell Parasite","floor":20,"turns":5},{"damage":13,"enemies":"Centurion and Healer","floor":21,"turns":6},{"damage":0,"enemies":"Chosen and Byrds","floor":24,"turns":5},{"damage":6,"enemies":"Cultist and Chosen","floor":25,"turns":5},{"damage":10,"enemies":"Gremlin Leader","floor":27,"turns":5},{"damage":0,"enemies":"Shelled Parasite and Fungi","floor":28,"turns":3},{"damage":30,"enemies":"Slavers","floor":30,"turns":2}],"seed_played":"-3765662756840967765","potions_obtained":[{"floor":7,"key":"Regen Potion"},{"floor":10,"key":"EssenceOfSteel"},{"floor":16,"key":"Regen Potion"},{"floor":21,"key":"Explosive Potion"}],"is_trial":false,"path_per_floor":["M","M","?","?","?","R","M","?","T","E","R","M","R","E","R","B",null,"M","?","M","M","$","R","M","M","T","E","M","R","E"],"character_chosen":"DEFECT","items_purchased":["Mango"],"campfire_rested":0,"item_purchase_floors":[22],"current_hp_per_floor":[61,54,54,59,39,39,39,32,32,32,32,32,32,32,32,12,63,33,33,16,18,32,32,32,40,40,30,30,30,0],"gold":184,"neow_bonus":"TRANSFORM_TWO_CARDS","is_prod":false,"is_daily":false,"chose_seed":false,"campfire_upgraded":6,"win_rate":0,"timestamp":1548723729,"path_taken":["M","M","?","?","?","R","?","?","T","E","R","M","R","E","R","BOSS","M","?","M","M","$","R","M","M","T","E","M","R","E"],"build_version":"2019-01-23","purchased_purges":0,"victory":false,"max_hp_per_floor":[75,75,75,80,80,80,80,80,80,80,80,80,80,80,80,80,80,80,80,80,80,94,94,94,94,94,94,94,94,94],"card_choices":[{"not_picked":["Static Discharge","Heatsinks"],"picked":"Ball Lightning","floor":1},{"not_picked":["Go for the Eyes","Barrage"],"picked":"Conserve Battery","floor":2},{"not_picked":["Stack","Streamline"],"picked":"Conserve Battery","floor":7},{"not_picked":["Compile Driver","Steam","Stack"],"picked":"SKIP","floor":10},{"not_picked":["Turbo","Redo"],"picked":"All For One","floor":12},{"not_picked":["Recycle","Buffer"],"picked":"Loop","floor":14},{"not_picked":["Machine Learning","Thunder Strike"],"picked":"Biased Cognition","floor":16},{"not_picked":["Redo","Beam Cell"],"picked":"Auto Shields","floor":18},{"not_picked":["Barrage","Melter"],"picked":"Beam Cell+1","floor":20},{"not_picked":["Rainbow","Sunder","Streamline"],"picked":"SKIP","floor":21},{"not_picked":["Reinforced Body+1","Cold Snap"],"picked":"FTL","floor":24},{"not_picked":["Genetic Algorithm","Rebound","Blizzard"],"picked":"SKIP","floor":25},{"not_picked":["Fusion","Hologram","Stack"],"picked":"SKIP","floor":27},{"not_picked":["Sweeping Beam","Compile Driver","Lockon"],"picked":"SKIP","floor":28}],"player_experience":909858,"relics_obtained":[{"floor":9,"key":"Regal Pillow"},{"floor":10,"key":"Anchor"},{"floor":14,"key":"Happy Flower"},{"floor":26,"key":"DataDisk"},{"floor":27,"key":"Calipers"}],"event_choices":[{"cards_removed":["Strike_B"],"damage_healed":0,"gold_gain":0,"player_choice":"Forget","damage_taken":0,"max_hp_gain":0,"max_hp_loss":0,"event_name":"Living Wall","floor":3,"gold_loss":0},{"damage_healed":0,"gold_gain":0,"player_choice":"Donut","damage_taken":0,"max_hp_gain":5,"max_hp_loss":0,"event_name":"Big Fish","floor":4,"gold_loss":0},{"damage_healed":0,"gold_gain":0,"player_choice":"Take Damage","damage_taken":20,"relics_obtained":["Golden Idol"],"max_hp_gain":0,"max_hp_loss":0,"event_name":"Golden Idol","floor":5,"gold_loss":0},{"damage_healed":0,"gold_gain":0,"player_choice":"Success","damage_taken":7,"relics_obtained":["PreservedInsect"],"max_hp_gain":0,"max_hp_loss":0,"event_name":"Scrap Ooze","floor":8,"gold_loss":0},{"damage_healed":0,"gold_gain":0,"player_choice":"Ignored","damage_taken":0,"max_hp_gain":0,"max_hp_loss":0,"event_name":"Cursed Tome","floor":19,"gold_loss":0}],"is_beta":false,"boss_relics":[{"not_picked":["Snecko Eye","Velvet Choker"],"picked":"Pandora\u0027s Box"}],"items_purged_floors":[],"is_endless":false,"potions_floor_spawned":[7,10,16,20,21],"killed_by":"Slavers","ascension_level":12}