{"gold_per_floor":[119,138,158,158,158,158,7,7,32,32,71,90,114,132,132,255,255,270,5,5,5,28,28,59,59,59,84,84,84,84,84,84,184,184,199,209,209,263,263,263,22,22,47,47,57,57,91,91,91,91],"floor_reached":51,"playtime":3994,"items_purged":[],"score":639,"play_id":"1b7f5f34-a01a-4041-af89-ab5d6efb1c94","local_time":"20181006175723","is_ascension_mode":false,"campfire_choices":[{"floor":6,"key":"REST"},{"data":"Zap","floor":8,"key":"SMITH"},{"data":"Loop","floor":15,"key":"SMITH"},{"data":"Defragment","floor":23,"key":"SMITH"},{"data":"Defragment","floor":25,"key":"SMITH"},{"data":"White Noise","floor":30,"key":"SMITH"},{"data":"Dualcast","floor":32,"key":"SMITH"},{"data":"Hologram","floor":40,"key":"SMITH"},{"data":"Cold Snap","floor":42,"key":"SMITH"},{"data":"FTL","floor":46,"key":"SMITH"},{"floor":49,"key":"REST"}],"neow_cost":"PERCENT_DAMAGE","seed_source_timestamp":3737961021940,"circlet_count":0,"master_deck":["Strike_B+1","Strike_B+1","Strike_B+1","Strike_B+1","Defend_B+1","Defend_B+1","Defend_B+1","Defend_B+1","Zap+1","Dualcast+1","Cold Snap","FTL+1","Self Repair+1","Hologram+1","Rebound","Loop+1","Go for the Eyes+1","Ball Lightning","Defragment+1","Defragment+1","Cold Snap+1","White Noise+1","Core Surge","Ball Lightning+1","Defragment+1","Conserve Battery","Madness","Madness"],"relics":["Cracked Core","Bloody Idol","Juzu Bracelet","Vajra","Nuclear Battery","Bag of Preparation","Whetstone","Ornamental Fan","MutagenicStrength","Inserter","WingedGreaves","Kunai","Lantern","Ginger","Anchor"],"potions_floor_usage":[11,16,16,16,38,50],"damage_taken":[{"damage":0,"enemies":"Small Slimes","floor":1,"turns":4},{"damage":9,"enemies":"2 Louse","floor":2,"turns":3},{"damage":0,"enemies":"Cultist","floor":3,"turns":3},{"damage":7,"enemies":"Lagavulin","floor":11,"turns":7},{"damage":5,"enemies":"Looter","floor":12,"turns":3},{"damage":5,"enemies":"Gremlin Gang","floor":13,"turns":4},{"damage":0,"enemies":"3 Louse","floor":14,"turns":3},{"damage":34,"enemies":"The Guardian","floor":16,"turns":11},{"damage":14,"enemies":"Shell Parasite","floor":18,"turns":8},{"damage":7,"enemies":"Chosen","floor":22,"turns":4},{"damage":34,"enemies":"Book of Stabbing","floor":24,"turns":5},{"damage":0,"enemies":"Centurion and Healer","floor":27,"turns":6},{"damage":33,"enemies":"Collector","floor":33,"turns":9},{"damage":10,"enemies":"3 Darklings","floor":35,"turns":5},{"damage":0,"enemies":"3 Shapes","floor":36,"turns":3},{"damage":13,"enemies":"Mysterious Sphere","floor":38,"turns":5},{"damage":18,"enemies":"Mind Bloom Boss Battle","floor":44,"turns":6},{"damage":3,"enemies":"3 Darklings","floor":45,"turns":4},{"damage":5,"enemies":"Giant Head","floor":47,"turns":7},{"damage":76,"enemies":"Donu and Deca","floor":50,"turns":12}],"seed_played":"5818251830370562246","potions_obtained":[{"floor":1,"key":"Swift Potion"},{"floor":2,"key":"PowerPotion"},{"floor":5,"key":"Weak Potion"},{"floor":12,"key":"SkillPotion"},{"floor":18,"key":"Energy Potion"},{"floor":22,"key":"Poison Potion"},{"floor":33,"key":"SkillPotion"},{"floor":45,"key":"SpeedPotion"}],"is_trial":false,"path_per_floor":["M","M","M","?","?","R","$","R","T","?","E","M","M","M","R","B",null,"M","$","?","$","M","R","E","R","T","M","?","?","R","?","R","B",null,"M","M","?","?","?","R","$","R","T","?","M","R","E","?","R","B"],"character_chosen":"DEFECT","items_purchased":["FTL","Self Repair","Ball Lightning","Defragment","Bag of Preparation","Kunai"],"campfire_rested":2,"item_purchase_floors":[7,7,19,19,19,41],"current_hp_per_floor":[65,56,56,34,34,60,60,60,60,60,63,68,73,83,83,59,89,85,85,85,85,88,88,64,64,64,74,74,74,74,74,74,56,89,89,89,89,89,89,89,89,89,89,81,83,83,89,78,89,23],"gold":91,"neow_bonus":"TWENTY_PERCENT_HP_BONUS","is_prod":false,"is_daily":false,"chose_seed":false,"campfire_upgraded":9,"win_rate":0,"timestamp":1538841443,"path_taken":["M","M","M","?","?","R","$","R","T","?","E","M","M","M","R","BOSS","M","$","?","$","M","R","E","R","T","M","?","?","R","?","R","BOSS","M","M","?","?","?","R","$","R","T","?","M","R","E","?","R","BOSS"],"build_version":"2018-09-20","purchased_purges":0,"victory":true,"max_hp_per_floor":[89,89,89,89,89,89,89,89,89,89,89,89,89,89,89,89,89,89,89,89,89,89,89,89,89,89,89,89,89,89,89,89,89,89,89,89,89,89,89,89,89,89,89,89,89,89,89,89,89,89],"card_choices":[{"not_picked":["Scrape","Barrage","Capacitor"],"picked":"SKIP","floor":1},{"not_picked":["Streamline","Hello World","Barrage"],"picked":"SKIP","floor":2},{"not_picked":["Blizzard","Compile Driver"],"picked":"Cold Snap","floor":3},{"not_picked":["Fusion","Gash"],"picked":"Hologram","floor":11},{"not_picked":["Compile Driver","Auto Shields","Consume"],"picked":"SKIP","floor":12},{"not_picked":["Turbo","Stack"],"picked":"Rebound","floor":13},{"not_picked":["Compile Driver","Blizzard"],"picked":"Loop","floor":14},{"not_picked":["Steam Power","Aggregate"],"picked":"Go for the Eyes","floor":18},{"not_picked":["Beam Cell","Double Energy+1","Reinforced Body"],"picked":"SKIP","floor":22},{"not_picked":["Melter","Steam+1"],"picked":"Cold Snap","floor":24},{"not_picked":["Reinforced Body","Beam Cell+1"],"picked":"White Noise","floor":27},{"not_picked":["Electrodynamics","Fission"],"picked":"Core Surge","floor":33},{"not_picked":["Self Repair","Rebound+1","Undo+1"],"picked":"SKIP","floor":35},{"not_picked":["Sweeping Beam","Turbo+1","Compile Driver+1"],"picked":"SKIP","floor":36},{"not_picked":["Coolheaded+1","Streamline+1"],"picked":"Ball Lightning+1","floor":38},{"not_picked":["Turbo+1","Go for the Eyes"],"picked":"Defragment+1","floor":44},{"not_picked":["Barrage+1","Meteor Strike","Double Energy"],"picked":"SKIP","floor":45},{"not_picked":["Gash","Steam"],"picked":"Conserve Battery","floor":47}],"player_experience":112585,"relics_obtained":[{"floor":9,"key":"Juzu Bracelet"},{"floor":11,"key":"Vajra"},{"floor":24,"key":"Whetstone"},{"floor":26,"key":"Ornamental Fan"},{"floor":38,"key":"WingedGreaves"},{"floor":43,"key":"Lantern"},{"floor":44,"key":"Ginger"},{"floor":47,"key":"Anchor"}],"event_choices":[{"event_name":"Golden Idol","player_choice":"Take Damage","floor":4,"damage_taken":0},{"event_name":"The Lab","player_choice":"Got Potions","floor":5,"damage_taken":0},{"event_name":"Living Wall","player_choice":"Grow","floor":10,"damage_taken":0},{"event_name":"Duplicator","player_choice":"One dupe","floor":20,"damage_taken":0},{"event_name":"Back to Basics","player_choice":"Simplicity","floor":28,"damage_taken":0},{"event_name":"Forgotten Altar","player_choice":"Gave Idol","floor":29,"damage_taken":0},{"event_name":"Drug Dealer","player_choice":"Inject Mutagens","floor":31,"damage_taken":0},{"event_name":"Tomb of Lord Red Mask","player_choice":"Ignored","floor":37,"damage_taken":0},{"event_name":"Mysterious Sphere","player_choice":"Fight","floor":38,"damage_taken":0},{"event_name":"SensoryStone","player_choice":"Memory 1","floor":39,"damage_taken":0},{"event_name":"MindBloom","player_choice":"Fight","floor":44,"damage_taken":0},{"event_name":"Winding Halls","player_choice":"Embrace Madness","floor":48,"damage_taken":0}],"is_beta":false,"boss_relics":[{"not_picked":["Tiny House","Empty Cage"],"picked":"Nuclear Battery"},{"not_picked":["Coffee Dripper","Runic Dome"],"picked":"Inserter"}],"items_purged_floors":[],"is_endless":false,"potions_floor_spawned":[1,2,12,13,18,22,33,36,45],"ascension_level":0}