{"gold_per_floor":[109,21,41,41,41,67,86,86,131,131,143,143,93,104,104,205,205,223],"floor_reached":18,"playtime":865,"items_purged":[],"score":162,"play_id":"be8a5937-4b8a-47f3-bb51-163f79f1f364","local_time":"20190303184845","is_ascension_mode":false,"campfire_choices":[{"data":"Slimebound:FirmFortitude","floor":8,"key":"SMITH"},{"data":"Slimebound:SplitBruiser","floor":10,"key":"SMITH"},{"data":"Slimebound:FormOfPuddle","floor":15,"key":"SMITH"}],"neow_cost":"NONE","seed_source_timestamp":14343754699151,"circlet_count":0,"master_deck":["Slimebound:Strike_Slimebound+1","Slimebound:Strike_Slimebound+1","Slimebound:Strike_Slimebound+1","Slimebound:Defend_Slimebound","Slimebound:Defend_Slimebound","Slimebound:Defend_Slimebound+1","Slimebound:Split","Slimebound:CorrosiveSpit","Slimebound:ProtectTheBoss","Slimebound:SplitBruiser+1","Slimebound:HauntingLick","Slimebound:FormOfPuddle+1","Slimebound:LivingWall","Slimebound:FirmFortitude+1","Slimebound:Recollect","Slimebound:SplitLicking","Slimebound:DuplicatedForm","Slimebound:Gluttony+1"],"relics":["Slimebound:AbsorbEndCombat","NeowsBlessing","Smiling Mask","Whetstone","Slimebound:StudyCardRelic"],"potions_floor_usage":[],"damage_taken":[{"damage":3,"enemies":"2 Louse","floor":1,"turns":1},{"damage":0,"enemies":"Cultist","floor":3,"turns":1},{"damage":7,"enemies":"3 Sentries","floor":6,"turns":2},{"damage":6,"enemies":"Small Slimes","floor":7,"turns":4},{"damage":10,"enemies":"Looter","floor":11,"turns":4},{"damage":3,"enemies":"3 Louse","floor":14,"turns":4},{"damage":45,"enemies":"The Guardian","floor":16,"turns":11},{"damage":16,"enemies":"Chosen","floor":18,"turns":5}],"seed_played":"7820568356347866876","potions_obtained":[{"floor":1,"key":"PowerPotion"},{"floor":11,"key":"Strength Potion"},{"floor":16,"key":"SkillPotion"}],"is_trial":false,"path_per_floor":["?","$","M","?","?"],"character_chosen":"SLIMEBOUND","items_purchased":["Slimebound:SplitBruiser","Slimebound:HauntingLick"],"campfire_rested":0,"item_purchase_floors":[2,2],"current_hp_per_floor":[60,60,60,60,60,59,60,60,60,60,60,48,48,58,58,49,60,60],"gold":223,"neow_bonus":"THREE_ENEMY_KILL","is_prod":false,"is_daily":false,"chose_seed":false,"campfire_upgraded":3,"win_rate":0.0,"timestamp":1551635325,"path_taken":["M","$","M","?","?","E","?","R","T","R","M","?","?","M","R","BOSS","M"],"build_version":"2019-01-23","purchased_purges":0,"victory":false,"max_hp_per_floor":[60,60,60,60,60,60,60,60,60,60,60,60,60,60,60,60,60,60],"card_choices":[{"not_picked":["Slimebound:DivideAndConquer","Slimebound:PressTheAttack"],"picked":"Slimebound:ProtectTheBoss","floor":1},{"not_picked":["Slimebound:SelfFormingGoo","Slimebound:ViciousTackle"],"picked":"Slimebound:FormOfPuddle","floor":3},{"not_picked":["Slimebound:Prepare","Slimebound:TongueLash"],"picked":"Slimebound:LivingWall","floor":6},{"not_picked":["Slimebound:SplitLeeching","Slimebound:RainOfGoop"],"picked":"Slimebound:FirmFortitude","floor":7},{"not_picked":["Slimebound:RejuvenatingLick","Slimebound:ViciousTackle"],"picked":"Slimebound:Recollect","floor":11},{"not_picked":["Slimebound:PoisonLick","Slimebound:TendrilStrike"],"picked":"Slimebound:SplitLicking","floor":14},{"not_picked":["Slimebound:OozeBath","Slimebound:Teamwork"],"picked":"Slimebound:DuplicatedForm","floor":16},{"not_picked":["Slimebound:Recollect","Slimebound:SplitLicking"],"picked":"Slimebound:Gluttony+1","floor":18}],"player_experience":356264,"relics_obtained":[{"floor":6,"key":"Smiling Mask"},{"floor":9,"key":"Whetstone"}],"event_choices":[{"cards_removed":["Slimebound:Strike_Slimebound"],"damage_healed":0,"gold_gain":0,"player_choice":"Offered Basic","damage_taken":0,"max_hp_gain":0,"max_hp_loss":0,"event_name":"Bonfire Elementals","floor":4,"gold_loss":0},{"damage_healed":0,"gold_gain":0,"player_choice":"Entered Light","damage_taken":12,"max_hp_gain":0,"max_hp_loss":0,"event_name":"Shining Light","floor":12,"gold_loss":0,"cards_upgraded":["Slimebound:Defend_Slimebound","Slimebound:Strike_Slimebound"]},{"cards_removed":["Slimebound:Defend_Slimebound"],"damage_healed":0,"gold_gain":0,"player_choice":"Card Removal","damage_taken":0,"max_hp_gain":0,"max_hp_loss":0,"event_name":"The Cleric","floor":13,"gold_loss":50}],"is_beta":false,"boss_relics":[{"not_picked":["Lizard Tail","Slimebound:AbsorbEndCombatUpgraded"],"picked":"Slimebound:StudyCardRelic"}],"items_purged_floors":[],"is_endless":false,"potions_floor_spawned":[1,11,16],"killed_by":"Chosen","ascension_level":0}