{"path_per_floor":["M","M","T","M","?","E","M","R","T","M","$","M","M","M","R","B",null,"M","M","M","?","M","E","R","T","T","M","?"],"character_chosen":"THE_SILENT","items_purchased":["Sadistic Nature","Deadly Poison"],"gold_per_floor":[109,128,153,170,170,199,213,213,213,232,2,13,23,35,35,133,133,43,43,43,43,43,43,43,43,43,43,43,43],"floor_reached":29,"campfire_rested":2,"playtime":2266,"current_hp_per_floor":[67,58,58,58,58,39,39,39,39,39,39,32,22,14,50,15,70,45,36,13,70,50,15,51,51,51,44,44,0],"items_purged":[],"gold":43,"score":251,"play_id":"9425378f-c322-4b0c-908d-73b0419da3d0","local_time":"20180329034954","is_prod":false,"is_daily":false,"is_ascension_mode":false,"campfire_upgraded":1,"timestamp":1522309794,"path_taken":["M","M","?","M","?","E","M","R","T","M","?","M","M","M","R","BOSS","M","M","M","?","M","E","R","?","T","M","?","E"],"build_version":"2018-03-22v2","purchased_purges":0,"victory":false,"master_deck":["Defend_G","Defend_G","Defend_G","Defend_G","Defend_G","Strike_G","Strike_G","Strike_G","Strike_G","Survivor","Neutralize","Crippling Poison","Noxious Fumes+1","Poisoned Stab","Leg Sweep","Deadly Poison","Sucker Punch","Sadistic Nature","Deadly Poison","Cloak And Dagger","Wraith Form","Deadly Poison","Leg Sweep","Bouncing Flask","Flechettes","Deflect","Distraction","Writhe"],"max_hp_per_floor":[70,70,70,70,70,70,70,70,70,70,70,70,70,70,70,70,70,70,70,70,70,70,70,70,70,70,70,70,70],"relics":["Ring of the Snake","Art of War","Regal Pillow","Bottled Lightning","Ectoplasm","Peace Pipe","Ancient Tea Set","Bottled Tornado","Molten Egg 2"],"card_choices":[{"not_picked":["Dagger Throw","Distraction"],"picked":"Crippling Poison","floor":1},{"not_picked":["All Out Attack","Dagger Spray"],"picked":"Noxious Fumes","floor":2},{"not_picked":["Sucker Punch","Backflip"],"picked":"Poisoned Stab","floor":4},{"not_picked":["Dagger Throw","Envenom"],"picked":"Leg Sweep","floor":6},{"not_picked":["Acrobatics","Flying Knee"],"picked":"Deadly Poison","floor":7},{"not_picked":["Cloak And Dagger","Quick Slash"],"picked":"Sucker Punch","floor":10},{"not_picked":["Choke","Masterful Stab"],"picked":"Cloak And Dagger","floor":13},{"not_picked":["Predator","Dagger Throw"],"picked":"Terror","floor":14},{"not_picked":["Die Die Die","Tactician"],"picked":"Wraith Form","floor":16},{"not_picked":["Skewer","Backstab"],"picked":"Deadly Poison","floor":18},{"not_picked":["Quick Slash","Eviscerate"],"picked":"Leg Sweep","floor":19},{"not_picked":["Flechettes","Endless Agony"],"picked":"Bouncing Flask","floor":20},{"not_picked":["Backflip","Outmaneuver"],"picked":"Flechettes","floor":22},{"not_picked":["Riddle With Holes","Masterful Stab"],"picked":"Deflect","floor":23},{"not_picked":["Sucker Punch","Dagger Throw"],"picked":"Distraction","floor":27}],"player_experience":205690,"potions_floor_usage":[6,12,14,23,29],"damage_taken":[{"damage":3,"enemies":"Cultist","floor":1,"turns":5},{"damage":9,"enemies":"2 Louse","floor":2,"turns":4},{"damage":0,"enemies":"Jaw Worm","floor":4,"turns":6},{"damage":19,"enemies":"Lagavulin","floor":6,"turns":7},{"damage":0,"enemies":"Large Slime","floor":7,"turns":7},{"damage":0,"enemies":"Blue Slaver","floor":10,"turns":5},{"damage":16,"enemies":"3 Louse","floor":12,"turns":4},{"damage":10,"enemies":"Lots of Slimes","floor":13,"turns":5},{"damage":8,"enemies":"Exordium Wildlife","floor":14,"turns":4},{"damage":35,"enemies":"Slime Boss","floor":16,"turns":8},{"damage":25,"enemies":"2 Thieves","floor":18,"turns":4},{"damage":9,"enemies":"Chosen","floor":19,"turns":5},{"damage":23,"enemies":"Slaver and Parasite","floor":20,"turns":7},{"damage":20,"enemies":"Centurion and Healer","floor":22,"turns":7},{"damage":35,"enemies":"Gremlin Leader","floor":23,"turns":8},{"damage":7,"enemies":"Snake Plant","floor":27,"turns":4},{"damage":44,"enemies":"Slavers","floor":29,"turns":4}],"event_choices":[{"event_name":"Living Wall","player_choice":"Forget","floor":5,"damage_taken":0},{"event_name":"Bonfire Elementals","player_choice":"UNCOMMON","floor":21,"damage_taken":0},{"event_name":"The Mausoleum","player_choice":"Yes","floor":28,"damage_taken":0}],"boss_relics":[{"not_picked":["Cursed Key","Runic Dome"],"picked":"Ectoplasm"}],"potions_floor_spawned":[1,6,12,18,20],"seed_played":"4574301434429969907","killed_by":"Slavers","ascension_level":0,"is_trial":false}