{"gold_per_floor":[115,115,47,100,100,134,145,161,229,329,344,344,357,369,369,468,468,468,468,487,487,51,51,81,81,108,128,128,28,39,55,55,55],"floor_reached":33,"playtime":1704,"items_purged":["Strike_G","Strike_G"],"score":438,"play_id":"3ce83800-01b4-484b-bfeb-ac46db82f559","local_time":"20190120105050","is_ascension_mode":true,"campfire_choices":[{"data":"Neutralize","floor":12,"key":"SMITH"},{"data":"After Image","floor":15,"key":"SMITH"},{"data":"Apotheosis","floor":23,"key":"SMITH"},{"floor":28,"key":"REST"},{"data":"Noxious Fumes","floor":32,"key":"SMITH"}],"neow_cost":"NONE","seed_source_timestamp":0,"circlet_count":0,"master_deck":["AscendersBane","Defend_G","Defend_G","Defend_G","Defend_G","Defend_G","Strike_G+1","Strike_G+1","Survivor","Neutralize+1","Dagger Spray","Noxious Fumes+1","Well Laid Plans","Escape Plan","PiercingWail","Poisoned Stab","Leg Sweep","After Image+1","Adrenaline+1","Bane","Apotheosis+1","Backflip","Catalyst+1","Footwork+1","Cloak And Dagger","Caltrops+1"],"special_seed":0,"relics":["Ring of the Snake","NeowsBlessing","Whetstone","Question Card","Sozu","Happy Flower","Potion Belt","Art of War"],"potions_floor_usage":[14,18,24],"damage_taken":[{"damage":0,"enemies":"Jaw Worm","floor":1,"turns":2},{"damage":0,"enemies":"Gremlin Nob","floor":6,"turns":1},{"damage":0,"enemies":"Cultist","floor":7,"turns":1},{"damage":0,"enemies":"2 Louse","floor":8,"turns":2},{"damage":10,"enemies":"Gremlin Gang","floor":11,"turns":6},{"damage":2,"enemies":"2 Fungi Beasts","floor":13,"turns":4},{"damage":0,"enemies":"Exordium Thugs","floor":14,"turns":5},{"damage":32,"enemies":"Hexaghost","floor":16,"turns":13},{"damage":0,"enemies":"3 Byrds","floor":18,"turns":3},{"damage":1,"enemies":"Shell Parasite","floor":20,"turns":7},{"damage":11,"enemies":"Colosseum Slavers","floor":21,"turns":7},{"damage":6,"enemies":"Gremlin Leader","floor":24,"turns":6},{"damage":10,"enemies":"Cultist and Chosen","floor":27,"turns":6},{"damage":0,"enemies":"Centurion and Healer","floor":30,"turns":7},{"damage":5,"enemies":"Sentry and Sphere","floor":31,"turns":7},{"damage":44,"enemies":"Automaton","floor":33,"turns":6}],"seed_played":"1387741558291692318","potions_obtained":[{"floor":2,"key":"SteroidPotion"},{"floor":2,"key":"PowerPotion"},{"floor":2,"key":"LiquidBronze"},{"floor":7,"key":"Strength Potion"},{"floor":8,"key":"SmokeBomb"}],"is_trial":false,"path_per_floor":["M","?","$","T","?","E","M","M","T","?","M","R","M","M","R","B",null,"M","?","M","?","$","R","E","?","T","M","R","$","M","M","R","B"],"character_chosen":"THE_SILENT","items_purchased":["Noxious Fumes","Apotheosis","Happy Flower","Backflip"],"campfire_rested":1,"item_purchase_floors":[3,22,22,22],"current_hp_per_floor":[63,63,63,63,56,56,56,56,56,56,46,46,44,44,44,12,56,56,49,48,37,37,37,31,31,31,21,42,42,42,37,37,0],"gold":55,"neow_bonus":"THREE_ENEMY_KILL","is_prod":false,"is_daily":false,"chose_seed":false,"campfire_upgraded":4,"win_rate":0,"timestamp":1547977850,"path_taken":["M","?","$","?","?","E","M","M","T","?","M","R","M","?","R","BOSS","M","?","?","?","$","R","E","?","T","?","R","$","M","M","R","BOSS"],"build_version":"2019-01-17v2","purchased_purges":2,"victory":false,"max_hp_per_floor":[70,70,70,70,70,70,70,70,70,70,70,70,70,70,70,70,70,70,70,70,70,70,70,70,70,70,70,70,70,70,70,70,70],"card_choices":[{"not_picked":["Slice","Predator"],"picked":"Dagger Spray","floor":1},{"not_picked":["Sucker Punch","Eviscerate"],"picked":"Well Laid Plans","floor":6},{"not_picked":["Phantasmal Killer","PiercingWail","Setup"],"picked":"Escape Plan","floor":7},{"not_picked":["Acrobatics","Expertise","Riddle With Holes"],"picked":"PiercingWail","floor":8},{"not_picked":["Acrobatics","Prepared","Endless Agony"],"picked":"Poisoned Stab","floor":11},{"not_picked":["Deadly Poison","Setup","Deflect"],"picked":"Leg Sweep","floor":13},{"not_picked":["Dagger Spray","Quick Slash","Accuracy"],"picked":"After Image","floor":14},{"not_picked":["Storm of Steel","A Thousand Cuts","Grand Finale"],"picked":"Adrenaline","floor":16},{"not_picked":["Endless Agony","Infinite Blades","Choke"],"picked":"Bane","floor":20},{"not_picked":["Dodge and Roll","Prepared+1","Dagger Spray"],"picked":"Catalyst+1","floor":24},{"not_picked":["Outmaneuver","Blade Dance","Burst"],"picked":"Footwork+1","floor":27},{"not_picked":["Terror","Underhanded Strike","Dash"],"picked":"Cloak And Dagger","floor":30},{"not_picked":["Prepared+1","Outmaneuver","Quick Slash+1"],"picked":"Caltrops+1","floor":31}],"player_experience":539614,"relics_obtained":[{"floor":4,"key":"Whetstone"},{"floor":6,"key":"Question Card"},{"floor":24,"key":"Potion Belt"},{"floor":26,"key":"Art of War"}],"event_choices":[{"damage_healed":0,"gold_gain":0,"player_choice":"Got Potions","damage_taken":0,"max_hp_gain":0,"max_hp_loss":0,"event_name":"Lab","floor":2,"gold_loss":0},{"cards_removed":["Strike_G"],"damage_healed":0,"gold_gain":0,"player_choice":"Card Removal","damage_taken":7,"max_hp_gain":0,"max_hp_loss":0,"event_name":"Golden Wing","floor":5,"gold_loss":0},{"damage_healed":0,"gold_gain":100,"player_choice":"Pray","damage_taken":0,"max_hp_gain":0,"max_hp_loss":0,"event_name":"Golden Shrine","floor":10,"gold_loss":0},{"damage_healed":0,"gold_gain":0,"player_choice":"","damage_taken":7,"max_hp_gain":0,"max_hp_loss":0,"event_name":"Knowing Skull","floor":19,"potions_obtained":[],"gold_loss":0,"cards_obtained":[]},{"damage_healed":0,"gold_gain":0,"player_choice":"Fight","damage_taken":0,"max_hp_gain":0,"max_hp_loss":0,"event_name":"Colosseum","floor":21,"gold_loss":0},{"damage_healed":0,"gold_gain":0,"player_choice":"Fled From Nobs","damage_taken":0,"max_hp_gain":0,"max_hp_loss":0,"event_name":"Colosseum","floor":21,"gold_loss":0},{"damage_healed":0,"gold_gain":0,"player_choice":"Upgraded","damage_taken":0,"max_hp_gain":0,"max_hp_loss":0,"event_name":"Upgrade Shrine","floor":25,"gold_loss":0,"cards_upgraded":["Adrenaline"]}],"is_beta":false,"boss_relics":[{"not_picked":["Orrery","WristBlade"],"picked":"Sozu"}],"items_purged_floors":[22,29],"is_endless":false,"potions_floor_spawned":[7,8,13,18,30,31],"killed_by":"Automaton","ascension_level":10}