{"gold_per_floor":[116,68,86,86,97,115,146,146,146,156,331,359,245,96,96,170,170,188,137,148,148,168,168,180,180,205,222,222],"floor_reached":28,"playtime":1658,"items_purged":["Doubt"],"score":380,"play_id":"3f26c020-7043-46fb-97d7-6f693d613f33","local_time":"20190304031252","is_ascension_mode":true,"campfire_choices":[{"data":"Combust","floor":8,"key":"SMITH"},{"data":"Limit Break","floor":15,"key":"SMITH"},{"floor":23,"key":"REST"}],"neow_cost":"NONE","seed_source_timestamp":43800955695022,"circlet_count":0,"master_deck":["AscendersBane","Strike_R","Strike_R","Strike_R","Strike_R","Strike_R","Defend_R","Defend_R","Defend_R","Defend_R","Bash","Ghostly Armor","Twin Strike","Combust+1","Headbutt","Shrug It Off","Rupture","Inflame","Power Through","Limit Break+1","Limit Break","Whirlwind","Armaments","Shockwave","Burning Pact","Flame Barrier","Metallicize"],"relics":["Burning Blood","Gremlin Horn","Torii","Mummified Hand","Pantograph","Velvet Choker","Oddly Smooth Stone"],"potions_floor_usage":[7,12,16,22],"damage_taken":[{"damage":1,"enemies":"Small Slimes","floor":1,"turns":4},{"damage":9,"enemies":"Jaw Worm","floor":3,"turns":7},{"damage":0,"enemies":"Cultist","floor":5,"turns":3},{"damage":1,"enemies":"Large Slime","floor":6,"turns":6},{"damage":18,"enemies":"3 Sentries","floor":7,"turns":4},{"damage":1,"enemies":"Exordium Wildlife","floor":10,"turns":4},{"damage":24,"enemies":"Lagavulin","floor":12,"turns":7},{"damage":16,"enemies":"Slime Boss","floor":16,"turns":5},{"damage":24,"enemies":"3 Byrds","floor":18,"turns":5},{"damage":24,"enemies":"Spheric Guardian","floor":20,"turns":4},{"damage":22,"enemies":"Snake Plant","floor":22,"turns":4},{"damage":0,"enemies":"Cultist and Chosen","floor":24,"turns":4},{"damage":23,"enemies":"Shelled Parasite and Fungi","floor":27,"turns":9},{"damage":37,"enemies":"Slavers","floor":28,"turns":4}],"seed_played":"-5152151626222284517","potions_obtained":[{"floor":0,"key":"Strength Potion"},{"floor":0,"key":"PowerPotion"},{"floor":7,"key":"Ancient Potion"},{"floor":12,"key":"Block Potion"},{"floor":16,"key":"Energy Potion"},{"floor":18,"key":"Explosive Potion"},{"floor":20,"key":"FairyPotion"}],"is_trial":false,"path_per_floor":["?","?","M","?","$","?","?","M"],"character_chosen":"IRONCLAD","items_purchased":["Power Through","Limit Break","Armaments"],"campfire_rested":1,"item_purchase_floors":[13,14,19],"current_hp_per_floor":[77,77,74,74,80,80,68,68,68,73,73,55,55,55,55,70,78,60,60,42,27,11,36,42,42,42,25,0],"gold":222,"neow_bonus":"THREE_SMALL_POTIONS","is_prod":false,"is_daily":false,"chose_seed":false,"campfire_upgraded":2,"win_rate":0,"timestamp":1551665572,"path_taken":["M","?","M","?","?","M","E","R","T","M","?","E","?","$","R","BOSS","M","$","M","?","M","R","M","?","T","?","E"],"build_version":"2019-01-23","purchased_purges":1,"victory":false,"max_hp_per_floor":[80,80,80,80,80,80,80,80,80,80,80,80,80,80,80,80,80,80,80,80,85,85,85,85,85,85,85,85],"card_choices":[{"not_picked":["Bloodletting","Second Wind"],"picked":"Ghostly Armor","floor":1},{"not_picked":["Flex","Sword Boomerang"],"picked":"Twin Strike","floor":3},{"not_picked":["Pommel Strike","Ghostly Armor"],"picked":"Combust","floor":5},{"not_picked":["Pummel","True Grit"],"picked":"Headbutt","floor":6},{"not_picked":["Exhume","Dropkick"],"picked":"Shrug It Off","floor":7},{"not_picked":["Havoc","Headbutt"],"picked":"Rupture","floor":10},{"not_picked":["Burning Pact","Entrench"],"picked":"Inflame","floor":12},{"not_picked":["Barricade","Bludgeon"],"picked":"Limit Break","floor":16},{"not_picked":["Evolve","Clash"],"picked":"Whirlwind","floor":18},{"not_picked":["Wild Strike","Cleave"],"picked":"Shockwave","floor":20},{"not_picked":["Heavy Blade","Pommel Strike"],"picked":"Burning Pact","floor":22},{"not_picked":["Ghostly Armor","Feel No Pain"],"picked":"Flame Barrier","floor":24},{"not_picked":["Uppercut+1","Heavy Blade"],"picked":"Metallicize","floor":27}],"player_experience":354706,"relics_obtained":[{"floor":4,"key":"Gremlin Horn"},{"floor":7,"key":"Torii"},{"floor":9,"key":"Mummified Hand"},{"floor":12,"key":"Pantograph"},{"floor":26,"key":"Oddly Smooth Stone"}],"event_choices":[{"damage_healed":0,"gold_gain":0,"player_choice":"Left Gold","damage_taken":0,"max_hp_gain":0,"max_hp_loss":0,"event_name":"World of Goop","floor":2,"gold_loss":48},{"damage_healed":0,"gold_gain":0,"player_choice":"Relic","damage_taken":0,"max_hp_gain":0,"max_hp_loss":0,"event_name":"Wheel of Change","floor":4,"gold_loss":0},{"damage_healed":0,"gold_gain":175,"player_choice":"AGREE","damage_taken":0,"max_hp_gain":0,"max_hp_loss":0,"event_name":"Liars Game","floor":11,"gold_loss":0,"cards_obtained":["Doubt"]},{"damage_healed":0,"gold_gain":0,"player_choice":"Shed Blood","damage_taken":20,"max_hp_gain":5,"max_hp_loss":0,"event_name":"Forgotten Altar","floor":21,"gold_loss":0},{"damage_healed":0,"gold_gain":0,"player_choice":"Ignored","damage_taken":0,"max_hp_gain":0,"max_hp_loss":0,"event_name":"The Mausoleum","floor":25,"gold_loss":0}],"is_beta":false,"boss_relics":[{"not_picked":["White Beast Statue","Astrolabe"],"picked":"Velvet Choker"}],"items_purged_floors":[13],"is_endless":false,"potions_floor_spawned":[1,3,7,12,16,18,20],"killed_by":"Slavers","ascension_level":13}