{"gold_per_floor":[111,111,20,33,33,63,63,82,108,127,154,170,182,182,182,307,307,290,290,77,77,100,141,159,159],"floor_reached":25,"playtime":2131,"items_purged":["Strike_B"],"score":385,"play_id":"b300d747-2c60-4dc4-8647-2d3bf607b606","local_time":"20190105064329","is_ascension_mode":true,"campfire_choices":[{"data":"Zap","floor":7.0,"key":"SMITH"},{"data":"Buffer","floor":15.0,"key":"SMITH"}],"neow_cost":"NONE","seed_source_timestamp":1158090325440962,"circlet_count":0,"master_deck":["Defend_B","Defend_B","Defend_B","Defend_B","Zap+1","Dualcast","Auto Shields","Discovery","Self Repair","White Noise","Leap","Cold Snap","Echo Form","Buffer+1","Coolheaded","Rainbow","Reprogram+1","Recycle","Rainbow","Apotheosis","Reprogram+1"],"special_seed":0,"relics":["Cracked Core","NeowsBlessing","Smiling Mask","Ancient Tea Set","DataDisk","Golden Idol","Coffee Dripper","Nilry\u0027s Codex","Dream Catcher"],"potions_floor_usage":[25],"damage_taken":[{"damage":0.0,"enemies":"Jaw Worm","floor":1.0,"turns":1.0},{"damage":0.0,"enemies":"Small Slimes","floor":4.0,"turns":1.0},{"damage":0.0,"enemies":"3 Sentries","floor":6.0,"turns":1.0},{"damage":0.0,"enemies":"Cultist","floor":8.0,"turns":4.0},{"damage":19.0,"enemies":"Gremlin Gang","floor":10.0,"turns":5.0},{"damage":31.0,"enemies":"Lagavulin","floor":11.0,"turns":8.0},{"damage":4.0,"enemies":"Large Slime","floor":12.0,"turns":6.0},{"damage":3.0,"enemies":"Looter","floor":13.0,"turns":3.0},{"damage":0.0,"enemies":"Slime Boss","floor":16.0,"turns":17.0},{"damage":1.0,"enemies":"2 Thieves","floor":18.0,"turns":4.0},{"damage":0.0,"enemies":"3 Byrds","floor":22.0,"turns":2.0},{"damage":34.0,"enemies":"Slavers","floor":23.0,"turns":7.0},{"damage":12.0,"enemies":"Centurion and Healer","floor":24.0,"turns":7.0},{"damage":39,"enemies":"Gremlin Leader","floor":25,"turns":3}],"seed_played":"6545250611931994256","potions_obtained":[{"floor":4.0,"key":"LiquidBronze"},{"floor":5.0,"key":"FairyPotion"},{"floor":5.0,"key":"SteroidPotion"},{"floor":5.0,"key":"SpeedPotion"},{"floor":11.0,"key":"PowerPotion"},{"floor":24.0,"key":"SpeedPotion"}],"is_trial":false,"path_per_floor":["M","?","$","M","?","E","R","M","T","M","E","M","M","?","R","B",null,"M","?","$","?","M","E","M","E"],"character_chosen":"DEFECT","items_purchased":["Discovery","Apotheosis"],"campfire_rested":0,"item_purchase_floors":[3,20],"current_hp_per_floor":[75,75,75,75,75,75,75,75,75,63,39,42,46,28,28,35,65,71,71,71,55,55,31,26,0],"gold":159,"neow_bonus":"THREE_ENEMY_KILL","is_prod":false,"is_daily":false,"chose_seed":false,"campfire_upgraded":2,"win_rate":0,"timestamp":1546692209,"path_taken":["M","?","$","M","?","E","R","M","T","?","E","?","M","?","R","BOSS","M","?","$","?","M","E","M","E"],"build_version":"2019-01-03v4","purchased_purges":1,"victory":false,"max_hp_per_floor":[75,75,75,75,75,75,75,75,75,75,75,75,75,75,75,75,75,75,75,75,75,75,75,75,75],"card_choices":[{"not_picked":["Ball Lightning","Lockon"],"picked":"Auto Shields","floor":1.0},{"not_picked":["Chill","FTL"],"picked":"Self Repair","floor":4.0},{"not_picked":["Doom and Gloom","Chaos"],"picked":"White Noise","floor":6.0},{"not_picked":["Hello World","Sweeping Beam"],"picked":"Leap","floor":8.0},{"not_picked":["Redo","Sweeping Beam"],"picked":"Cold Snap","floor":10.0},{"not_picked":["Redo","Leap"],"picked":"Echo Form","floor":11.0},{"not_picked":["Conserve Battery","Turbo"],"picked":"Buffer","floor":12.0},{"not_picked":["Recycle","Heatsinks"],"picked":"Coolheaded","floor":13.0},{"not_picked":["Multi-Cast","Thunder Strike"],"picked":"Rainbow","floor":16.0},{"not_picked":["Darkness","Redo"],"picked":"Reprogram+1","floor":18.0},{"not_picked":["Sweeping Beam","Hologram","Reprogram+1"],"picked":"SKIP","floor":22.0},{"not_picked":["Undo","Scrape","Coolheaded"],"picked":"SKIP","floor":23.0},{"not_picked":["Leap","Sweeping Beam"],"picked":"Reprogram+1","floor":24.0}],"player_experience":465388,"relics_obtained":[{"floor":6.0,"key":"Smiling Mask"},{"floor":9.0,"key":"Ancient Tea Set"},{"floor":11.0,"key":"DataDisk"},{"floor":21.0,"key":"Nilry\u0027s Codex"},{"floor":23.0,"key":"Dream Catcher"}],"event_choices":[{"cards_removed":["Strike_B"],"damage_healed":0.0,"max_hp_gain":0.0,"max_hp_loss":0.0,"gold_gain":0.0,"event_name":"Living Wall","player_choice":"Forget","floor":2.0,"gold_loss":0.0,"damage_taken":0.0},{"damage_healed":0.0,"max_hp_gain":0.0,"max_hp_loss":0.0,"gold_gain":0.0,"event_name":"Lab","player_choice":"Got Potions","floor":5.0,"gold_loss":0.0,"damage_taken":0.0},{"damage_healed":0.0,"max_hp_gain":0.0,"max_hp_loss":0.0,"gold_gain":0.0,"event_name":"Golden Idol","player_choice":"Take Damage","floor":14.0,"gold_loss":0.0,"damage_taken":18.0,"relics_obtained":["Golden Idol"]},{"damage_healed":0.0,"max_hp_gain":0.0,"max_hp_loss":0.0,"gold_gain":0.0,"cards_transformed":["Strike_B","Strike_B"],"event_name":"Drug Dealer","player_choice":"Became Test Subject","floor":19.0,"gold_loss":0.0,"damage_taken":0.0,"cards_obtained":["Recycle","Rainbow"]},{"damage_healed":0.0,"max_hp_gain":0.0,"max_hp_loss":0.0,"gold_gain":0.0,"event_name":"Cursed Tome","player_choice":"Obtained Book","floor":21.0,"gold_loss":0.0,"damage_taken":16.0}],"is_beta":false,"boss_relics":[{"not_picked":["White Beast Statue","FrozenCore"],"picked":"Coffee Dripper"}],"items_purged_floors":[20],"is_endless":false,"potions_floor_spawned":[4,6,10,11,22,24],"killed_by":"Gremlin Leader","ascension_level":5}