{"gold_per_floor":[119,119,119,119,135,160,160,187,187,62,62,11,29,42,42,140,140,159,159,4,0,12,37,37,48,48,48,58,74,74,5,5,108,108,118,218,218,71,91,91,56,56,106,106,206,224,236,256,256,256],"floor_reached":51,"playtime":3824,"items_purged":["Defend_G"],"score":674,"play_id":"1e619484-542a-4cf0-b573-aeeef127190b","local_time":"20181107222319","is_ascension_mode":true,"campfire_choices":[{"data":"Wraith Form v2","floor":7,"key":"SMITH"},{"floor":11,"key":"REST"},{"data":"Well Laid Plans","floor":15,"key":"SMITH"},{"data":"Caltrops","floor":24,"key":"SMITH"},{"floor":27,"key":"REST"},{"data":"Caltrops","floor":30,"key":"SMITH"},{"data":"Footwork","floor":32,"key":"SMITH"},{"data":"Footwork","floor":40,"key":"SMITH"},{"data":"Tools of the Trade","floor":42,"key":"SMITH"},{"data":"PiercingWail","floor":44,"key":"SMITH"},{"floor":49,"key":"REST"}],"neow_cost":"PERCENT_DAMAGE","seed_source_timestamp":7515080316122,"circlet_count":0,"master_deck":["Defend_G","Defend_G","Defend_G","Defend_G","Strike_G","Strike_G+1","Strike_G+1","Strike_G","Survivor","Neutralize","Wraith Form v2+1","Caltrops+1","Caltrops+1","Quick Slash","Cloak And Dagger","Well Laid Plans+1","Dagger Throw","Dagger Throw","All Out Attack","Tools of the Trade+1","Sucker Punch+1","Footwork+1","Dagger Throw","All Out Attack","Quick Slash+1","Footwork+1","Unload","PiercingWail+1","Blur"],"relics":["Ring of the Snake","Vajra","Lantern","Tough Bandages","Velvet Choker","Ornamental Fan","Sundial","Busted Crown","Incense Burner","Oddly Smooth Stone","Art of War"],"potions_floor_usage":[5,25,39,47,50,50,50],"damage_taken":[{"damage":7,"enemies":"Small Slimes","floor":1,"turns":7},{"damage":11,"enemies":"Jaw Worm","floor":5,"turns":5},{"damage":9,"enemies":"Gremlin Nob","floor":6,"turns":6},{"damage":1,"enemies":"2 Louse","floor":13,"turns":2},{"damage":0,"enemies":"Looter","floor":14,"turns":2},{"damage":17,"enemies":"The Guardian","floor":16,"turns":11},{"damage":15,"enemies":"Spheric Guardian","floor":18,"turns":3},{"damage":2,"enemies":"2 Thieves","floor":22,"turns":4},{"damage":3,"enemies":"Gremlin Leader","floor":23,"turns":5},{"damage":15,"enemies":"Snecko","floor":25,"turns":5},{"damage":0,"enemies":"Shelled Parasite and Fungi","floor":28,"turns":5},{"damage":6,"enemies":"Snake Plant","floor":29,"turns":4},{"damage":39,"enemies":"Collector","floor":33,"turns":13},{"damage":2,"enemies":"3 Shapes","floor":35,"turns":4},{"damage":0,"enemies":"Mind Bloom Boss Battle","floor":36,"turns":6},{"damage":14,"enemies":"3 Darklings","floor":39,"turns":5},{"damage":11,"enemies":"4 Shapes","floor":46,"turns":7},{"damage":21,"enemies":"Writhing Mass","floor":47,"turns":7},{"damage":0,"enemies":"Spire Growth","floor":48,"turns":6},{"damage":21,"enemies":"Time Eater","floor":50,"turns":12}],"seed_played":"8092462551177169226","potions_obtained":[{"floor":1,"key":"SkillPotion"},{"floor":5,"key":"Strength Potion"},{"floor":22,"key":"Swift Potion"},{"floor":25,"key":"Strength Potion"},{"floor":35,"key":"GamblersBrew"},{"floor":47,"key":"Weak Potion"},{"floor":48,"key":"Poison Potion"}],"is_trial":false,"path_per_floor":["M","?","?","?","M","E","R","T","T","$","R","$","M","M","R","B",null,"M","?","$","?","M","E","R","M","T","R","M","M","R","$","R","B",null,"M","?","?","$","M","R","$","R","T","R","?","M","M","M","R","B",null],"character_chosen":"THE_SILENT","items_purchased":["Cloak And Dagger","Well Laid Plans","Dagger Throw","Footwork","Footwork","Oddly Smooth Stone","Blur"],"campfire_rested":3,"item_purchase_floors":[10,10,12,20,31,38,41],"current_hp_per_floor":[42,28,51,44,33,24,24,24,24,24,45,45,44,44,44,27,70,55,55,55,55,53,50,50,35,35,56,56,50,50,50,50,11,70,68,68,68,68,54,54,54,54,54,54,54,43,22,22,43,22],"gold":256,"neow_bonus":"THREE_RARE_CARDS","is_prod":false,"is_daily":false,"chose_seed":false,"campfire_upgraded":8,"win_rate":0,"timestamp":1541625799,"path_taken":["M","?","?","?","M","E","R","?","T","?","R","$","M","M","R","BOSS","M","?","$","?","M","E","R","M","T","R","M","M","R","$","R","BOSS","M","?","?","$","?","R","?","R","T","R","?","M","M","M","R","BOSS"],"build_version":"2018-11-01","purchased_purges":1,"victory":true,"max_hp_per_floor":[70,70,70,70,70,70,70,70,70,70,70,70,70,70,70,70,70,70,70,70,70,70,70,70,70,70,70,70,70,70,70,70,70,70,70,70,70,70,70,70,70,70,70,70,70,70,70,70,70,70],"card_choices":[{"not_picked":["Envenom","Tools of the Trade"],"picked":"Wraith Form v2","floor":0},{"not_picked":["Terror","Infinite Blades"],"picked":"Caltrops","floor":1},{"not_picked":["Poisoned Stab","Crippling Poison"],"picked":"Caltrops","floor":5},{"not_picked":["Predator","Bane"],"picked":"Quick Slash","floor":6},{"not_picked":["Concentrate","Acrobatics"],"picked":"Dagger Throw","floor":13},{"not_picked":["Slice","Dagger Spray"],"picked":"All Out Attack","floor":14},{"not_picked":["Venomology","Night Terror"],"picked":"Tools of the Trade","floor":16},{"not_picked":["Poisoned Stab","Acrobatics"],"picked":"Sucker Punch+1","floor":18},{"not_picked":["Backflip","Slice"],"picked":"Dagger Throw","floor":22},{"not_picked":["Catalyst","Malaise"],"picked":"All Out Attack","floor":23},{"not_picked":["Acrobatics","Deadly Poison+1","Heel Hook"],"picked":"SKIP","floor":25},{"not_picked":["Dagger Throw","Deadly Poison","Underhanded Strike"],"picked":"SKIP","floor":28},{"not_picked":["Deadly Poison+1","Acrobatics"],"picked":"Quick Slash+1","floor":29},{"not_picked":["Venomology","Glass Knife"],"picked":"Unload","floor":33},{"not_picked":["Infinite Blades+1"],"picked":"SKIP","floor":35},{"not_picked":[],"picked":"PiercingWail","floor":39},{"not_picked":["Acrobatics+1"],"picked":"SKIP","floor":46},{"not_picked":["Infinite Blades"],"picked":"SKIP","floor":47},{"not_picked":["Escape Plan+1"],"picked":"SKIP","floor":48}],"player_experience":237893,"relics_obtained":[{"floor":6,"key":"Vajra"},{"floor":8,"key":"Lantern"},{"floor":9,"key":"Tough Bandages"},{"floor":23,"key":"Ornamental Fan"},{"floor":26,"key":"Sundial"},{"floor":36,"key":"Incense Burner"},{"floor":43,"key":"Art of War"}],"event_choices":[{"damage_healed":0,"gold_gain":0,"player_choice":"Entered Light","damage_taken":14,"max_hp_gain":0,"max_hp_loss":0,"event_name":"Shining Light","floor":2,"gold_loss":0,"cards_upgraded":["Strike_G","Strike_G"]},{"damage_healed":23,"gold_gain":0,"player_choice":"Banana","damage_taken":0,"max_hp_gain":0,"max_hp_loss":0,"event_name":"Big Fish","floor":3,"gold_loss":0},{"cards_removed":["Strike_G"],"damage_healed":0,"gold_gain":0,"player_choice":"Card Removal","damage_taken":7,"max_hp_gain":0,"max_hp_loss":0,"event_name":"Golden Wing","floor":4,"gold_loss":0},{"damage_healed":0,"gold_gain":0,"player_choice":"Ignored","damage_taken":0,"max_hp_gain":0,"max_hp_loss":0,"event_name":"Vampires","floor":19,"gold_loss":0},{"damage_healed":0,"gold_gain":0,"player_choice":"Paid Fearfully","damage_taken":0,"max_hp_gain":0,"max_hp_loss":0,"event_name":"Masked Bandits","floor":21,"gold_loss":4},{"damage_healed":0,"gold_gain":0,"player_choice":"Fight","damage_taken":0,"max_hp_gain":0,"max_hp_loss":0,"event_name":"MindBloom","floor":36,"gold_loss":0},{"damage_healed":0,"gold_gain":0,"player_choice":"Bought 0 Potions","damage_taken":0,"max_hp_gain":0,"max_hp_loss":0,"event_name":"The Woman in Blue","floor":37,"gold_loss":0},{"damage_healed":0,"gold_gain":100,"player_choice":"Pray","damage_taken":0,"max_hp_gain":0,"max_hp_loss":0,"event_name":"Golden Shrine","floor":45,"gold_loss":0}],"is_beta":false,"boss_relics":[{"not_picked":["Coffee Dripper","Lizard Tail"],"picked":"Velvet Choker"},{"not_picked":["Cursed Key","Empty Cage"],"picked":"Busted Crown"}],"items_purged_floors":[20],"is_endless":false,"potions_floor_spawned":[1,5,22,25,35,47,48],"ascension_level":2}