{"path_per_floor":["M","?","M","?","M","E","R","E","T","R","M","M","M","E","R","B",null,"M","M","$","$","?","R"],"character_chosen":"IRONCLAD","items_purchased":["Membership Card","Dual Wield"],"gold_per_floor":[109,59,75,75,87,115,115,140,140,140,151,163,183,213,213,311,311,322,337,71,41,41,41,41],"floor_reached":24,"campfire_rested":1,"playtime":1543,"current_hp_per_floor":[80,80,77,61,61,47,47,40,40,64,51,41,37,32,32,33,80,64,39,39,39,39,39,0],"items_purged":["Strike_R"],"gold":41,"score":253,"play_id":"be7a75c1-83e0-4071-9207-0f8cde5a03ed","local_time":"20180422040047","is_prod":false,"is_daily":false,"chose_seed":false,"is_ascension_mode":true,"campfire_upgraded":3,"timestamp":1524384047,"path_taken":["M","?","?","?","M","E","R","E","T","R","M","M","M","E","R","BOSS","M","M","?","$","?","R","E"],"build_version":"2018-04-19","seed_source_timestamp":52210185030310,"purchased_purges":1,"victory":false,"master_deck":["Strike_R","Strike_R","Strike_R","Defend_R+1","Defend_R+1","Defend_R","Defend_R","Bash","Disarm+1","Searing Blow","Blood for Blood","Spot Weakness","Havoc","Seeing Red","Demon Form+1","Heavy Blade+1","Feel No Pain","Demon Form","True Grit","Havoc","Dual Wield"],"max_hp_per_floor":[80,80,80,80,80,80,80,80,80,80,80,80,80,80,80,80,80,80,80,80,80,80,80,80],"relics":["Snecko Eye","Letter Opener","Pantograph","Matryoshka","Bottled Flame","Cursed Key","Membership Card"],"card_choices":[{"not_picked":["Iron Wave","Sword Boomerang"],"picked":"Disarm","floor":1},{"not_picked":["Feel No Pain","Bloodletting"],"picked":"Searing Blow","floor":3},{"not_picked":["Battle Trance","Sever Soul"],"picked":"Blood for Blood","floor":5},{"not_picked":["Thunderclap","Armaments"],"picked":"Spot Weakness","floor":6},{"not_picked":["Combust","Sentinel"],"picked":"Havoc","floor":8},{"not_picked":["Armaments","Shrug It Off"],"picked":"Seeing Red","floor":11},{"not_picked":["Headbutt","Clothesline"],"picked":"Demon Form","floor":12},{"not_picked":["Feel No Pain","Clothesline"],"picked":"Heavy Blade","floor":13},{"not_picked":["Dual Wield","Thunderclap"],"picked":"Feel No Pain","floor":14},{"not_picked":["Limit Break","Reaper"],"picked":"Demon Form","floor":16},{"not_picked":["Sword Boomerang","Shockwave"],"picked":"True Grit","floor":18},{"not_picked":["Wild Strike","Thunderclap"],"picked":"Havoc","floor":19}],"player_experience":277268,"potions_floor_usage":[13,16,18,24,24],"damage_taken":[{"damage":0,"enemies":"2 Louse","floor":1,"turns":3},{"damage":3,"enemies":"Small Slimes","floor":3,"turns":3},{"damage":0,"enemies":"Cultist","floor":5,"turns":2},{"damage":14,"enemies":"Gremlin Nob","floor":6,"turns":3},{"damage":7,"enemies":"Lagavulin","floor":8,"turns":4},{"damage":13,"enemies":"2 Fungi Beasts","floor":11,"turns":3},{"damage":10,"enemies":"3 Louse","floor":12,"turns":3},{"damage":4,"enemies":"Blue Slaver","floor":13,"turns":3},{"damage":5,"enemies":"Gremlin Nob","floor":14,"turns":3},{"damage":24,"enemies":"The Guardian","floor":16,"turns":6},{"damage":16,"enemies":"2 Thieves","floor":18,"turns":4},{"damage":25,"enemies":"Chosen","floor":19,"turns":3},{"damage":42,"enemies":"Book of Stabbing","floor":24,"turns":5}],"event_choices":[{"event_name":"The Cleric","player_choice":"Card Removal","floor":2,"damage_taken":0},{"event_name":"Shining Light","player_choice":"Entered Light","floor":4,"damage_taken":0},{"event_name":"Cursed Tome","player_choice":"Ignored","floor":22,"damage_taken":0}],"boss_relics":[{"not_picked":["White Beast Statue","Tiny House"],"picked":"Cursed Key"}],"potions_floor_spawned":[1,11,12,14,16,19],"seed_played":"-1079590406881817768","killed_by":"Book of Stabbing","ascension_level":1,"is_trial":false}