{"gold_per_floor":[113,123,123,135,14,39,39,57,57,82,82,82,82,7,7,105,105,120,138,138,53,53,84,102,102,129,155,155,169,184,6,6,107,107,123,123,123,141,153,153,179,198,272,284,284,284,310,327,327,327],"floor_reached":51,"playtime":3462,"items_purged":["Strike_G","Strike_G"],"score":755,"play_id":"f5e0988a-864a-4a67-ab76-bc2a2d91f38f","local_time":"20180810225522","is_ascension_mode":false,"campfire_choices":[{"data":"Footwork","floor":7,"key":"SMITH"},{"data":"Infinite Blades","floor":11,"key":"SMITH"},{"data":"Neutralize","floor":13,"key":"SMITH"},{"data":"Blade Dance","floor":15,"key":"SMITH"},{"data":"Blade Dance","floor":25,"key":"SMITH"},{"data":"Adrenaline","floor":28,"key":"SMITH"},{"data":"Accuracy","floor":32,"key":"SMITH"},{"data":"Noxious Fumes","floor":40,"key":"SMITH"},{"floor":45,"key":"REST"},{"floor":49,"key":"REST"}],"neow_cost":"NONE","seed_source_timestamp":566171020630598,"circlet_count":0,"master_deck":["Defend_G","Defend_G","Defend_G","Defend_G","Strike_G","Survivor","Neutralize+1","Sucker Punch","After Image","Infinite Blades+1","Blade Dance+1","Footwork+1","Blade Dance+1","Deflect","Adrenaline+1","Quick Slash+1","Dodge and Roll+1","Decay","Footwork+1","Endless Agony+1","Noxious Fumes+1","Accuracy+1","Backflip","Blade Dance+1","PiercingWail+1","Accuracy"],"relics":["Ring of the Snake","Bottled Tornado","Ornamental Fan","Gremlin Horn","Philosopher\u0027s Stone","Mercury Hourglass","Pear","Boot","Happy Flower","Lizard Tail","Unceasing Top","Molten Egg 2","Smiling Mask","The Specimen"],"potions_floor_usage":[6,18,23,47,47,47,48],"damage_taken":[{"damage":0,"enemies":"Jaw Worm","floor":1,"turns":4},{"damage":0,"enemies":"Cultist","floor":2,"turns":6},{"damage":0,"enemies":"Small Slimes","floor":4,"turns":6},{"damage":7,"enemies":"3 Sentries","floor":6,"turns":11},{"damage":3,"enemies":"Looter","floor":8,"turns":3},{"damage":11,"enemies":"Gremlin Nob","floor":10,"turns":6},{"damage":7,"enemies":"The Guardian","floor":16,"turns":20},{"damage":7,"enemies":"2 Thieves","floor":18,"turns":4},{"damage":0,"enemies":"3 Byrds","floor":19,"turns":6},{"damage":22,"enemies":"Slavers","floor":23,"turns":7},{"damage":0,"enemies":"Cultist and Chosen","floor":24,"turns":9},{"damage":2,"enemies":"Book of Stabbing","floor":27,"turns":6},{"damage":0,"enemies":"3 Cultists","floor":29,"turns":5},{"damage":0,"enemies":"Snake Plant","floor":30,"turns":4},{"damage":24,"enemies":"Automaton","floor":33,"turns":11},{"damage":0,"enemies":"3 Darklings","floor":35,"turns":6},{"damage":0,"floor":36,"turns":7},{"damage":11,"enemies":"3 Shapes","floor":38,"turns":4},{"damage":0,"enemies":"Maw","floor":39,"turns":7},{"damage":0,"enemies":"Giant Head","floor":41,"turns":8},{"damage":24,"enemies":"Spire Growth","floor":42,"turns":5},{"damage":31,"enemies":"3 Darklings","floor":44,"turns":4},{"damage":5,"enemies":"2 Orb Walkers","floor":47,"turns":5},{"damage":6,"enemies":"Sphere and 2 Shapes","floor":48,"turns":5},{"damage":68,"enemies":"Time Eater","floor":50,"turns":12}],"seed_played":"8654755735615500098","potions_obtained":[{"floor":2,"key":"SteroidPotion"},{"floor":6,"key":"SpeedPotion"},{"floor":8,"key":"SkillPotion"},{"floor":10,"key":"Energy Potion"},{"floor":18,"key":"AttackPotion"},{"floor":23,"key":"Dexterity Potion"},{"floor":47,"key":"AttackPotion"}],"is_trial":false,"path_per_floor":["M","M","?","M","$","E","R","M","T","E","R","?","R","$","R","B",null,"M","M","?","?","?","E","M","R","T","E","R","M","M","$","R","B",null,"M","?","$","M","M","R","E","M","T","M","R","?","E","M","R","B"],"character_chosen":"THE_SILENT","items_purchased":["Infinite Blades","Blade Dance","Accuracy"],"campfire_rested":2,"item_purchase_floors":[5,5,31],"current_hp_per_floor":[70,70,70,70,70,63,63,60,60,49,49,42,42,42,42,35,70,63,63,63,63,63,51,51,51,51,49,49,49,49,49,49,25,80,80,80,80,69,69,69,69,45,45,14,38,38,33,27,51,25],"gold":327,"neow_bonus":"REMOVE_CARD","is_prod":false,"is_daily":false,"chose_seed":false,"campfire_upgraded":8,"win_rate":0,"timestamp":1533934522,"path_taken":["M","M","?","M","$","E","R","?","T","E","R","?","R","$","R","BOSS","M","M","?","?","?","E","M","R","T","E","R","M","M","$","R","BOSS","M","?","$","M","?","R","E","M","T","M","R","?","E","M","R","BOSS"],"build_version":"2018-08-09","purchased_purges":2,"victory":true,"max_hp_per_floor":[70,70,70,70,70,70,70,70,70,70,70,70,70,70,70,70,70,70,70,70,70,70,80,80,80,80,80,80,80,80,80,80,80,80,80,80,80,80,80,80,80,80,80,80,80,80,80,80,80,80],"card_choices":[{"not_picked":["Skewer","Dodge and Roll"],"picked":"Sucker Punch","floor":1},{"not_picked":["Accuracy","Bane","All Out Attack"],"picked":"SKIP","floor":2},{"not_picked":["Infinite Blades","Sucker Punch"],"picked":"After Image","floor":4},{"not_picked":["Riddle With Holes","Outmaneuver"],"picked":"Footwork","floor":6},{"not_picked":["Dagger Throw","Underhanded Strike"],"picked":"Blade Dance","floor":8},{"not_picked":["Underhanded Strike","Bouncing Flask"],"picked":"Deflect","floor":10},{"not_picked":["Night Terror","Tools of the Trade"],"picked":"Adrenaline","floor":16},{"not_picked":["Deadly Poison","Predator+1"],"picked":"Quick Slash+1","floor":18},{"not_picked":["Eviscerate","Calculated Gamble+1"],"picked":"Dodge and Roll+1","floor":19},{"not_picked":["Quick Slash","PiercingWail+1"],"picked":"Footwork+1","floor":23},{"not_picked":["Dagger Spray","Well Laid Plans","Backstab"],"picked":"SKIP","floor":24},{"not_picked":["Bullet Time","Quick Slash","Flying Knee"],"picked":"SKIP","floor":27},{"not_picked":["Quick Slash","Poisoned Stab"],"picked":"Endless Agony+1","floor":29},{"not_picked":["Flying Knee","Deadly Poison"],"picked":"Noxious Fumes","floor":30},{"not_picked":["Dagger Throw+1","Acrobatics"],"picked":"Backflip","floor":35},{"not_picked":["Deflect","Slice"],"picked":"Blade Dance+1","floor":36},{"not_picked":["Dagger Throw","Bouncing Flask+1","Deflect+1"],"picked":"SKIP","floor":38},{"not_picked":["Distraction+1","PiercingWail","Outmaneuver"],"picked":"SKIP","floor":39},{"not_picked":["Grand Finale","Calculated Gamble","Dodge and Roll+1"],"picked":"SKIP","floor":41},{"not_picked":["Leg Sweep+1","Acrobatics","Distraction"],"picked":"SKIP","floor":42},{"not_picked":["Reflex","Deadly Poison"],"picked":"PiercingWail+1","floor":44},{"not_picked":["Bullet Time","Deadly Poison+1"],"picked":"Accuracy","floor":47},{"not_picked":["Bouncing Flask","Endless Agony+1","Calculated Gamble+1"],"picked":"SKIP","floor":48}],"player_experience":128369,"relics_obtained":[{"floor":6,"key":"Bottled Tornado"},{"floor":9,"key":"Ornamental Fan"},{"floor":10,"key":"Gremlin Horn"},{"floor":23,"key":"Pear"},{"floor":26,"key":"Boot"},{"floor":27,"key":"Happy Flower"},{"floor":36,"key":"Unceasing Top"},{"floor":41,"key":"Molten Egg 2"},{"floor":43,"key":"Smiling Mask"},{"floor":47,"key":"The Specimen"}],"event_choices":[{"event_name":"Purifier","player_choice":"One Purge","floor":3,"damage_taken":0},{"event_name":"Golden Wing","player_choice":"Card Removal","floor":12,"damage_taken":0},{"event_name":"The Woman in Blue","player_choice":"Bought 0 Potions","floor":20,"damage_taken":0},{"event_name":"Addict","player_choice":"Obtained Relic","floor":21,"damage_taken":0},{"event_name":"Forgotten Altar","player_choice":"Smashed Altar","floor":22,"damage_taken":0},{"event_name":"MindBloom","player_choice":"Fight","floor":36,"damage_taken":0},{"event_name":"SecretPortal","player_choice":"Rejected Portal.","floor":46,"damage_taken":0}],"is_beta":false,"boss_relics":[{"not_picked":["Sozu","Cursed Key"],"picked":"Philosopher\u0027s Stone"},{"not_picked":["Pandora\u0027s Box","Runic Pyramid"],"picked":"Lizard Tail"}],"items_purged_floors":[14,31],"is_endless":false,"potions_floor_spawned":[2,6,8,10,18,23,27,42,47],"ascension_level":0}