{"gold_per_floor":[111,124,134,134,18,51,51,70,70,70,96,96,131,143,155,241,253,275,287,317,329,356,368,390,402,414,351,351,361,75,104,104,104],"floor_reached":33,"playtime":1093,"items_purged":["Decay"],"score":434,"play_id":"fbea2323-8428-4d5a-ab38-f384dfc1e943","local_time":"20190228222145","is_ascension_mode":true,"campfire_choices":[{"floor":7,"key":"REST"},{"floor":10,"key":"REST"},{"floor":15,"key":"REST"},{"data":"Armaments","floor":23,"key":"SMITH"},{"data":"Armaments","floor":28,"key":"SMITH"},{"data":"Fiend Fire","floor":32,"key":"SMITH"}],"neow_cost":"NONE","seed_source_timestamp":190674863681897,"circlet_count":0,"master_deck":["AscendersBane","Strike_R","Strike_R","Defend_R","Defend_R","Defend_R","Defend_R","Bash","Thunderclap","Rampage","Armaments+1","Carnage","Cleave","Pommel Strike","Whirlwind","Ghostly Armor","Fiend Fire+1","Warcry","Armaments+1","Body Slam","Pommel Strike","Pommel Strike","Reaper","Disarm","Bludgeon","Shrug It Off"],"relics":["Runic Dome","Mummified Hand","Matryoshka","Mercury Hourglass","Pantograph","MawBank","Vajra","Blue Candle","Snecko Eye","Bag of Preparation","Boot","Regal Pillow","Red Mask"],"potions_floor_usage":[11,11,16],"damage_taken":[{"damage":2,"enemies":"Jaw Worm","floor":1,"turns":3},{"damage":1,"enemies":"Cultist","floor":2,"turns":3},{"damage":6,"enemies":"2 Louse","floor":3,"turns":3},{"damage":35,"enemies":"Lagavulin","floor":6,"turns":4},{"damage":13,"enemies":"Blue Slaver","floor":8,"turns":3},{"damage":5,"enemies":"Gremlin Nob","floor":11,"turns":3},{"damage":15,"enemies":"3 Sentries","floor":13,"turns":4},{"damage":51,"enemies":"Hexaghost","floor":16,"turns":8},{"damage":6,"enemies":"3 Byrds","floor":18,"turns":3},{"damage":0,"enemies":"Spheric Guardian","floor":20,"turns":1},{"damage":0,"enemies":"3 Cultists","floor":22,"turns":3},{"damage":13,"enemies":"Shelled Parasite and Fungi","floor":24,"turns":2},{"damage":0,"enemies":"Snecko","floor":29,"turns":2},{"damage":2,"enemies":"Masked Bandits","floor":31,"turns":2},{"damage":99,"enemies":"Collector","floor":33,"turns":9}],"seed_played":"8277796768894142590","potions_obtained":[{"floor":1,"key":"Swift Potion"},{"floor":2,"key":"Fire Potion"},{"floor":8,"key":"EntropicBrew"},{"floor":20,"key":"Fire Potion"}],"is_trial":false,"path_per_floor":["M","M","M","?","$","E","R","M","T","R","E","?","E","T","R","B",null,"M","?","M","?","M","R","M","?","T","$","R","M","$","?","R","B"],"character_chosen":"IRONCLAD","items_purchased":["Carnage","Cleave","Bludgeon","Regal Pillow"],"campfire_rested":3,"item_purchase_floors":[5,5,30,30],"current_hp_per_floor":[70,69,63,63,63,28,52,39,39,63,58,55,40,40,64,29,67,61,61,61,61,61,61,48,80,80,80,80,80,80,80,80,0],"gold":104,"neow_bonus":"BOSS_RELIC","is_prod":false,"is_daily":false,"chose_seed":false,"campfire_upgraded":3,"win_rate":0,"timestamp":1551388905,"path_taken":["M","M","M","?","$","E","R","?","T","R","E","?","E","?","R","BOSS","M","?","M","?","M","R","M","?","T","$","R","?","$","?","R","BOSS"],"build_version":"2019-01-23","purchased_purges":1,"victory":false,"max_hp_per_floor":[80,80,80,80,80,80,80,80,80,80,80,80,80,80,80,80,80,80,80,80,80,80,80,80,80,80,80,80,80,80,80,80,80],"card_choices":[{"not_picked":["Evolve","Power Through"],"picked":"Thunderclap","floor":1},{"not_picked":["Cleave","Iron Wave"],"picked":"Rampage","floor":2},{"not_picked":["Hemokinesis","Shrug It Off"],"picked":"Armaments","floor":3},{"not_picked":["Sever Soul","Heavy Blade","Bloodletting"],"picked":"SKIP","floor":6},{"not_picked":["Carnage","Cleave"],"picked":"Pommel Strike","floor":8},{"not_picked":["Hemokinesis","Immolate"],"picked":"Whirlwind","floor":11},{"not_picked":["Anger","Rampage"],"picked":"Ghostly Armor","floor":13},{"not_picked":["Double Tap","Berserk"],"picked":"Fiend Fire","floor":16},{"not_picked":["Pommel Strike","Flex"],"picked":"Warcry","floor":18},{"not_picked":["Intimidate","Sever Soul"],"picked":"Pommel Strike","floor":20},{"not_picked":["Seeing Red","True Grit"],"picked":"Pommel Strike","floor":22},{"not_picked":["Inflame","Cleave"],"picked":"Reaper","floor":24},{"not_picked":["Sever Soul","Twin Strike"],"picked":"Disarm","floor":29},{"not_picked":["Perfected Strike","Wild Strike+1"],"picked":"Shrug It Off","floor":31}],"player_experience":789316,"relics_obtained":[{"floor":6,"key":"Mummified Hand"},{"floor":9,"key":"Matryoshka"},{"floor":11,"key":"Mercury Hourglass"},{"floor":13,"key":"MawBank"},{"floor":14,"key":"Vajra"},{"floor":14,"key":"Blue Candle"},{"floor":26,"key":"Bag of Preparation"},{"floor":26,"key":"Boot"},{"floor":31,"key":"Red Mask"}],"event_choices":[{"cards_removed":["Strike_R"],"damage_healed":0,"gold_gain":0,"player_choice":"Purged","damage_taken":0,"max_hp_gain":0,"max_hp_loss":0,"event_name":"Purifier","floor":4,"gold_loss":0},{"damage_healed":0,"gold_gain":0,"player_choice":"Success","damage_taken":3,"relics_obtained":["Pantograph"],"max_hp_gain":0,"max_hp_loss":0,"event_name":"Scrap Ooze","floor":12,"gold_loss":0},{"damage_healed":0,"gold_gain":0,"cards_transformed":["Strike_R","Strike_R"],"player_choice":"Became Test Subject","damage_taken":0,"max_hp_gain":0,"max_hp_loss":0,"event_name":"Drug Dealer","floor":19,"gold_loss":0,"cards_obtained":["Armaments","Body Slam"]},{"damage_healed":0,"gold_gain":0,"player_choice":"Smashed Altar","damage_taken":0,"max_hp_gain":0,"max_hp_loss":0,"event_name":"Forgotten Altar","floor":21,"gold_loss":0,"cards_obtained":["Decay"]},{"damage_healed":32,"gold_gain":0,"player_choice":"Full Heal","damage_taken":0,"max_hp_gain":0,"max_hp_loss":0,"event_name":"Wheel of Change","floor":25,"gold_loss":0},{"damage_healed":0,"gold_gain":0,"player_choice":"Fought Bandits","damage_taken":0,"max_hp_gain":0,"max_hp_loss":0,"event_name":"Masked Bandits","floor":31,"gold_loss":0}],"is_beta":false,"boss_relics":[{"not_picked":["Lizard Tail","Runic Cube"],"picked":"Snecko Eye"}],"items_purged_floors":[27],"is_endless":false,"potions_floor_spawned":[1,2,8,11,13,20,22,24],"killed_by":"Collector","ascension_level":13}