{"gold_per_floor":[117,42,52,69,84,84,119,119,119,119,133,145,172,183,183,281,281,292,99,114,114,124,153,153,178,204,9,27,27],"floor_reached":29,"playtime":2569,"items_purged":["Strike_B"],"score":346,"play_id":"91422190-3eba-46c8-8175-e3f615cf1e4a","local_time":"20190105211030","is_ascension_mode":true,"campfire_choices":[{"data":"Fusion","floor":6,"key":"SMITH"},{"data":"Zap","floor":8,"key":"SMITH"},{"data":"Streamline","floor":10,"key":"SMITH"},{"data":"Consume","floor":15,"key":"SMITH"},{"floor":24,"key":"REST"}],"neow_cost":"NONE","seed_source_timestamp":1209768044668410,"circlet_count":0,"master_deck":["Strike_B","Strike_B","Strike_B","Defend_B","Defend_B","Defend_B","Defend_B","Zap+1","Dualcast","Fusion+1","Leap","Streamline+1","Echo Form","Cold Snap","Capacitor","Consume+1","White Noise","Redo","Genetic Algorithm+1","FTL+1","Chaos"],"relics":["Cracked Core","Calipers","Molten Egg 2","Pantograph","Nuclear Battery","ClockworkSouvenir","Sundial","Orichalcum","Oddly Smooth Stone","Toy Ornithopter"],"potions_floor_usage":[12,12,23,28,28],"damage_taken":[{"damage":0,"enemies":"Cultist","floor":1,"turns":3},{"damage":5,"enemies":"2 Louse","floor":3,"turns":3},{"damage":3,"enemies":"Jaw Worm","floor":4,"turns":7},{"damage":3,"enemies":"Blue Slaver","floor":5,"turns":4},{"damage":36,"enemies":"Gremlin Nob","floor":7,"turns":5},{"damage":0,"enemies":"2 Fungi Beasts","floor":11,"turns":3},{"damage":7,"enemies":"Large Slime","floor":12,"turns":6},{"damage":16,"enemies":"Lagavulin","floor":13,"turns":7},{"damage":9,"enemies":"Looter","floor":14,"turns":3},{"damage":15,"enemies":"Slime Boss","floor":16,"turns":9},{"damage":10,"enemies":"Shell Parasite","floor":18,"turns":7},{"damage":22,"enemies":"3 Byrds","floor":20,"turns":5},{"damage":10,"enemies":"Centurion and Healer","floor":22,"turns":10},{"damage":30,"enemies":"Gremlin Leader","floor":23,"turns":6},{"damage":31,"enemies":"Book of Stabbing","floor":25,"turns":7},{"damage":7,"enemies":"Cultist and Chosen","floor":28,"turns":7},{"damage":8,"enemies":"Snake Plant","floor":29,"turns":1}],"seed_played":"2329169057157140280","potions_obtained":[{"floor":4,"key":"Regen Potion"},{"floor":5,"key":"SpeedPotion"},{"floor":11,"key":"PowerPotion"},{"floor":13,"key":"Ancient Potion"},{"floor":16,"key":"SpeedPotion"},{"floor":18,"key":"Energy Potion"},{"floor":20,"key":"FairyPotion"},{"floor":25,"key":"Energy Potion"}],"is_trial":false,"path_per_floor":["M","$","M","M","M","R","E","R","T","R","M","M","E","M","R","B",null,"M","$","M","?","M","E","R","E","T","$","M","M"],"character_chosen":"DEFECT","items_purchased":["ClockworkSouvenir","Toy Ornithopter"],"campfire_rested":1,"item_purchase_floors":[19,27],"current_hp_per_floor":[82,82,77,74,71,71,35,35,35,35,35,43,27,18,18,28,69,59,59,37,37,27,8,32,1,1,1,4,0],"gold":27,"neow_bonus":"TEN_PERCENT_HP_BONUS","is_prod":false,"is_daily":false,"chose_seed":false,"campfire_upgraded":4,"win_rate":0,"timestamp":1546744230,"path_taken":["M","?","M","M","M","R","E","R","T","R","M","?","E","M","R","BOSS","M","?","M","?","M","E","R","E","T","$","?","M"],"build_version":"2019-01-03v4","purchased_purges":1,"victory":false,"max_hp_per_floor":[82,82,82,82,82,82,82,82,82,82,82,82,82,82,82,82,82,82,82,82,82,82,82,82,82,82,82,82,82],"card_choices":[{"not_picked":["Gash","Hologram"],"picked":"Fusion","floor":1},{"not_picked":["Stack","Barrage"],"picked":"Leap","floor":3},{"not_picked":["Gash","Ball Lightning"],"picked":"Streamline","floor":4},{"not_picked":["Sweeping Beam","Cold Snap"],"picked":"Echo Form","floor":5},{"not_picked":["Streamline","Lockon"],"picked":"Cold Snap","floor":7},{"not_picked":["Sweeping Beam+1","Conserve Battery"],"picked":"Capacitor","floor":11},{"not_picked":["Streamline+1","Reprogram"],"picked":"Consume","floor":12},{"not_picked":["Leap","Lockon+1"],"picked":"White Noise","floor":13},{"not_picked":["Cold Snap+1","Leap"],"picked":"Redo","floor":14},{"not_picked":["Coolheaded","Cold Snap+1","Gash+1"],"picked":"SKIP","floor":18},{"not_picked":["Turbo+1","Cold Snap+1"],"picked":"Genetic Algorithm+1","floor":20},{"not_picked":["Leap","Barrage+1","Steam Power"],"picked":"SKIP","floor":22},{"not_picked":["Consume+1","Melter+1"],"picked":"FTL+1","floor":23},{"not_picked":["Barrage+1","Creative AI"],"picked":"Chaos","floor":25},{"not_picked":["Stack","Leap","Barrage+1"],"picked":"SKIP","floor":28}],"player_experience":485531,"relics_obtained":[{"floor":7,"key":"Calipers"},{"floor":9,"key":"Molten Egg 2"},{"floor":13,"key":"Pantograph"},{"floor":23,"key":"Sundial"},{"floor":25,"key":"Orichalcum"},{"floor":26,"key":"Oddly Smooth Stone"}],"event_choices":[{"damage_healed":0,"gold_gain":0,"player_choice":"Bought 0 Potions","damage_taken":0,"max_hp_gain":0,"max_hp_loss":0,"event_name":"The Woman in Blue","floor":21,"gold_loss":0}],"is_beta":false,"boss_relics":[{"not_picked":["Black Star","Snecko Eye"],"picked":"Nuclear Battery"}],"items_purged_floors":[2],"is_endless":false,"potions_floor_spawned":[4,5,11,13,16,18,20,25],"killed_by":"Snake Plant","ascension_level":5}