{"gold_per_floor":[113,113,123,138,153,187,187,221,221,221,243,243,262,12,12,116,116,116,56,56,56,56,56,56,56,56,56,56,56,56,56,56,56,56,56,56,56,0,0,0,0,0,0,0,0,0,0,0,0,0],"floor_reached":50,"playtime":2931,"items_purged":[],"score":618,"play_id":"37b8f27d-0c3b-468c-b921-7c4dd6b0edcd","local_time":"20181008234426","is_ascension_mode":false,"campfire_choices":[{"data":"Seek","floor":7,"key":"SMITH"},{"data":"Zap","floor":10,"key":"SMITH"},{"data":"Buffer","floor":12,"key":"SMITH"},{"data":"Apotheosis","floor":15,"key":"SMITH"},{"floor":23,"key":"REST"},{"floor":25,"key":"REST"},{"floor":30,"key":"REST"},{"data":"Undo","floor":32,"key":"SMITH"},{"data":"Echo Form","floor":40,"key":"SMITH"},{"floor":49,"key":"REST"}],"neow_cost":"","seed_source_timestamp":566770324377950,"circlet_count":0,"master_deck":["Strike_B","Strike_B","Strike_B","Strike_B","Defend_B","Defend_B","Defend_B","Defend_B","Zap+1","Dualcast+1","Sweeping Beam","Gash","Electrodynamics","Seek+1","Turbo","Buffer+1","Capacitor","Redo","Apotheosis+1","Echo Form+1","Stack","Beam Cell+1","Glacier","Go for the Eyes","Aggregate","Gash+1","Undo+1","Consume","Amplify","Self Repair+1","Go for the Eyes+1","FTL+1","Melter","Sweeping Beam","Skim+1","White Noise+1","Double Energy+1"],"relics":["FrozenCore","Oddly Smooth Stone","Mango","Turnip","Odd Mushroom","Ectoplasm","Shuriken","Red Mask","Gambling Chip","Bag of Marbles","Bottled Lightning","Regal Pillow"],"potions_floor_usage":[8,8,16,19,45,46,48],"damage_taken":[{"damage":0,"enemies":"Jaw Worm","floor":1,"turns":4},{"damage":3,"enemies":"Small Slimes","floor":3,"turns":2},{"damage":0,"enemies":"Cultist","floor":4,"turns":3},{"damage":9,"enemies":"Blue Slaver","floor":5,"turns":3},{"damage":22,"enemies":"3 Sentries","floor":6,"turns":6},{"damage":14,"enemies":"Lagavulin","floor":8,"turns":4},{"damage":0,"enemies":"The Mushroom Lair","floor":11,"turns":1},{"damage":0,"enemies":"2 Fungi Beasts","floor":13,"turns":1},{"damage":0,"enemies":"Slime Boss","floor":16,"turns":8},{"damage":0,"enemies":"3 Byrds","floor":18,"turns":2},{"damage":13,"enemies":"2 Thieves","floor":19,"turns":3},{"damage":13,"enemies":"Snecko","floor":20,"turns":5},{"damage":30,"enemies":"Snake Plant","floor":21,"turns":5},{"damage":7,"enemies":"Cultist and Chosen","floor":24,"turns":5},{"damage":0,"enemies":"Snecko","floor":28,"turns":6},{"damage":10,"enemies":"Centurion and Healer","floor":29,"turns":6},{"damage":18,"enemies":"3 Cultists","floor":31,"turns":4},{"damage":1,"enemies":"Automaton","floor":33,"turns":10},{"damage":5,"enemies":"Orb Walker","floor":35,"turns":7},{"damage":28,"enemies":"3 Shapes","floor":37,"turns":4},{"damage":10,"enemies":"Mind Bloom Boss Battle","floor":39,"turns":10},{"damage":0,"enemies":"Transient","floor":42,"turns":5},{"damage":0,"enemies":"Giant Head","floor":44,"turns":12},{"damage":29,"enemies":"Maw","floor":45,"turns":9},{"damage":45,"enemies":"Nemesis","floor":46,"turns":13},{"damage":37,"enemies":"Sphere and 2 Shapes","floor":47,"turns":5},{"damage":20,"enemies":"3 Darklings","floor":48,"turns":5},{"damage":93,"enemies":"Awakened One","floor":50,"turns":15}],"seed_played":"-4602200723239938441","potions_obtained":[{"floor":1,"key":"Regen Potion"},{"floor":3,"key":"Explosive Potion"},{"floor":6,"key":"Fire Potion"},{"floor":13,"key":"Regen Potion"},{"floor":16,"key":"AttackPotion"},{"floor":20,"key":"FairyPotion"},{"floor":24,"key":"Strength Potion"},{"floor":29,"key":"AttackPotion"},{"floor":31,"key":"FairyPotion"},{"floor":45,"key":"Poison Potion"},{"floor":46,"key":"Swift Potion"}],"is_trial":false,"path_per_floor":["M","?","M","M","M","E","R","E","T","R","?","R","M","$","R","B",null,"M","M","M","M","?","R","M","R","T","$","M","M","R","M","R","B",null,"M","?","M","?","?","R","$","M","T","E","M","E","M","M","R"],"character_chosen":"DEFECT","items_purchased":["Redo","Apotheosis"],"campfire_rested":4,"item_purchase_floors":[14,14],"current_hp_per_floor":[75,75,72,72,63,41,41,41,41,41,41,41,41,41,41,55,89,89,76,63,33,24,50,43,69,69,69,69,59,85,67,67,66,89,84,84,76,76,76,76,76,76,76,86,80,45,18,28,69,0],"gold":0,"neow_bonus":"","is_prod":false,"is_daily":false,"chose_seed":false,"campfire_upgraded":6,"win_rate":0,"timestamp":1539035066,"path_taken":["M","?","?","M","M","E","R","E","T","R","?","R","M","?","R","BOSS","M","?","M","M","?","R","M","R","T","$","?","M","R","M","R","BOSS","M","?","M","?","?","R","$","M","T","E","M","E","M","?","R","BOSS"],"build_version":"2018-10-04v2","purchased_purges":0,"victory":false,"max_hp_per_floor":[75,75,75,75,75,75,75,89,89,89,89,89,89,89,89,89,89,89,89,89,89,89,89,89,89,89,89,89,89,89,89,89,89,89,89,89,89,89,89,89,89,89,89,89,89,89,89,89,89,89],"card_choices":[{"not_picked":["FTL","Double Energy"],"picked":"Sweeping Beam","floor":1},{"not_picked":["Hello World","Conserve Battery"],"picked":"Gash","floor":3},{"not_picked":["Sweeping Beam","Hello World"],"picked":"Cold Snap","floor":4},{"not_picked":["Self Repair","Beam Cell"],"picked":"Electrodynamics","floor":5},{"not_picked":["Aggregate","Hologram"],"picked":"Seek","floor":6},{"not_picked":["Compile Driver","Hello World"],"picked":"Turbo","floor":8},{"not_picked":["Conserve Battery","Turbo"],"picked":"Buffer","floor":11},{"not_picked":["Coolheaded","Ball Lightning"],"picked":"Capacitor","floor":13},{"not_picked":["Amplify","Core Surge"],"picked":"Echo Form","floor":16},{"not_picked":["Rebound","Hologram"],"picked":"Stack","floor":18},{"not_picked":["Coolheaded","Force Field"],"picked":"Beam Cell+1","floor":19},{"not_picked":["Barrage","Genetic Algorithm"],"picked":"Glacier","floor":20},{"not_picked":["Coolheaded","Multi-Cast"],"picked":"Go for the Eyes","floor":21},{"not_picked":["Leap","Undo"],"picked":"Aggregate","floor":24},{"not_picked":["Steam","Hologram"],"picked":"Gash+1","floor":28},{"not_picked":["Leap+1","Redo+1"],"picked":"Undo","floor":29},{"not_picked":["Sweeping Beam","Redo+1"],"picked":"Consume","floor":31},{"not_picked":["Thunder Strike","Multi-Cast"],"picked":"Amplify","floor":33},{"not_picked":["Loop","Tempest+1"],"picked":"Self Repair+1","floor":35},{"not_picked":["Heatsinks+1","Streamline"],"picked":"Go for the Eyes+1","floor":37},{"not_picked":["Force Field+1","Cold Snap"],"picked":"FTL+1","floor":39},{"not_picked":["Sweeping Beam+1","Ball Lightning"],"picked":"Melter","floor":42},{"not_picked":["Rebound","Undo+1"],"picked":"Sweeping Beam","floor":44},{"not_picked":["Steam+1","Coolheaded+1"],"picked":"Skim+1","floor":45},{"not_picked":["Streamline+1","Glacier","Sweeping Beam"],"picked":"SKIP","floor":46},{"not_picked":["Electrodynamics","Coolheaded+1"],"picked":"White Noise+1","floor":47},{"not_picked":["Hologram","Leap+1"],"picked":"Double Energy+1","floor":48}],"player_experience":184211,"relics_obtained":[{"floor":6,"key":"Oddly Smooth Stone"},{"floor":8,"key":"Mango"},{"floor":9,"key":"Turnip"},{"floor":11,"key":"Odd Mushroom"},{"floor":26,"key":"Shuriken"},{"floor":39,"key":"Gambling Chip"},{"floor":43,"key":"Bag of Marbles"},{"floor":44,"key":"Bottled Lightning"},{"floor":46,"key":"Regal Pillow"}],"event_choices":[{"event_name":"Living Wall","player_choice":"Grow","floor":2,"damage_taken":0},{"event_name":"Mushrooms","player_choice":"Fought Mushrooms","floor":11,"damage_taken":0},{"event_name":"Cursed Tome","player_choice":"Stopped","floor":22,"damage_taken":0},{"event_name":"Falling","player_choice":"Removed Attack","floor":36,"damage_taken":0},{"event_name":"Tomb of Lord Red Mask","player_choice":"Paid","floor":38,"damage_taken":0},{"event_name":"MindBloom","player_choice":"Fight","floor":39,"damage_taken":0}],"is_beta":false,"boss_relics":[{"not_picked":["Lizard Tail","Astrolabe"],"picked":"Ectoplasm"},{"not_picked":["White Beast Statue","Coffee Dripper"],"picked":"FrozenCore"}],"items_purged_floors":[],"is_endless":false,"potions_floor_spawned":[1,3,6,13,16,20,24,29,31,39,42,45,46],"killed_by":"Awakened One","ascension_level":0}