{"gold_per_floor":[211,10,10,25,38,38,56,74,74,93,93,93,111,125,125,222,222,203,128,43,55,55,55,73,73,73,86,86,96,96,108,108,212,212,230,248,248,248,259,259,293,293,293,328,328,341,360,360,360,360,360,360,5,5],"floor_reached":54,"playtime":17597,"items_purged":["Strike_B","Writhe"],"score":701,"play_id":"5f1596bd-238c-4682-9087-4d10d1713d7d","local_time":"20190304125925","is_ascension_mode":true,"campfire_choices":[{"data":"Zap","floor":6.0,"key":"SMITH"},{"data":"Beam Cell","floor":12.0,"key":"SMITH"},{"floor":15.0,"key":"REST"},{"floor":23.0,"key":"REST"},{"floor":25.0,"key":"REST"},{"floor":28.0,"key":"REST"},{"floor":32.0,"key":"REST"},{"floor":40.0,"key":"REST"},{"floor":42.0,"key":"REST"},{"floor":45.0,"key":"REST"},{"floor":49.0,"key":"RECALL"},{"data":"Turbo","floor":52.0,"key":"SMITH"}],"neow_cost":"NONE","seed_source_timestamp":0,"circlet_count":0,"master_deck":["Defend_B","Defend_B","Defend_B","Defend_B","Zap+1","Dualcast","Sunder","Redo+1","Gash","Beam Cell+1","Skim","Chill","Echo Form","Go for the Eyes","Consume+1","Chill","Hologram","All For One","Machine Learning+1","Rainbow+1","Coolheaded+1","Turbo+1","Turbo","Redo+1"],"special_seed":0,"relics":["Cracked Core","Runic Capacitor","Matryoshka","Mercury Hourglass","Ancient Tea Set","Shuriken","Astrolabe","Regal Pillow","Cables","Potion Belt","Pear"],"potions_floor_usage":[],"damage_taken":[{"damage":2.0,"enemies":"2 Louse","floor":1.0,"turns":3.0},{"damage":11.0,"enemies":"Jaw Worm","floor":4.0,"turns":3.0},{"damage":0.0,"enemies":"Cultist","floor":5.0,"turns":2.0},{"damage":1.0,"enemies":"3 Louse","floor":7.0,"turns":3.0},{"damage":1.0,"enemies":"Exordium Wildlife","floor":8.0,"turns":2.0},{"damage":1.0,"enemies":"Large Slime","floor":10.0,"turns":3.0},{"damage":15.0,"enemies":"Exordium Thugs","floor":13.0,"turns":3.0},{"damage":8.0,"enemies":"3 Louse","floor":14.0,"turns":2.0},{"damage":38.0,"enemies":"Hexaghost","floor":16.0,"turns":8.0},{"damage":20.0,"enemies":"2 Thieves","floor":18.0,"turns":4.0},{"damage":17.0,"enemies":"3 Byrds","floor":21.0,"turns":4.0},{"damage":18.0,"enemies":"Centurion and Healer","floor":24.0,"turns":6.0},{"damage":26.0,"enemies":"Snecko","floor":27.0,"turns":5.0},{"damage":21.0,"enemies":"Shelled Parasite and Fungi","floor":29.0,"turns":7.0},{"damage":10.0,"enemies":"Centurion and Healer","floor":31.0,"turns":7.0},{"damage":39.0,"enemies":"Champ","floor":33.0,"turns":8.0},{"damage":17.0,"enemies":"3 Darklings","floor":35.0,"turns":4.0},{"damage":23.0,"enemies":"Orb Walker","floor":36.0,"turns":5.0},{"damage":14.0,"enemies":"Transient","floor":39.0,"turns":5.0},{"damage":45.0,"enemies":"Reptomancer","floor":41.0,"turns":8.0},{"damage":16.0,"enemies":"Giant Head","floor":44.0,"turns":10.0},{"damage":0.0,"enemies":"Sphere and 2 Shapes","floor":46.0,"turns":5.0},{"damage":18.0,"enemies":"4 Shapes","floor":47.0,"turns":4.0},{"damage":48.0,"enemies":"Time Eater","floor":50.0,"turns":11.0},{"damage":89,"enemies":"Shield and Spear","floor":54,"turns":6}],"seed_played":"-291883862730390549","potions_obtained":[{"floor":1.0,"key":"FocusPotion"},{"floor":5.0,"key":"SpeedPotion"},{"floor":8.0,"key":"Swift Potion"},{"floor":14.0,"key":"Strength Potion"},{"floor":18.0,"key":"Strength Potion"},{"floor":31.0,"key":"Poison Potion"},{"floor":36.0,"key":"Explosive Potion"},{"floor":39.0,"key":"Swift Potion"},{"floor":47.0,"key":"EssenceOfSteel"}],"is_trial":false,"path_per_floor":["M","$","?","M","M","R","M","M","T","M","?","R","M","M","R","B",null,"M","$","?","M","?","R","M","R","T","M","R","M","?","M","R","B",null,"M","M","?","?","M","R","E","R","T","E","R","M","M","?","R","B",null,"R","$","E"],"character_chosen":"DEFECT","items_purchased":["Runic Capacitor","Pear"],"campfire_rested":8,"item_purchase_floors":[2,53],"current_hp_per_floor":[73,73,73,62,62,62,61,60,60,59,59,59,44,36,58,20,75,55,55,55,38,29,51,33,55,55,29,51,30,30,20,42,3,75,58,35,54,54,40,62,17,54,54,38,75,75,57,57,57,9,75,75,85,0],"gold":5,"neow_bonus":"HUNDRED_GOLD","is_prod":false,"is_daily":false,"chose_seed":false,"campfire_upgraded":3,"win_rate":0,"timestamp":1551722365,"path_taken":["M","$","?","M","M","R","M","M","T","M","?","R","?","M","R","BOSS","M","$","?","M","?","R","M","R","T","M","R","M","?","M","R","BOSS","M","M","?","?","M","R","E","R","T","E","R","M","M","?","R","BOSS","R","$","E"],"build_version":"2019-01-23","purchased_purges":2,"victory":false,"max_hp_per_floor":[75,75,75,75,75,75,75,75,75,75,75,75,75,75,75,75,75,75,75,75,75,75,75,75,75,75,75,75,75,75,75,75,75,75,75,75,75,75,75,75,75,75,75,75,75,75,75,75,75,75,75,75,85,85],"card_choices":[{"not_picked":["Steam Power","Tempest"],"picked":"Sunder","floor":1.0},{"not_picked":["Ball Lightning","Reprogram"],"picked":"Redo","floor":4.0},{"not_picked":["Steam","Conserve Battery"],"picked":"Gash","floor":5.0},{"not_picked":["Ball Lightning","Defragment"],"picked":"Beam Cell","floor":7.0},{"not_picked":["Cold Snap","Auto Shields","Tempest"],"picked":"SKIP","floor":8.0},{"not_picked":["Coolheaded","Capacitor"],"picked":"Skim","floor":10.0},{"not_picked":["Beam Cell","Machine Learning","Stack"],"picked":"SKIP","floor":13.0},{"not_picked":["Conserve Battery","Beam Cell"],"picked":"Chill","floor":14.0},{"not_picked":["All For One","Meteor Strike"],"picked":"Echo Form","floor":16.0},{"not_picked":["Leap","Static Discharge"],"picked":"Go for the Eyes","floor":18.0},{"not_picked":["Tempest","Ball Lightning+1","Redo"],"picked":"SKIP","floor":21.0},{"not_picked":["Compile Driver","Barrage"],"picked":"Consume+1","floor":24.0},{"not_picked":["Conserve Battery+1","Rip and Tear"],"picked":"Chill","floor":27.0},{"not_picked":["Rebound","Steam"],"picked":"Hologram","floor":29.0},{"not_picked":["Cold Snap","White Noise","Double Energy"],"picked":"SKIP","floor":31.0},{"not_picked":["Core Surge","Meteor Strike"],"picked":"All For One","floor":33.0},{"not_picked":["Steam+1","Ball Lightning"],"picked":"Turbo","floor":35.0},{"not_picked":["Capacitor","Streamline"],"picked":"Turbo","floor":36.0},{"not_picked":["Hello World+1","Consume","Skim+1"],"picked":"SKIP","floor":39.0},{"not_picked":["Compile Driver+1","Double Energy"],"picked":"Redo+1","floor":41.0},{"not_picked":["Fission","Barrage","Rebound"],"picked":"SKIP","floor":44.0},{"not_picked":["Conserve Battery","Coolheaded","Sunder"],"picked":"SKIP","floor":46.0},{"not_picked":["Auto Shields","Go for the Eyes","Coolheaded"],"picked":"SKIP","floor":47.0}],"player_experience":223743,"relics_obtained":[{"floor":9.0,"key":"Matryoshka"},{"floor":26.0,"key":"Ancient Tea Set"},{"floor":26.0,"key":"Shuriken"},{"floor":41.0,"key":"Regal Pillow"},{"floor":43.0,"key":"Cables"},{"floor":44.0,"key":"Potion Belt"}],"event_choices":[{"damage_healed":0.0,"max_hp_gain":0.0,"max_hp_loss":0.0,"gold_gain":0.0,"event_name":"Shining Light","player_choice":"Ignored","floor":3.0,"gold_loss":0.0,"damage_taken":0.0},{"damage_healed":0.0,"max_hp_gain":0.0,"max_hp_loss":0.0,"gold_gain":0.0,"event_name":"Accursed Blacksmith","player_choice":"Forge","floor":11.0,"gold_loss":0.0,"damage_taken":0.0,"cards_upgraded":["Redo"]},{"damage_healed":0.0,"max_hp_gain":0.0,"max_hp_loss":0.0,"gold_gain":0.0,"event_name":"Addict","player_choice":"Obtained Relic","floor":20.0,"gold_loss":85.0,"damage_taken":0.0,"relics_obtained":["Mercury Hourglass"]},{"damage_healed":0.0,"max_hp_gain":0.0,"max_hp_loss":0.0,"gold_gain":0.0,"event_name":"Cursed Tome","player_choice":"Stopped","floor":22.0,"gold_loss":0.0,"damage_taken":9.0},{"damage_healed":0.0,"max_hp_gain":0.0,"max_hp_loss":0.0,"gold_gain":0.0,"event_name":"FaceTrader","player_choice":"Leave","floor":30.0,"gold_loss":0.0,"damage_taken":0.0},{"damage_healed":19.0,"max_hp_gain":0.0,"max_hp_loss":0.0,"gold_gain":0.0,"event_name":"Winding Halls","player_choice":"Writhe","floor":37.0,"gold_loss":0.0,"damage_taken":0.0,"cards_obtained":["Writhe"]},{"damage_healed":0.0,"max_hp_gain":0.0,"max_hp_loss":0.0,"gold_gain":0.0,"event_name":"Mysterious Sphere","player_choice":"Ignored","floor":38.0,"gold_loss":0.0,"damage_taken":0.0},{"damage_healed":0.0,"max_hp_gain":0.0,"max_hp_loss":0.0,"gold_gain":0.0,"event_name":"Match and Keep!","player_choice":"0 cards matched","floor":48.0,"gold_loss":0.0,"damage_taken":0.0,"cards_obtained":[]}],"is_beta":false,"boss_relics":[{"not_picked":["Calling Bell","Fusion Hammer","Philosopher\u0027s Stone"]},{"not_picked":["Snecko Eye","Eternal Feather"],"picked":"Astrolabe"}],"items_purged_floors":[19,53],"is_endless":false,"potions_floor_spawned":[1,5,8,14,18,31,36,39,47],"killed_by":"Shield and Spear","ascension_level":1}