{"gold_per_floor":[114,114,114,133,146,146,181,181,208,133,147,147,161,173,173,173],"floor_reached":16,"playtime":439,"items_purged":["Defend_R"],"score":102,"play_id":"e3919868-389b-4e29-a654-c398a2f0b7ca","local_time":"20190302200922","is_ascension_mode":false,"campfire_choices":[{"data":"Bash","floor":6,"key":"SMITH"},{"data":"Strike_R","floor":8,"key":"SMITH"},{"data":"Strike_R","floor":15,"key":"SMITH"}],"neow_cost":"NONE","seed_source_timestamp":516466710209800,"circlet_count":0,"master_deck":["Strike_R","Strike_R+1","Strike_R+1","Strike_R+1","Defend_R","Defend_R+1","Defend_R","Bash+1"],"relics":["Burning Blood","CultistMask","Bag of Preparation","Omamori"],"potions_floor_usage":[13,16,16],"damage_taken":[{"damage":6,"enemies":"Cultist","floor":1,"turns":3},{"damage":0,"enemies":"Jaw Worm","floor":4,"turns":4},{"damage":0,"enemies":"2 Louse","floor":5,"turns":2},{"damage":36,"enemies":"Gremlin Nob","floor":7,"turns":5},{"damage":0,"enemies":"Blue Slaver","floor":11,"turns":4},{"damage":17,"enemies":"3 Louse","floor":13,"turns":4},{"damage":0,"enemies":"2 Fungi Beasts","floor":14,"turns":3},{"damage":61,"enemies":"Slime Boss","floor":16,"turns":11}],"seed_played":"-584068714183861481","potions_obtained":[{"floor":4,"key":"Regen Potion"},{"floor":7,"key":"Swift Potion"},{"floor":11,"key":"Fruit Juice"},{"floor":14,"key":"Explosive Potion"}],"is_trial":false,"path_per_floor":["M","?","?","M","M","R","E","R","T","$","M","$","M","M","R","B"],"character_chosen":"IRONCLAD","items_purchased":[],"campfire_rested":0,"item_purchase_floors":[],"current_hp_per_floor":[80,64,64,70,76,76,46,46,46,46,52,52,46,52,52,6],"gold":173,"neow_bonus":"REMOVE_CARD","is_prod":false,"is_daily":false,"chose_seed":false,"campfire_upgraded":3,"win_rate":0,"timestamp":1551575362,"path_taken":["M","?","?","M","?","R","E","R","T","$","M","$","M","M","R","BOSS"],"build_version":"2019-01-23","purchased_purges":1,"victory":false,"max_hp_per_floor":[80,80,80,80,80,80,80,80,80,80,80,80,85,85,85,85],"card_choices":[{"not_picked":["True Grit","Havoc","Flame Barrier"],"picked":"SKIP","floor":1},{"not_picked":["Clothesline","Iron Wave","True Grit"],"picked":"SKIP","floor":4},{"not_picked":["Cleave","Infernal Blade","Body Slam"],"picked":"SKIP","floor":5},{"not_picked":["Iron Wave","Uppercut","Shrug It Off"],"picked":"SKIP","floor":7},{"not_picked":["Anger","Thunderclap","Twin Strike"],"picked":"SKIP","floor":11},{"not_picked":["Inflame","Wild Strike","Perfected Strike"],"picked":"SKIP","floor":13},{"not_picked":["Rupture","Inflame","Cleave"],"picked":"SKIP","floor":14}],"player_experience":1282733,"relics_obtained":[{"floor":7,"key":"Bag of Preparation"},{"floor":9,"key":"Omamori"}],"event_choices":[{"damage_healed":0,"gold_gain":0,"player_choice":"Entered Light","damage_taken":16,"max_hp_gain":0,"max_hp_loss":0,"event_name":"Shining Light","floor":2,"gold_loss":0,"cards_upgraded":["Strike_R","Defend_R"]},{"damage_healed":0,"gold_gain":0,"player_choice":"Trade","damage_taken":0,"relics_obtained":["CultistMask"],"max_hp_gain":0,"max_hp_loss":0,"event_name":"FaceTrader","floor":3,"gold_loss":0}],"is_beta":false,"boss_relics":[],"items_purged_floors":[10],"is_endless":false,"potions_floor_spawned":[4,7,11,14],"killed_by":"Slime Boss","ascension_level":0}