{"gold_per_floor":[113,188,43,43,43,69,79,79,79,144,158,176,186,219,219,315,315,332,332,313,328,344,344,372,372,372,249,267,296,306,2,2,100,100,119,119,119,119,136,136,168,168,168,168,181,198,216,229,229,229],"floor_reached":51,"playtime":4955,"items_purged":["Injury","Strike_G"],"score":1124,"play_id":"90b78ad0-94ae-4e36-92f2-a40950d6f008","local_time":"20181130140043","is_ascension_mode":true,"campfire_choices":[{"data":"Footwork","floor":8,"key":"SMITH"},{"data":"Noxious Fumes","floor":15,"key":"SMITH"},{"data":"Bullet Time","floor":23,"key":"SMITH"},{"data":"After Image","floor":25,"key":"SMITH"},{"floor":32,"key":"REST"},{"data":"Well Laid Plans","floor":40,"key":"SMITH"},{"data":"Night Terror","floor":44,"key":"SMITH"},{"floor":49,"key":"REST"}],"neow_cost":"NONE","seed_source_timestamp":1541804150840,"circlet_count":0,"master_deck":["Defend_G","Defend_G","Defend_G","Defend_G","Defend_G","Strike_G","Strike_G","Strike_G","Strike_G","Survivor","Neutralize+1","Quick Slash","Footwork+1","Dash","Noxious Fumes+1","Cloak And Dagger","Deflect","Sucker Punch","All Out Attack","Night Terror+1","Dagger Throw+1","PiercingWail+1","Well Laid Plans+1","Bullet Time+1","After Image+1","Cloak And Dagger+1","Deflect+1","Escape Plan+1","Acrobatics+1","Adrenaline+1","Dash+1","Terror+1","Parasite","Dodge and Roll+1","Cloak And Dagger+1","Parasite","Deadly Poison+1"],"relics":["Ring of the Snake","Turnip","PreservedInsect","Bag of Marbles","Tiny Chest","Blue Candle","Cursed Key","Nloth\u0027s Gift","Pantograph","Meat on the Bone","Toxic Egg 2","Art of War","White Beast Statue","Bag of Preparation","Ancient Tea Set"],"potions_floor_usage":[14,18,24,24,28,29,33,33,41,45,46,48,50,50,50],"damage_taken":[{"damage":0,"enemies":"Jaw Worm","floor":1,"turns":1},{"damage":0,"enemies":"3 Sentries","floor":6,"turns":1},{"damage":0,"enemies":"Small Slimes","floor":7,"turns":1},{"damage":0,"enemies":"Gremlin Nob","floor":10,"turns":3},{"damage":0,"enemies":"Cultist","floor":11,"turns":3},{"damage":4,"enemies":"Lots of Slimes","floor":12,"turns":5},{"damage":5,"enemies":"Large Slime","floor":13,"turns":6},{"damage":0,"enemies":"3 Sentries","floor":14,"turns":4},{"damage":3,"enemies":"The Guardian","floor":16,"turns":13},{"damage":10,"enemies":"Chosen","floor":18,"turns":6},{"damage":0,"enemies":"2 Thieves","floor":20,"turns":4},{"damage":6,"enemies":"Snake Plant","floor":21,"turns":6},{"damage":5,"enemies":"Cultist and Chosen","floor":22,"turns":6},{"damage":7,"enemies":"Book of Stabbing","floor":24,"turns":4},{"damage":5,"enemies":"Shelled Parasite and Fungi","floor":28,"turns":8},{"damage":2,"enemies":"Slavers","floor":29,"turns":5},{"damage":0,"enemies":"Snake Plant","floor":30,"turns":7},{"damage":0,"enemies":"Champ","floor":33,"turns":15},{"damage":0,"enemies":"Orb Walker","floor":35,"turns":4},{"damage":0,"enemies":"3 Shapes","floor":39,"turns":7},{"damage":17,"enemies":"Giant Head","floor":41,"turns":9},{"damage":8,"enemies":"Spire Growth","floor":45,"turns":5},{"damage":21,"enemies":"Sphere and 2 Shapes","floor":46,"turns":9},{"damage":0,"enemies":"Maw","floor":47,"turns":10},{"damage":10,"enemies":"Writhing Mass","floor":48,"turns":10},{"damage":67,"enemies":"Awakened One","floor":50,"turns":21}],"seed_played":"-4052029393283030223","potions_obtained":[{"floor":6,"key":"Explosive Potion"},{"floor":11,"key":"PowerPotion"},{"floor":12,"key":"LiquidBronze"},{"floor":14,"key":"LiquidBronze"},{"floor":18,"key":"GhostInAJar"},{"floor":28,"key":"Swift Potion"},{"floor":29,"key":"Weak Potion"},{"floor":30,"key":"FearPotion"},{"floor":35,"key":"Regen Potion"},{"floor":39,"key":"Energy Potion"},{"floor":41,"key":"FearPotion"},{"floor":45,"key":"Ancient Potion"},{"floor":46,"key":"Strength Potion"},{"floor":47,"key":"Regen Potion"},{"floor":48,"key":"EssenceOfSteel"}],"is_trial":false,"path_per_floor":["M","?","$","?","?","E","M","R","T","E","M","M","M","E","R","B",null,"M","?","M","M","M","R","E","R","T","$","M","E","M","$","R","B",null,"M","$","?","$","M","R","E","?","T","R","M","M","M","M","R","B",null],"character_chosen":"THE_SILENT","items_purchased":["Footwork","Dash","Block Potion","Acrobatics+1","Art of War"],"campfire_rested":2,"item_purchase_floors":[3,3,27,31,31],"current_hp_per_floor":[63,52,52,49,49,49,49,49,49,49,49,45,40,40,40,37,62,52,52,52,46,41,41,34,34,34,34,41,39,39,39,60,70,70,70,70,70,70,70,70,53,53,53,53,54,45,45,50,70,15],"gold":229,"neow_bonus":"THREE_ENEMY_KILL","is_prod":false,"is_daily":false,"chose_seed":false,"campfire_upgraded":6,"win_rate":0,"timestamp":1543582843,"path_taken":["M","?","$","?","?","E","M","R","T","E","M","M","M","E","R","BOSS","M","?","M","M","M","R","E","R","T","?","M","E","?","$","R","BOSS","M","$","?","$","M","R","E","?","T","R","M","?","M","M","R","BOSS"],"build_version":"2018-11-15","purchased_purges":2,"victory":true,"max_hp_per_floor":[70,70,70,70,70,70,70,70,70,70,70,70,70,70,70,70,70,70,70,70,70,70,70,70,70,70,70,70,70,70,70,70,70,70,70,70,70,70,70,70,70,70,70,70,70,70,70,70,70,70],"card_choices":[{"not_picked":["Dagger Throw","Prepared"],"picked":"Quick Slash","floor":1},{"not_picked":["Dodge and Roll","Dash"],"picked":"Noxious Fumes","floor":6},{"not_picked":["Bane","Quick Slash"],"picked":"Cloak And Dagger","floor":7},{"not_picked":["Dodge and Roll","Bouncing Flask"],"picked":"Deflect","floor":10},{"not_picked":["Deflect","Poisoned Stab"],"picked":"Sucker Punch","floor":11},{"not_picked":["Bane","Cloak And Dagger"],"picked":"All Out Attack","floor":12},{"not_picked":["Endless Agony","Crippling Poison","Acrobatics"],"picked":"SKIP","floor":13},{"not_picked":["Grand Finale","Sucker Punch","Blade Dance"],"picked":"SKIP","floor":14},{"not_picked":["Venomology","Storm of Steel"],"picked":"Night Terror","floor":16},{"not_picked":["Acrobatics+1","Dodge and Roll"],"picked":"Dagger Throw+1","floor":18},{"not_picked":["Backflip","Distraction"],"picked":"PiercingWail+1","floor":20},{"not_picked":["Heel Hook","Backflip"],"picked":"Well Laid Plans","floor":21},{"not_picked":["Outmaneuver+1","Quick Slash+1"],"picked":"Bullet Time","floor":22},{"not_picked":["Bane","Outmaneuver"],"picked":"After Image","floor":24},{"not_picked":["Dagger Spray","Underhanded Strike"],"picked":"Cloak And Dagger+1","floor":28},{"not_picked":["Cloak And Dagger","PiercingWail"],"picked":"Deflect","floor":29},{"not_picked":["Sucker Punch+1","Dodge and Roll+1"],"picked":"Escape Plan+1","floor":30},{"not_picked":["Burst+1","Doppelganger+1"],"picked":"Adrenaline+1","floor":33},{"not_picked":["Flying Knee","Accuracy+1","Dagger Throw"],"picked":"SKIP","floor":35},{"not_picked":["Quick Slash","Underhanded Strike+1"],"picked":"Dash+1","floor":39},{"not_picked":["Blade Dance+1","Bane+1","Wraith Form v2"],"picked":"SKIP","floor":41},{"not_picked":["Slice+1","Poisoned Stab+1"],"picked":"Dodge and Roll+1","floor":45},{"not_picked":["Poisoned Stab","Deflect+1"],"picked":"Cloak And Dagger+1","floor":46},{"not_picked":["Flying Knee","Distraction+1","Tactician+1"],"picked":"SKIP","floor":47},{"not_picked":["Dagger Throw","Accuracy+1"],"picked":"Deadly Poison+1","floor":48}],"player_experience":279784,"relics_obtained":[{"floor":6,"key":"PreservedInsect"},{"floor":9,"key":"Bag of Marbles"},{"floor":10,"key":"Tiny Chest"},{"floor":14,"key":"Blue Candle"},{"floor":24,"key":"Pantograph"},{"floor":26,"key":"Meat on the Bone"},{"floor":29,"key":"Toxic Egg 2"},{"floor":41,"key":"Bag of Preparation"},{"floor":43,"key":"Ancient Tea Set"}],"event_choices":[{"damage_healed":0,"gold_gain":75,"player_choice":"Gather Gold","damage_taken":11,"max_hp_gain":0,"max_hp_loss":0,"event_name":"World of Goop","floor":2,"gold_loss":0},{"damage_healed":0,"gold_gain":0,"player_choice":"Success","damage_taken":3,"relics_obtained":["Turnip"],"max_hp_gain":0,"max_hp_loss":0,"event_name":"Scrap Ooze","floor":4,"gold_loss":0},{"damage_healed":0,"gold_gain":0,"player_choice":"Grow","damage_taken":0,"max_hp_gain":0,"max_hp_loss":0,"event_name":"Living Wall","floor":5,"gold_loss":0,"cards_upgraded":["Neutralize"]},{"damage_healed":0,"gold_gain":0,"player_choice":"Traded Relic","damage_taken":0,"relics_obtained":["Nloth\u0027s Gift"],"max_hp_gain":0,"max_hp_loss":0,"event_name":"N\u0027loth","floor":19,"relics_lost":["NeowsBlessing"],"gold_loss":0},{"damage_healed":0,"gold_gain":0,"player_choice":"Memory 1","damage_taken":0,"max_hp_gain":0,"max_hp_loss":0,"event_name":"SensoryStone","floor":37,"gold_loss":0},{"damage_healed":0,"gold_gain":0,"player_choice":"1 cards matched","damage_taken":0,"max_hp_gain":0,"max_hp_loss":0,"event_name":"Match and Keep!","floor":42,"gold_loss":0,"cards_obtained":["Terror"]}],"is_beta":false,"boss_relics":[{"not_picked":["Runic Pyramid","Busted Crown"],"picked":"Cursed Key"},{"not_picked":["Lizard Tail","Velvet Choker"],"picked":"White Beast Statue"}],"items_purged_floors":[27,31],"is_endless":false,"potions_floor_spawned":[6,11,12,14,16,18,20,22,28,29,30,35,39,41,45,46,47,48],"ascension_level":7}