{"gold_per_floor":[113,113,130,141,154,183,183,148,148,73,89,89,164,183,183,288,288,302,302,313,313,27,27,55,72,72,38,38,38,48,63,63,168,168,178,178,194,204,219,219,219,219,219,236,254,254,254,254,254,254],"floor_reached":51,"playtime":6540,"items_purged":["Strike_B","Strike_B"],"score":676,"play_id":"70caabe4-9dee-4687-84b0-dba1b196d768","local_time":"20180730034622","is_ascension_mode":true,"campfire_choices":[{"floor":7,"key":"REST"},{"floor":15,"key":"REST"},{"data":"Chill","floor":23,"key":"SMITH"},{"data":"Defragment","floor":32,"key":"SMITH"},{"data":"Loop","floor":40,"key":"SMITH"},{"data":"Hologram","floor":42,"key":"SMITH"},{"data":"Secret Technique","floor":49,"key":"SMITH"}],"neow_cost":"TEN_PERCENT_HP_LOSS","seed_source_timestamp":3530058258756,"circlet_count":0,"master_deck":["Defend_B+1","Defend_B+1","Defend_B+1","Defend_B+1","Zap+1","Dualcast+1","Steam+1","Lockon+1","Genetic Algorithm+1","Streamline+1","Redo+1","Steam+1","Defragment+1","White Noise+1","Glacier+1","Amplify+1","Cold Snap+1","RitualDagger+1","Coolheaded+1","Blizzard+1","Capacitor+1","Chill+1","Defragment+1","Hologram+1","Blizzard+1","Redo+1","Glacier+1","Loop+1","Hologram+1","Cold Snap","Redo+1","Chill+1","Secret Technique+1"],"relics":["Cracked Core","Juzu Bracelet","Bottled Tornado","Runic Pyramid","StoneCalendar","Bird Faced Urn","Black Star","Mark of the Bloom","Molten Egg 2"],"potions_floor_usage":[5,30,33,33,37,37,39,50],"damage_taken":[{"damage":0,"enemies":"Small Slimes","floor":1,"turns":2},{"damage":0,"enemies":"2 Louse","floor":3,"turns":2},{"damage":3,"enemies":"Jaw Worm","floor":4,"turns":2},{"damage":0,"enemies":"Gremlin Gang","floor":5,"turns":4},{"damage":45,"enemies":"Lagavulin","floor":6,"turns":7},{"damage":10,"enemies":"Looter","floor":11,"turns":3},{"damage":0,"enemies":"2 Fungi Beasts","floor":14,"turns":6},{"damage":27,"enemies":"Hexaghost","floor":16,"turns":12},{"damage":14,"enemies":"2 Thieves","floor":18,"turns":3},{"damage":12,"enemies":"Shell Parasite","floor":20,"turns":9},{"damage":7,"enemies":"Book of Stabbing","floor":24,"turns":9},{"damage":16,"enemies":"Snake Plant","floor":25,"turns":6},{"damage":0,"enemies":"Sentry and Sphere","floor":30,"turns":10},{"damage":0,"enemies":"Chosen and Byrds","floor":31,"turns":7},{"damage":14,"enemies":"Automaton","floor":33,"turns":14},{"damage":22,"enemies":"3 Shapes","floor":35,"turns":5},{"damage":0,"enemies":"3 Darklings","floor":37,"turns":5},{"damage":23,"enemies":"4 Shapes","floor":38,"turns":7},{"damage":0,"enemies":"Flame Bruiser 2 Orb","floor":39,"turns":8},{"damage":0,"enemies":"3 Darklings","floor":44,"turns":7},{"damage":0,"enemies":"Maw","floor":45,"turns":9},{"damage":2,"enemies":"Awakened One","floor":50,"turns":18}],"seed_played":"2487068091095746","potions_obtained":[{"floor":3,"key":"Block Potion"},{"floor":6,"key":"Regen Potion"},{"floor":25,"key":"LiquidBronze"},{"floor":30,"key":"AttackPotion"},{"floor":31,"key":"Explosive Potion"},{"floor":33,"key":"Regen Potion"},{"floor":38,"key":"AttackPotion"},{"floor":39,"key":"SpeedPotion"},{"floor":45,"key":"Fire Potion"}],"is_trial":false,"path_per_floor":["M","?","M","M","M","E","R","?","T","$","M","?","?","M","R","B",null,"M","?","M","?","$","R","E","M","T","$","?","?","M","M","R","B",null,"M","?","M","M","M","R","?","R","T","M","M","?","?","?","R","B"],"character_chosen":"DEFECT","items_purchased":["Blizzard","Capacitor","Chill","Blizzard"],"campfire_rested":2,"item_purchase_floors":[22,22,22,27],"current_hp_per_floor":[68,54,54,51,51,6,26,43,43,43,33,33,22,22,42,15,68,54,48,36,36,36,36,29,13,13,13,13,13,36,48,48,42,68,56,56,56,33,33,33,33,33,33,33,33,33,33,33,33,31],"gold":254,"neow_bonus":"TRANSFORM_TWO_CARDS","is_prod":false,"is_daily":false,"chose_seed":false,"campfire_upgraded":5,"win_rate":0.0,"timestamp":1532936782,"path_taken":["M","?","M","M","M","E","R","?","T","$","M","?","?","M","R","BOSS","M","?","M","?","$","R","E","M","T","?","?","?","M","M","R","BOSS","M","?","M","M","M","R","?","R","T","M","M","?","?","?","R","BOSS"],"build_version":"2018-07-26","purchased_purges":2,"victory":true,"max_hp_per_floor":[68,68,68,68,68,68,68,68,68,68,68,68,68,68,68,68,68,68,68,68,68,68,68,68,68,68,68,68,68,68,68,68,68,68,68,68,68,68,68,68,68,68,68,68,68,68,68,68,68,68],"card_choices":[{"not_picked":["Gash","Ball Lightning"],"picked":"Genetic Algorithm","floor":1},{"not_picked":["Stack","Gash"],"picked":"Streamline","floor":3},{"not_picked":["Compile Driver","Double Energy"],"picked":"Redo","floor":4},{"not_picked":["Hologram","Fission"],"picked":"Steam","floor":5},{"not_picked":["Reinforced Body","Compile Driver"],"picked":"Defragment","floor":6},{"not_picked":["Sweeping Beam","Coolheaded"],"picked":"White Noise","floor":11},{"not_picked":["Force Field","Machine Learning"],"picked":"Glacier","floor":14},{"not_picked":["Core Surge","Reboot"],"picked":"Amplify","floor":16},{"not_picked":["Go for the Eyes+1","Fusion+1"],"picked":"Cold Snap","floor":18},{"not_picked":["Stack","Leap"],"picked":"Coolheaded","floor":20},{"not_picked":["Core Surge","Force Field"],"picked":"Defragment","floor":24},{"not_picked":["Rip and Tear","Conserve Battery"],"picked":"Hologram","floor":25},{"not_picked":["Steam Power","Recycle","Turbo+1"],"picked":"SKIP","floor":30},{"not_picked":["Rebound","Reinforced Body"],"picked":"Redo","floor":31},{"not_picked":["Rebound","Sweeping Beam"],"picked":"Glacier","floor":35},{"not_picked":["Beam Cell","Stack"],"picked":"Loop","floor":37},{"not_picked":["Fusion","Scrape"],"picked":"Hologram","floor":38},{"not_picked":["Chaos","Rip and Tear+1"],"picked":"Cold Snap","floor":39},{"not_picked":["Leap+1","Tempest"],"picked":"Redo+1","floor":44},{"not_picked":["Conserve Battery+1","Static Discharge"],"picked":"Chill+1","floor":45},{"not_picked":["Blind","Master of Strategy"],"picked":"Secret Technique","floor":47}],"player_experience":426988,"relics_obtained":[{"floor":6,"key":"Juzu Bracelet"},{"floor":9,"key":"Bottled Tornado"},{"floor":24,"key":"StoneCalendar"},{"floor":26,"key":"Bird Faced Urn"},{"floor":43,"key":"Molten Egg 2"}],"event_choices":[{"event_name":"Shining Light","player_choice":"Entered Light","floor":2,"damage_taken":0},{"event_name":"The Cleric","player_choice":"Healed","floor":8,"damage_taken":0},{"event_name":"Living Wall","player_choice":"Grow","floor":12,"damage_taken":0},{"event_name":"World of Goop","player_choice":"Gather Gold","floor":13,"damage_taken":0},{"event_name":"Nest","player_choice":"Joined the Cult","floor":19,"damage_taken":0},{"event_name":"Addict","player_choice":"Ignored","floor":21,"damage_taken":0},{"event_name":"Cursed Tome","player_choice":"Ignored","floor":28,"damage_taken":0},{"event_name":"Drug Dealer","player_choice":"Ignored","floor":29,"damage_taken":0},{"event_name":"MindBloom","player_choice":"Upgrade","floor":36,"damage_taken":0},{"event_name":"The Moai Head","player_choice":"Ignored","floor":41,"damage_taken":0},{"event_name":"FaceTrader","player_choice":"Leave","floor":46,"damage_taken":0},{"event_name":"SensoryStone","player_choice":"Memory 1","floor":47,"damage_taken":0},{"event_name":"SecretPortal","player_choice":"Rejected Portal.","floor":48,"damage_taken":0}],"is_beta":false,"boss_relics":[{"not_picked":["FrozenCore","Cursed Key"],"picked":"Runic Pyramid"},{"not_picked":["Fusion Hammer","Runic Dome"],"picked":"Black Star"}],"items_purged_floors":[10,22],"is_endless":false,"potions_floor_spawned":[3,6,25,30,31,33,38,39,45],"ascension_level":1}