{"path_per_floor":["M","M","M","?","?","E","R","?","T","M","M","M","$"],"character_chosen":"THE_SILENT","items_purchased":["Underhanded Strike","Dodge and Roll"],"gold_per_floor":[112,132,150,150,225,255,255,277,277,289,300,315,141],"floor_reached":14,"campfire_rested":1,"playtime":1455,"current_hp_per_floor":[63,60,57,57,46,29,50,31,31,31,31,15,15],"items_purged":["Strike_G"],"gold":141,"score":92,"play_id":"e3fa5d84-af2d-4938-9eac-12dfaf19b7dc","local_time":"20180303011947","is_prod":false,"is_daily":false,"is_ascension_mode":false,"campfire_upgraded":0,"timestamp":1520057987,"path_taken":["M","M","?","?","?","E","R","?","T","M","M","M","$","M"],"build_version":"2018-03-01-PROD1","purchased_purges":1,"victory":false,"master_deck":["Defend_G","Defend_G","Defend_G","Defend_G","Defend_G","Strike_G","Strike_G","Strike_G","Strike_G","Survivor","Neutralize","Acrobatics","Prepared","Deflect","Well Laid Plans","Flechettes","Noxious Fumes","Choke","Quick Slash","Prepared","Underhanded Strike","Dodge and Roll"],"max_hp_per_floor":[70,70,70,70,70,70,70,70,70,70,70,70,70],"relics":["Ring of the Snake","Oddly Smooth Stone","Odd Mushroom","Ice Cream"],"card_choices":[{"not_picked":["Dagger Throw","Quick Slash"],"picked":"Acrobatics"},{"not_picked":["Backstab","Quick Slash"],"picked":"Prepared"},{"not_picked":["Bouncing Flask","Choke"],"picked":"Deflect"},{"not_picked":["Dagger Spray","Acrobatics"],"picked":"Well Laid Plans"},{"not_picked":["Backflip","Dagger Throw"],"picked":"Flechettes"},{"not_picked":["Sucker Punch","Well Laid Plans"],"picked":"Noxious Fumes"},{"not_picked":["Flying Knee","Dagger Throw"],"picked":"Choke"},{"not_picked":["Dodge and Roll","Unload"],"picked":"Quick Slash"},{"not_picked":["Dagger Throw","Dagger Spray"],"picked":"Prepared"}],"player_experience":38217,"potions_floor_usage":[6,6,6],"damage_taken":[{"damage":7,"enemies":"Cultist","floor":1,"turns":5},{"damage":3,"enemies":"Small Slimes","floor":2,"turns":4},{"damage":3,"enemies":"Jaw Worm","floor":3,"turns":4},{"damage":17,"enemies":"Lagavulin","floor":6,"turns":8},{"damage":19,"enemies":"The Mushroom Lair","floor":8,"turns":6},{"damage":0,"enemies":"Red Slaver","floor":10,"turns":5},{"damage":0,"enemies":"2 Fungi Beasts","floor":11,"turns":4},{"damage":16,"enemies":"Looter","floor":12,"turns":4},{"damage":19,"enemies":"Blue Slaver","floor":14,"turns":3}],"event_choices":[{"event_name":"The Lab","player_choice":"Got Potions","floor":4,"damage_taken":0},{"event_name":"World of Goop","player_choice":"Gather Gold","floor":5,"damage_taken":0},{"event_name":"Mushrooms","player_choice":"Fought Mushrooms","floor":8,"damage_taken":0}],"boss_relics":[],"potions_floor_spawned":[3,6,8,11,12],"seed_played":"1365671842898802993","killed_by":"Blue Slaver","ascension_level":0,"is_trial":false}