{"gold_per_floor":[212,232,134,134,34,34,68,81,81,81,28,128,148,3,3,98,98,117,127,127,46,64,64,75,87,135,152,152],"floor_reached":28,"playtime":1656,"items_purged":["Defend_R","Defend_R"],"score":220,"play_id":"539f7946-4b8a-4171-af35-362679b8e59b","local_time":"20180731164119","is_ascension_mode":false,"campfire_choices":[{"data":"Bash","floor":6.0,"key":"SMITH"},{"data":"Flame Barrier","floor":10.0,"key":"SMITH"},{"data":"Armaments","floor":15.0,"key":"SMITH"},{"data":"Barricade","floor":23,"key":"SMITH"}],"neow_cost":"NONE","seed_source_timestamp":0,"circlet_count":0,"master_deck":["Strike_R","Strike_R","Strike_R","Strike_R","Strike_R","Defend_R","Defend_R","Bash+1","True Grit","Iron Wave","Shrug It Off","Flame Barrier+1","Entrench","Armaments+1","Inflame","Impervious","Barricade+1","Whirlwind","Armaments","Battle Trance","Metallicize","Shockwave","Shrug It Off+1"],"special_seed":0,"relics":["Burning Blood","Calipers","Champion Belt","Velvet Choker","Pen Nib"],"potions_floor_usage":[],"damage_taken":[{"damage":2.0,"enemies":"2 Louse","floor":1.0,"turns":3.0},{"damage":4.0,"enemies":"Cultist","floor":2.0,"turns":4.0},{"damage":41.0,"enemies":"Lagavulin","floor":7.0,"turns":8.0},{"damage":0.0,"enemies":"Jaw Worm","floor":8.0,"turns":4.0},{"damage":2.0,"enemies":"Exordium Thugs","floor":13.0,"turns":5.0},{"damage":39.0,"enemies":"Hexaghost","floor":16.0,"turns":15.0},{"damage":0,"enemies":"3 Byrds","floor":18,"turns":3},{"damage":11,"enemies":"Chosen","floor":19,"turns":7},{"damage":20,"enemies":"Snake Plant","floor":22,"turns":5},{"damage":10,"enemies":"Centurion and Healer","floor":24,"turns":14},{"damage":2,"enemies":"Snecko","floor":25,"turns":9},{"damage":6,"enemies":"Snake Plant","floor":27,"turns":9},{"damage":76,"enemies":"3 Cultists","floor":28,"turns":9}],"seed_played":"7771860711067117247","potions_obtained":[{"floor":1.0,"key":"Poison Potion"},{"floor":2.0,"key":"SneckoOil"},{"floor":4.0,"key":"Weak Potion"},{"floor":4.0,"key":"Fruit Juice"}],"is_trial":false,"path_per_floor":["M","M","$","?","$","R","E","M","T","R","$","?","M","$","R","B",null,"M","M","?","$","M","R","M","M","T","M"],"character_chosen":"IRONCLAD","items_purchased":["Shrug It Off","Armaments","Impervious","Battle Trance"],"campfire_rested":0,"item_purchase_floors":[3,11,14,21],"current_hp_per_floor":[80,80,80,80,80,80,50,56,56,56,56,56,60,60,60,27,85,85,80,80,80,66,66,62,66,66,66,0],"gold":152,"neow_bonus":"HUNDRED_GOLD","is_prod":false,"is_daily":false,"chose_seed":false,"campfire_upgraded":4,"win_rate":0,"timestamp":1533048079,"path_taken":["M","M","$","?","?","R","E","M","T","R","$","?","?","?","R","BOSS","M","M","?","$","M","R","M","M","T","M","M"],"build_version":"2018-07-26","purchased_purges":2,"victory":false,"max_hp_per_floor":[80,80,80,80,80,80,85,85,85,85,85,85,85,85,85,85,85,85,85,85,85,85,85,85,85,85,85,85],"card_choices":[{"not_picked":["Reckless Charge","Heavy Blade"],"picked":"True Grit","floor":1.0},{"not_picked":["True Grit","Heavy Blade"],"picked":"Iron Wave","floor":2.0},{"not_picked":["Armaments","Rage"],"picked":"Flame Barrier","floor":7.0},{"not_picked":["Pommel Strike","Burning Pact"],"picked":"Entrench","floor":8.0},{"not_picked":["Entrench","Perfected Strike"],"picked":"Inflame","floor":13.0},{"not_picked":["Feed","Berserk"],"picked":"Barricade","floor":16.0},{"not_picked":["Warcry+1","Flex"],"picked":"Whirlwind","floor":18},{"not_picked":["Headbutt","Hemokinesis"],"picked":"Armaments","floor":19},{"not_picked":["Clothesline","True Grit"],"picked":"Metallicize","floor":22},{"not_picked":["Disarm+1","Ghostly Armor+1"],"picked":"Shockwave","floor":24},{"not_picked":["Headbutt","Flex","Infernal Blade"],"picked":"SKIP","floor":25},{"not_picked":["Hemokinesis","Iron Wave"],"picked":"Shrug It Off+1","floor":27}],"player_experience":92309,"relics_obtained":[{"floor":7.0,"key":"Calipers"},{"floor":9.0,"key":"Champion Belt"},{"floor":26,"key":"Pen Nib"}],"event_choices":[{"event_name":"The Lab","player_choice":"Got Potions","floor":4.0,"damage_taken":0.0},{"event_name":"Golden Shrine","player_choice":"Pray","floor":12.0,"damage_taken":0.0},{"event_name":"The Mausoleum","player_choice":"No","floor":20,"damage_taken":0}],"is_beta":false,"boss_relics":[{"not_picked":["Runic Dome","Ectoplasm"],"picked":"Velvet Choker"}],"items_purged_floors":[3,5],"is_endless":false,"potions_floor_spawned":[1,2,24],"killed_by":"3 Cultists","ascension_level":0}