{"path_per_floor":["M","M","M","?","M","R","?","?","T","R","E","$","M","M","R","B",null,"M","?","M","M","?","R","?","M","T","M","$","?","M","M","R"],"character_chosen":"THE_SILENT","items_purchased":["Well Laid Plans","Quick Slash","Backstab","Caltrops","Poisoned Stab"],"gold_per_floor":[109,129,149,149,165,165,165,165,237,237,275,76,94,112,112,233,233,256,256,280,294,294,294,294,314,614,637,376,376,394,417,417],"floor_reached":33,"campfire_rested":3,"playtime":3526,"current_hp_per_floor":[69,64,60,43,42,63,63,63,63,63,36,36,36,36,57,25,95,84,66,55,50,50,50,50,32,32,30,30,30,19,14,33],"items_purged":["Defend_G","Regret"],"gold":417,"score":302,"play_id":"e70664e9-4074-4423-836a-8833a0e14dc4","is_prod":false,"is_daily":false,"is_ascension_mode":false,"campfire_upgraded":2,"path_taken":["M","M","M","?","M","R","?","?","T","R","E","$","M","M","R","BOSS","M","?","M","M","?","R","?","M","T","M","$","?","M","?","R","BOSS"],"build_version":"2018-02-22-PROD2","purchased_purges":2,"victory":false,"master_deck":["Defend_G","Defend_G","Defend_G","Defend_G","Survivor","Neutralize","Poisoned Stab","Deadly Poison","Prepared","Noxious Fumes","Distraction+1","Die Die Die","Well Laid Plans","Quick Slash","Deflect","Backstab","A Thousand Cuts+1","Injury","Parasite","Underhanded Strike","Bite","Bite","Bite","Bite","Bite","Dagger Throw","Bouncing Flask","Neutralize","Dagger Spray","Night Terror","Backstab","Caltrops","Poisoned Stab","Distraction+1","Dagger Spray+1"],"max_hp_per_floor":[70,70,70,70,70,70,70,70,70,70,70,70,70,70,70,70,95,95,66,66,66,66,66,66,66,66,66,66,66,66,66,66],"relics":["Ring of the Snake","Golden Idol","Darkstone Periapt","Thread and Needle","Calling Bell","Strawberry","Centennial Puzzle","Ninja Scroll","Old Coin"],"card_choices":[{"not_picked":["Deflect","Caltrops"],"picked":"Poisoned Stab"},{"not_picked":["Well Laid Plans","Backflip"],"picked":"Deadly Poison"},{"not_picked":["Flying Knee","Dagger Throw"],"picked":"Prepared"},{"not_picked":["Dagger Spray","Underhanded Strike"],"picked":"Noxious Fumes"},{"not_picked":["Footwork","Blur"],"picked":"Die Die Die"},{"not_picked":["Underhanded Strike","Escape Plan"],"picked":"Deflect"},{"not_picked":["Outmaneuver","Backflip"],"picked":"Backstab"},{"not_picked":["Unload","Tools of the Trade"],"picked":"A Thousand Cuts"},{"not_picked":["Quick Slash","Backflip"],"picked":"Underhanded Strike"},{"not_picked":["Calculated Gamble","Backflip"],"picked":"Dagger Throw"},{"not_picked":["Poisoned Stab","Acrobatics"],"picked":"Bouncing Flask"},{"not_picked":["Acrobatics","Riddle With Holes"],"picked":"Dagger Spray"},{"not_picked":["Dash","Heel Hook"],"picked":"Night Terror"},{"not_picked":["Dagger Throw","Underhanded Strike"],"picked":"Dagger Spray"}],"player_experience":14932,"potions_floor_usage":[31],"damage_taken":[{"damage":1,"enemies":"2 Louse","floor":1,"turns":4},{"damage":5,"enemies":"Jaw Worm","floor":2,"turns":4},{"damage":4,"enemies":"Cultist","floor":3,"turns":4},{"damage":1,"enemies":"2 Fungi Beasts","floor":5,"turns":3},{"damage":27,"enemies":"Gremlin Nob","floor":11,"turns":5},{"damage":0,"enemies":"Exordium Thugs","floor":13,"turns":5},{"damage":0,"enemies":"Blue Slaver","floor":14,"turns":3},{"damage":32,"enemies":"The Guardian","floor":16,"turns":8},{"damage":11,"enemies":"Chosen","floor":18,"turns":6},{"damage":22,"enemies":"Shell Parasite","floor":20,"turns":6},{"damage":13,"enemies":"3 Cultists","floor":21,"turns":5},{"damage":26,"enemies":"Slaver and Parasite","floor":25,"turns":5},{"damage":12,"enemies":"Snecko","floor":27,"turns":4},{"damage":17,"enemies":"Centurion and Healer","floor":30,"turns":6},{"damage":9,"enemies":"Sentry and Sphere","floor":31,"turns":4},{"damage":63,"enemies":"Automaton","floor":33,"turns":6}],"event_choices":[{"event_name":"Golden Idol","player_choice":"Take Damage","floor":4,"damage_taken":0},{"event_name":"Living Wall","player_choice":"Forget","floor":7,"damage_taken":0},{"event_name":"Transmorgrifier","player_choice":"Transform","floor":8,"damage_taken":0},{"event_name":"Vampires","player_choice":"Became a vampire","floor":19,"damage_taken":0},{"event_name":"Match and Keep!","player_choice":"1 cards matched","floor":22,"damage_taken":0},{"event_name":"Cursed Tome","player_choice":"Ignored","floor":24,"damage_taken":0},{"event_name":"Duplicator","player_choice":"One dupe","floor":29,"damage_taken":0}],"boss_relics":[{"not_picked":["Sozu","Philosopher\u0027s Stone"],"picked":"Calling Bell"}],"potions_floor_spawned":[2,5,11,27,30,31],"seed_played":"1162213595336914009","killed_by":"Automaton","ascension_level":0,"is_trial":false}