{"gold_per_floor":[110,123,123,143,156,156,175,175,246,119,119,19,34,84,84,84],"floor_reached":16,"playtime":548,"items_purged":["Strike_B","Strike_B"],"score":133,"play_id":"308cb0de-d16a-4ec2-9f6e-5f8ed713e9c2","local_time":"20190116133236","is_ascension_mode":true,"campfire_choices":[{"data":"Defragment","floor":6,"key":"SMITH"},{"data":"Rainbow","floor":15,"key":"SMITH"}],"neow_cost":"PERCENT_DAMAGE","seed_source_timestamp":115999867820074,"circlet_count":0,"master_deck":["Defend_B","Defend_B","Defend_B","Defend_B","Zap","Dualcast","Rainbow+1","Doom and Gloom","Glacier","Defragment+1","Coolheaded","Rebound","Undo"],"relics":["Cracked Core","Golden Idol","Matryoshka","Ornamental Fan","Juzu Bracelet"],"potions_floor_usage":[],"damage_taken":[{"damage":5,"enemies":"Jaw Worm","floor":1,"turns":4},{"damage":0,"enemies":"Cultist","floor":2,"turns":4},{"damage":13,"enemies":"Small Slimes","floor":4,"turns":3},{"damage":0,"enemies":"3 Louse","floor":5,"turns":4},{"damage":10,"enemies":"Exordium Thugs","floor":7,"turns":4},{"damage":3,"enemies":"Looter","floor":13,"turns":4},{"damage":0,"enemies":"Slime Boss","floor":16,"turns":2}],"seed_played":"-5784326499879311427","potions_obtained":[{"floor":2,"key":"Swift Potion"},{"floor":7,"key":"Fire Potion"}],"is_trial":false,"path_per_floor":["M","M","?","M","M","R","M","?","T","$","?","$","M","T","R","B"],"character_chosen":"DEFECT","items_purchased":["Block Potion"],"campfire_rested":0,"item_purchase_floors":[10],"current_hp_per_floor":[45,45,45,32,32,32,22,4,4,4,4,4,1,1,1,1],"gold":84,"neow_bonus":"THREE_RARE_CARDS","is_prod":false,"is_daily":false,"chose_seed":false,"campfire_upgraded":2,"win_rate":0,"timestamp":1547667156,"path_taken":["M","M","?","M","M","R","M","?","T","$","?","$","?","?","R","BOSS"],"build_version":"2019-01-10","purchased_purges":2,"victory":false,"max_hp_per_floor":[75,75,75,75,75,75,75,75,75,75,75,75,75,75,75,75],"card_choices":[{"not_picked":["Fission","All For One"],"picked":"Rainbow","floor":0},{"not_picked":["Stack","Redo"],"picked":"Doom and Gloom","floor":1},{"not_picked":["Compile Driver","Redo","Steam"],"picked":"SKIP","floor":2},{"not_picked":["FTL","Redo"],"picked":"Glacier","floor":4},{"not_picked":["Coolheaded","Conserve Battery"],"picked":"Defragment","floor":5},{"not_picked":["Scrape","Double Energy"],"picked":"Coolheaded","floor":7},{"not_picked":["Recycle","Leap"],"picked":"Undo","floor":13}],"player_experience":656878,"relics_obtained":[{"floor":9,"key":"Matryoshka"},{"floor":14,"key":"Ornamental Fan"},{"floor":14,"key":"Juzu Bracelet"}],"event_choices":[{"cards_removed":["Strike_B"],"damage_healed":0,"gold_gain":0,"player_choice":"Forget","damage_taken":0,"max_hp_gain":0,"max_hp_loss":0,"event_name":"Living Wall","floor":3,"gold_loss":0},{"damage_healed":0,"gold_gain":0,"player_choice":"Take Damage","damage_taken":18,"relics_obtained":["Golden Idol"],"max_hp_gain":0,"max_hp_loss":0,"event_name":"Golden Idol","floor":8,"gold_loss":0},{"damage_healed":0,"gold_gain":0,"cards_transformed":["Strike_B"],"player_choice":"Transformed","damage_taken":0,"max_hp_gain":0,"max_hp_loss":0,"event_name":"Transmorgrifier","floor":11,"gold_loss":0,"cards_obtained":["Rebound"]}],"is_beta":false,"boss_relics":[],"items_purged_floors":[10,12],"is_endless":false,"potions_floor_spawned":[2,7],"killed_by":"Slime Boss","ascension_level":9}