{"gold_per_floor":[109,59,59,59,74,74,118,143,191,191,231,102,102,118,118,244,244,257,0,0,18,34,34,49,49,49,49],"floor_reached":27,"playtime":752,"items_purged":["Strike_B"],"score":221,"play_id":"aae41c33-9ceb-47f1-9c0b-4b7252bbbdbd","local_time":"20181021181152","is_ascension_mode":false,"campfire_choices":[{"data":"Zap","floor":6,"key":"SMITH"},{"floor":10,"key":"REST"},{"floor":13,"key":"REST"},{"data":"Dualcast","floor":15,"key":"SMITH"},{"data":"Turbo","floor":23,"key":"SMITH"}],"neow_cost":"","seed_source_timestamp":0,"circlet_count":0,"master_deck":["Strike_B","Strike_B","Defend_B","Defend_B","Defend_B","Defend_B","Zap+1","Dualcast+1","BootSequence","Conserve Battery","Core Surge","Sweeping Beam","Sweeping Beam","Conserve Battery","Doom and Gloom","Machine Learning+1","Undo+1","Loop+1","Turbo+1"],"relics":["Cracked Core","Golden Idol","Ancient Tea Set","Happy Flower","Frozen Egg 2","Philosopher\u0027s Stone","Darkstone Periapt"],"potions_floor_usage":[],"damage_taken":[{"damage":0,"enemies":"Small Slimes","floor":1,"turns":3},{"damage":0,"enemies":"2 Louse","floor":5,"turns":2},{"damage":41,"enemies":"Gremlin Nob","floor":7,"turns":5},{"damage":4,"enemies":"Jaw Worm","floor":8,"turns":4},{"damage":17,"enemies":"3 Sentries","floor":11,"turns":6},{"damage":0,"enemies":"Blue Slaver","floor":14,"turns":3},{"damage":30,"enemies":"Slime Boss","floor":16,"turns":11},{"damage":17,"enemies":"Spheric Guardian","floor":18,"turns":4},{"damage":0,"enemies":"Chosen","floor":21,"turns":4},{"damage":30,"enemies":"3 Cultists","floor":22,"turns":4},{"damage":7,"enemies":"Centurion and Healer","floor":24,"turns":6},{"damage":18,"enemies":"Cultist and Chosen","floor":27,"turns":4}],"seed_played":"-1614008309707321724","potions_obtained":[{"floor":1,"key":"Energy Potion"},{"floor":21,"key":"Explosive Potion"},{"floor":24,"key":"Weak Potion"}],"is_trial":true,"path_per_floor":["M","?","?","$","M","R","E","M","T","R","E","$","R","M","R","B",null,"M","?","?","M","M","R","M","?","T"],"character_chosen":"DEFECT","items_purchased":["Conserve Battery"],"campfire_rested":2,"item_purchase_floors":[12],"current_hp_per_floor":[75,75,69,69,69,69,28,24,24,44,27,27,47,47,47,17,69,52,52,52,52,22,22,15,15,15,0],"gold":49,"neow_bonus":"","is_prod":false,"is_daily":false,"chose_seed":false,"campfire_upgraded":3,"win_rate":0,"timestamp":1540138312,"path_taken":["M","?","?","?","M","R","E","M","T","R","E","$","R","M","R","BOSS","M","?","?","M","?","R","M","?","T","M"],"build_version":"2018-10-18","purchased_purges":1,"victory":false,"max_hp_per_floor":[75,75,69,69,69,69,69,69,69,69,69,69,69,69,69,69,69,69,69,69,69,69,69,69,69,69,69],"card_choices":[{"not_picked":["Turbo","Rebound"],"picked":"BootSequence","floor":1},{"not_picked":["Turbo","Beam Cell"],"picked":"Conserve Battery","floor":5},{"not_picked":["Conserve Battery","Rebound"],"picked":"Core Surge","floor":7},{"not_picked":["Redo","Scrape"],"picked":"Sweeping Beam","floor":8},{"not_picked":["Loop","Undo"],"picked":"Sweeping Beam","floor":11},{"not_picked":["Chaos","Cold Snap"],"picked":"Doom and Gloom","floor":14},{"not_picked":["Core Surge","Hyperbeam"],"picked":"Machine Learning+1","floor":16},{"not_picked":["Scrape","Go for the Eyes"],"picked":"Undo+1","floor":18},{"not_picked":["Static Discharge+1","Beam Cell+1"],"picked":"Loop+1","floor":21},{"not_picked":["Lockon","Capacitor+1"],"picked":"Turbo","floor":22},{"not_picked":["Conserve Battery","Gash","Beam Cell"],"picked":"SKIP","floor":24}],"player_experience":231883,"relics_obtained":[{"floor":7,"key":"Ancient Tea Set"},{"floor":9,"key":"Happy Flower"},{"floor":11,"key":"Frozen Egg 2"},{"floor":26,"key":"Darkstone Periapt"}],"event_choices":[{"cards_removed":["Strike_B"],"damage_healed":0,"gold_gain":0,"player_choice":"Card Removal","damage_taken":0,"max_hp_gain":0,"max_hp_loss":0,"event_name":"The Cleric","floor":2,"gold_loss":50},{"damage_healed":0,"gold_gain":0,"player_choice":"Lose Max HP","damage_taken":0,"relics_obtained":["Golden Idol"],"max_hp_gain":0,"max_hp_loss":6,"event_name":"Golden Idol","floor":3,"gold_loss":0},{"damage_healed":0,"gold_gain":0,"player_choice":"Paid Fearfully","damage_taken":0,"max_hp_gain":0,"max_hp_loss":0,"event_name":"Masked Bandits","floor":19,"gold_loss":257},{"damage_healed":0,"gold_gain":0,"player_choice":"Ignored","damage_taken":0,"max_hp_gain":0,"max_hp_loss":0,"event_name":"Vampires","floor":20,"gold_loss":0},{"damage_healed":0,"gold_gain":0,"player_choice":"Ignored","damage_taken":0,"max_hp_gain":0,"max_hp_loss":0,"event_name":"Ghosts","floor":25,"gold_loss":0}],"is_beta":false,"boss_relics":[{"not_picked":["Snecko Eye","Orrery"],"picked":"Philosopher\u0027s Stone"}],"items_purged_floors":[12],"is_endless":true,"potions_floor_spawned":[1,5,21,24],"killed_by":"Cultist and Chosen","ascension_level":0}