{"gold_per_floor":[117,67,77,77,30,30,60,60,60,74,101,101,118,152,152,257,257,197,197,197,27,27,27,27,27,27,27,27,27,27,27,27,27],"floor_reached":33,"playtime":1300,"items_purged":[],"score":424,"play_id":"16366a97-d7ad-41b2-8e77-8f0cdb4aa747","local_time":"20190215132143","is_ascension_mode":true,"campfire_choices":[{"data":"Zap","floor":6,"key":"SMITH"},{"data":"Coolheaded","floor":8,"key":"SMITH"},{"floor":12,"key":"REST"},{"floor":15,"key":"REST"},{"data":"Skim","floor":25,"key":"SMITH"},{"floor":28,"key":"REST"},{"floor":32,"key":"REST"}],"neow_cost":"NONE","seed_source_timestamp":48753330444153,"circlet_count":0,"master_deck":["Strike_B","Strike_B","Strike_B","Defend_B","Defend_B","Defend_B","Defend_B","Zap+1","Dualcast","Gash","Rip and Tear","Coolheaded+1","Hologram","Leap","BootSequence","Cold Snap","Gash","Machine Learning+1","Hologram","Necronomicurse","Scrape","Steam","Skim+1","Steam","Turbo","Scrape"],"relics":["Cracked Core","NeowsBlessing","Happy Flower","Frozen Egg 2","Kunai","Shuriken","Oddly Smooth Stone","Ectoplasm","Necronomicon","Smiling Mask","Old Coin","Pear"],"potions_floor_usage":[11,16,23,23,30,33],"damage_taken":[{"damage":0,"enemies":"Cultist","floor":1,"turns":1},{"damage":0,"enemies":"Small Slimes","floor":3,"turns":1},{"damage":0,"enemies":"Lagavulin","floor":7,"turns":1},{"damage":0,"enemies":"Jaw Worm","floor":10,"turns":3},{"damage":14,"enemies":"Gremlin Nob","floor":11,"turns":3},{"damage":0,"enemies":"3 Louse","floor":13,"turns":3},{"damage":28,"enemies":"3 Sentries","floor":14,"turns":8},{"damage":34,"enemies":"The Guardian","floor":16,"turns":10},{"damage":9,"enemies":"2 Thieves","floor":18,"turns":4},{"damage":0,"enemies":"Chosen","floor":22,"turns":5},{"damage":14,"enemies":"Gremlin Leader","floor":23,"turns":8},{"damage":18,"enemies":"Colosseum Slavers","floor":27,"turns":4},{"damage":26,"enemies":"Slavers","floor":29,"turns":6},{"damage":4,"enemies":"Centurion and Healer","floor":30,"turns":4},{"damage":22,"enemies":"Shelled Parasite and Fungi","floor":31,"turns":5},{"damage":51,"enemies":"Champ","floor":33,"turns":10}],"seed_played":"17356531965028130","potions_obtained":[{"floor":3,"key":"AttackPotion"},{"floor":10,"key":"Block Potion"},{"floor":13,"key":"Swift Potion"},{"floor":18,"key":"EssenceOfSteel"},{"floor":29,"key":"AttackPotion"},{"floor":30,"key":"FocusPotion"}],"is_trial":false,"path_per_floor":["M","?","M","?","$","R","E","R","T","M","E","R","M","E","R","B",null,"M","?","?","$","M","E","?","R","T","?","R","E","M","M","R","B"],"character_chosen":"DEFECT","items_purchased":["Coolheaded","Scrape","Steam","Skim"],"campfire_rested":4,"item_purchase_floors":[5,21,21,21],"current_hp_per_floor":[68,68,68,50,50,50,50,50,50,50,36,58,58,30,52,18,61,52,36,36,36,36,22,47,47,47,29,51,35,31,9,34,0],"gold":27,"neow_bonus":"THREE_ENEMY_KILL","is_prod":false,"is_daily":false,"chose_seed":false,"campfire_upgraded":3,"win_rate":0,"timestamp":1550233303,"path_taken":["M","?","M","?","$","R","E","R","T","?","E","R","M","E","R","BOSS","M","?","?","?","M","E","?","R","T","?","R","E","M","M","R","BOSS"],"build_version":"2019-01-23","purchased_purges":0,"victory":false,"max_hp_per_floor":[75,75,75,75,75,75,75,75,75,75,75,75,75,75,75,75,75,75,75,75,75,75,75,75,75,75,75,75,85,85,85,85,85],"card_choices":[{"not_picked":["Leap","Stack"],"picked":"Gash","floor":1},{"not_picked":["Melter","Stack"],"picked":"Rip and Tear","floor":3},{"not_picked":["Sweeping Beam","Beam Cell"],"picked":"Hologram","floor":7},{"not_picked":["Storm+1","Barrage"],"picked":"Leap","floor":10},{"not_picked":["Stack","Sweeping Beam"],"picked":"BootSequence","floor":11},{"not_picked":["Loop+1","Sunder"],"picked":"Cold Snap","floor":13},{"not_picked":["Storm+1","Multi-Cast"],"picked":"Gash","floor":14},{"not_picked":["Rainbow","Thunder Strike"],"picked":"Machine Learning+1","floor":16},{"not_picked":["BootSequence","Turbo"],"picked":"Hologram","floor":18},{"not_picked":["Cold Snap","Rebound"],"picked":"Steam","floor":22},{"not_picked":["Cold Snap","Electrodynamics+1"],"picked":"Turbo","floor":23},{"not_picked":["Leap","Compile Driver"],"picked":"Scrape","floor":29},{"not_picked":["Recycle","BootSequence+1","Storm+1"],"picked":"SKIP","floor":30},{"not_picked":["Barrage","Sweeping Beam","Genetic Algorithm+1"],"picked":"SKIP","floor":31}],"player_experience":659388,"relics_obtained":[{"floor":7,"key":"Frozen Egg 2"},{"floor":9,"key":"Kunai"},{"floor":11,"key":"Shuriken"},{"floor":14,"key":"Oddly Smooth Stone"},{"floor":19,"key":"Necronomicon"},{"floor":23,"key":"Smiling Mask"},{"floor":26,"key":"Old Coin"},{"floor":29,"key":"Pear"}],"event_choices":[{"cards_removed":["Strike_B"],"damage_healed":0,"gold_gain":0,"player_choice":"Card Removal","damage_taken":0,"max_hp_gain":0,"max_hp_loss":0,"event_name":"The Cleric","floor":2,"gold_loss":50},{"damage_healed":0,"gold_gain":0,"player_choice":"Success","damage_taken":18,"relics_obtained":["Happy Flower"],"max_hp_gain":0,"max_hp_loss":0,"event_name":"Scrap Ooze","floor":4,"gold_loss":0},{"damage_healed":0,"gold_gain":0,"player_choice":"Obtained Book","damage_taken":16,"max_hp_gain":0,"max_hp_loss":0,"event_name":"Cursed Tome","floor":19,"gold_loss":0},{"damage_healed":0,"gold_gain":0,"player_choice":"Ignored","damage_taken":0,"max_hp_gain":0,"max_hp_loss":0,"event_name":"The Mausoleum","floor":20,"gold_loss":0},{"damage_healed":25,"gold_gain":0,"player_choice":"Heal","damage_taken":0,"max_hp_gain":0,"max_hp_loss":0,"event_name":"The Library","floor":24,"gold_loss":0},{"damage_healed":0,"gold_gain":0,"player_choice":"Fight","damage_taken":0,"max_hp_gain":0,"max_hp_loss":0,"event_name":"Colosseum","floor":27,"gold_loss":0},{"damage_healed":0,"gold_gain":0,"player_choice":"Fled From Nobs","damage_taken":0,"max_hp_gain":0,"max_hp_loss":0,"event_name":"Colosseum","floor":27,"gold_loss":0}],"is_beta":false,"boss_relics":[{"not_picked":["Inserter","Velvet Choker"],"picked":"Ectoplasm"}],"items_purged_floors":[],"is_endless":false,"potions_floor_spawned":[3,10,13,18,27,29,30],"killed_by":"Champ","ascension_level":6}