{"gold_per_floor":[118,293,293,293,313,343,343,371,441,441,456,456,33,44,44,143,143,161,236,248,248,261,261,261,261,261,278,307,307,319,39,39,143,143,156,156,5,20,20,20,347,347,370,370,387,387,405,430,430,430],"floor_reached":50,"playtime":2803,"items_purged":["Strike_G","Pain","Strike_G"],"score":769,"play_id":"52113e08-226c-4f5c-85ab-8e4b19866030","local_time":"20190112124353","is_ascension_mode":true,"campfire_choices":[{"data":"Neutralize","floor":7,"key":"SMITH"},{"floor":10,"key":"REST"},{"floor":12,"key":"REST"},{"data":"Footwork","floor":15,"key":"SMITH"},{"data":"Footwork","floor":23,"key":"SMITH"},{"data":"Survivor","floor":25,"key":"SMITH"},{"data":"Die Die Die","floor":29,"key":"SMITH"},{"data":"Poisoned Stab","floor":32,"key":"SMITH"},{"floor":40,"key":"RECALL"},{"floor":42,"key":"REST"},{"floor":46,"key":"REST"},{"floor":49,"key":"REST"}],"neow_cost":"NONE","seed_source_timestamp":0,"circlet_count":0,"master_deck":["Defend_G","Defend_G","Defend_G","Defend_G","Strike_G","Strike_G","Survivor+1","Neutralize+1","Poisoned Stab+1","Slice","Die Die Die+1","Deflect+1","Dodge and Roll+1","Footwork+1","Leg Sweep+1","Backflip+1","Deflect+1","Adrenaline+1","Leg Sweep+1","Footwork+1","Dagger Throw+1","PiercingWail+1","Dagger Spray+1","Backflip+1","Wraith Form v2","Deadly Poison+1","Cloak And Dagger+1","Bane","Sucker Punch+1","Calculated Gamble+1","Crippling Poison+1","Escape Plan+1","Burst+1"],"special_seed":0,"relics":["Ring of the Snake","NeowsBlessing","Boot","Toxic Egg 2","Tough Bandages","Bottled Lightning","Blood Vial","Cursed Key","Blue Candle","Dodecahedron","Omamori","Fusion Hammer","Old Coin","Vajra","Snake Skull"],"potions_floor_usage":[8,16,16,16,30,30,41,50,50],"damage_taken":[{"damage":0,"enemies":"2 Louse","floor":1,"turns":1},{"damage":0,"enemies":"Jaw Worm","floor":5,"turns":1},{"damage":0,"enemies":"Gremlin Nob","floor":6,"turns":1},{"damage":49,"enemies":"3 Sentries","floor":8,"turns":13},{"damage":1,"enemies":"Cultist","floor":11,"turns":3},{"damage":0,"enemies":"Blue Slaver","floor":14,"turns":5},{"damage":12,"enemies":"Slime Boss","floor":16,"turns":24},{"damage":0,"enemies":"Spheric Guardian","floor":18,"turns":12},{"damage":0,"enemies":"Chosen","floor":20,"turns":8},{"damage":3,"enemies":"Centurion and Healer","floor":22,"turns":13},{"damage":3,"enemies":"Snake Plant","floor":27,"turns":7},{"damage":15,"enemies":"Book of Stabbing","floor":28,"turns":7},{"damage":3,"enemies":"Cultist and Chosen","floor":30,"turns":10},{"damage":27,"enemies":"Collector","floor":33,"turns":14},{"damage":0,"enemies":"3 Shapes","floor":35,"turns":5},{"damage":15,"enemies":"3 Darklings","floor":38,"turns":7},{"damage":30,"enemies":"Nemesis","floor":41,"turns":13},{"damage":0,"enemies":"Spire Growth","floor":45,"turns":6},{"damage":0,"enemies":"Jaw Worm Horde","floor":47,"turns":4},{"damage":10,"enemies":"Reptomancer","floor":48,"turns":7},{"damage":77,"enemies":"Time Eater","floor":50,"turns":7}],"seed_played":"-1504195288987105953","potions_obtained":[{"floor":6,"key":"Ancient Potion"},{"floor":8,"key":"GamblersBrew"},{"floor":11,"key":"Explosive Potion"},{"floor":14,"key":"EssenceOfSteel"},{"floor":21,"key":"SneckoOil"},{"floor":21,"key":"SteroidPotion"},{"floor":21,"key":"FearPotion"},{"floor":22,"key":"GamblersBrew"},{"floor":33,"key":"SpeedPotion"},{"floor":41,"key":"Dexterity Potion"},{"floor":47,"key":"Swift Potion"},{"floor":48,"key":"LiquidBronze"}],"is_trial":false,"path_per_floor":["M","?","?","?","M","E","R","E","T","R","M","R","$","M","R","B",null,"M","?","M","?","M","R","?","R","T","M","E","R","M","$","R","B",null,"M","?","$","M","$","R","E","R","T","?","M","R","M","E","R","B"],"character_chosen":"THE_SILENT","items_purchased":["Footwork","Leg Sweep+1","Backflip+1","Blood Vial","Backflip+1","Omamori","Cloak And Dagger+1"],"campfire_rested":5,"item_purchase_floors":[13,13,13,13,31,31,37],"current_hp_per_floor":[63,63,56,53,53,53,53,4,4,25,24,45,45,47,47,37,62,64,57,59,59,58,58,58,58,58,57,44,44,43,43,43,18,57,59,59,59,46,46,46,18,39,39,39,41,62,64,56,70,0],"gold":430,"neow_bonus":"THREE_ENEMY_KILL","is_prod":false,"is_daily":false,"chose_seed":false,"campfire_upgraded":6,"win_rate":0,"timestamp":1547293433,"path_taken":["M","?","?","?","M","E","R","E","T","R","M","R","$","M","R","BOSS","M","?","?","?","?","R","?","R","T","?","E","R","M","$","R","BOSS","M","?","$","M","$","R","E","R","T","?","?","R","M","E","R","BOSS"],"build_version":"2019-01-10","purchased_purges":3,"victory":false,"max_hp_per_floor":[70,70,70,70,70,70,70,70,70,70,70,70,70,70,70,70,70,70,70,70,70,70,70,70,70,70,70,70,70,70,70,70,70,70,70,70,70,70,70,70,70,70,70,70,70,70,70,70,70,70],"card_choices":[{"not_picked":["Outmaneuver","Acrobatics"],"picked":"Poisoned Stab","floor":1},{"not_picked":["Deflect","Sucker Punch"],"picked":"Slice","floor":5},{"not_picked":["Die Die Die","Poisoned Stab","Dodge and Roll"],"picked":"SKIP","floor":6},{"not_picked":["Poisoned Stab","Dodge and Roll"],"picked":"Die Die Die","floor":6},{"not_picked":["Blade Dance+1","Caltrops"],"picked":"Deflect+1","floor":8},{"not_picked":["Masterful Stab","Prepared+1"],"picked":"Dodge and Roll+1","floor":11},{"not_picked":["Predator","Accuracy"],"picked":"Deflect+1","floor":14},{"not_picked":["Die Die Die","Unload"],"picked":"Adrenaline+1","floor":16},{"not_picked":["Concentrate+1","Sucker Punch"],"picked":"Poisoned Stab","floor":18},{"not_picked":["Underhanded Strike+1","Poisoned Stab"],"picked":"Leg Sweep+1","floor":20},{"not_picked":["Crippling Poison+1","Dagger Spray+1"],"picked":"Footwork","floor":22},{"not_picked":["Bullet Time+1","Masterful Stab"],"picked":"Dagger Throw+1","floor":27},{"not_picked":["Slice","Bane"],"picked":"PiercingWail+1","floor":28},{"not_picked":["Backflip+1","Concentrate+1"],"picked":"Dagger Spray+1","floor":30},{"not_picked":["Corpse Explosion+1","Die Die Die"],"picked":"Wraith Form v2","floor":33},{"not_picked":["Eviscerate","PiercingWail+1"],"picked":"Deadly Poison+1","floor":35},{"not_picked":["Deadly Poison+1","Backflip+1"],"picked":"Bane","floor":38},{"not_picked":["Underhanded Strike","Dagger Throw"],"picked":"Sucker Punch+1","floor":41},{"not_picked":["Concentrate+1","Dagger Throw"],"picked":"Crippling Poison+1","floor":45},{"not_picked":["Prepared+1","Dagger Throw+1"],"picked":"Escape Plan+1","floor":47},{"not_picked":["Accuracy+1","Endless Agony+1"],"picked":"Burst+1","floor":48}],"player_experience":497361,"relics_obtained":[{"floor":6,"key":"Toxic Egg 2"},{"floor":8,"key":"Tough Bandages"},{"floor":9,"key":"Bottled Lightning"},{"floor":26,"key":"Blue Candle"},{"floor":28,"key":"Dodecahedron"},{"floor":41,"key":"Old Coin"},{"floor":43,"key":"Vajra"},{"floor":48,"key":"Snake Skull"}],"event_choices":[{"damage_healed":0,"gold_gain":175,"player_choice":"AGREE","damage_taken":0,"max_hp_gain":0,"max_hp_loss":0,"event_name":"Liars Game","floor":2,"gold_loss":0,"cards_obtained":["Doubt"]},{"cards_removed":["Doubt"],"damage_healed":0,"gold_gain":0,"player_choice":"Card Removal","damage_taken":7,"max_hp_gain":0,"max_hp_loss":0,"event_name":"Golden Wing","floor":3,"gold_loss":0},{"damage_healed":0,"gold_gain":0,"player_choice":"Success","damage_taken":3,"relics_obtained":["Boot"],"max_hp_gain":0,"max_hp_loss":0,"event_name":"Scrap Ooze","floor":4,"gold_loss":0},{"damage_healed":0,"gold_gain":75,"player_choice":"Touch","damage_taken":7,"max_hp_gain":0,"max_hp_loss":0,"event_name":"FaceTrader","floor":19,"gold_loss":0},{"damage_healed":0,"gold_gain":0,"player_choice":"Got Potions","damage_taken":0,"max_hp_gain":0,"max_hp_loss":0,"event_name":"Lab","floor":21,"gold_loss":0},{"cards_removed":["Strike_G"],"damage_healed":0,"gold_gain":0,"player_choice":"Offered Basic","damage_taken":0,"max_hp_gain":0,"max_hp_loss":0,"event_name":"Bonfire Elementals","floor":24,"gold_loss":0},{"cards_removed":["Poisoned Stab"],"damage_healed":0,"gold_gain":0,"player_choice":"Removed Attack","damage_taken":0,"max_hp_gain":0,"max_hp_loss":0,"event_name":"Falling","floor":36,"gold_loss":0},{"damage_healed":0,"gold_gain":0,"cards_transformed":["Defend_G"],"player_choice":"Transformed","damage_taken":0,"max_hp_gain":0,"max_hp_loss":0,"event_name":"Transmorgrifier","floor":44,"gold_loss":0,"cards_obtained":["Calculated Gamble"]}],"is_beta":false,"boss_relics":[{"not_picked":["Ring of the Serpent","Calling Bell"],"picked":"Cursed Key"},{"not_picked":["Coffee Dripper","HoveringKite"],"picked":"Fusion Hammer"}],"items_purged_floors":[13,31,37],"is_endless":false,"potions_floor_spawned":[6,8,11,14,22,33,41,47,48],"killed_by":"Time Eater","ascension_level":7}