{"gold_per_floor":[110,125,125,125,145,145,177,197,197,197,230,230,245,263,263,336,336,351,362,39,50,50,50,67,67],"floor_reached":25,"playtime":1967,"items_purged":[],"score":408,"play_id":"cf6fd9bc-dc13-4b1a-919d-77419b737713","local_time":"20190206195932","is_ascension_mode":true,"campfire_choices":[{"data":"Bash","floor":6,"key":"SMITH"},{"data":"Clothesline","floor":10,"key":"SMITH"},{"data":"Anger","floor":15,"key":"SMITH"},{"floor":23,"key":"REST"}],"neow_cost":"NONE","seed_source_timestamp":2342115087291697,"circlet_count":0,"master_deck":["AscendersBane","Strike_R","Strike_R+1","Strike_R","Strike_R","Defend_R","Defend_R","Defend_R","Defend_R","Bash+1","Impervious","Pommel Strike+1","Anger+1","Clothesline+1","Iron Wave","Fiend Fire","Havoc","Feel No Pain+1","Intimidate"],"relics":["Burning Blood","PreservedInsect","Pear","Bag of Marbles","Lantern","Sozu","Singing Bowl"],"potions_floor_usage":[24,25],"damage_taken":[{"damage":13,"enemies":"Jaw Worm","floor":1,"turns":7},{"damage":0,"enemies":"Small Slimes","floor":2,"turns":4},{"damage":0,"enemies":"2 Louse","floor":5,"turns":3},{"damage":0,"enemies":"Gremlin Nob","floor":7,"turns":2},{"damage":6,"enemies":"Lots of Slimes","floor":8,"turns":5},{"damage":10,"enemies":"Lagavulin","floor":11,"turns":5},{"damage":5,"enemies":"2 Fungi Beasts","floor":13,"turns":2},{"damage":5,"enemies":"Gremlin Gang","floor":14,"turns":4},{"damage":46,"enemies":"The Guardian","floor":16,"turns":14},{"damage":11,"enemies":"Spheric Guardian","floor":18,"turns":4},{"damage":21,"enemies":"Shell Parasite","floor":19,"turns":5},{"damage":27,"enemies":"Sentry and Sphere","floor":21,"turns":7},{"damage":15,"enemies":"Snecko","floor":24,"turns":6},{"damage":56,"enemies":"Gremlin Leader","floor":25,"turns":8}],"seed_played":"3967346953864582750","potions_obtained":[{"floor":1,"key":"SteroidPotion"},{"floor":7,"key":"Dexterity Potion"},{"floor":16,"key":"Ancient Potion"}],"is_trial":false,"path_per_floor":["M","M","?","?","M","R","E","M","T","R","E","?","M","M","R","B",null,"M","M","$","M","?","R","M","E"],"character_chosen":"IRONCLAD","items_purchased":["Feel No Pain","Singing Bowl"],"campfire_rested":1,"item_purchase_floors":[20,20],"current_hp_per_floor":[61,67,52,49,55,55,71,71,71,71,67,67,68,69,69,29,71,66,51,51,32,32,58,49,0],"gold":67,"neow_bonus":"ONE_RANDOM_RARE_CARD","is_prod":false,"is_daily":false,"chose_seed":false,"campfire_upgraded":3,"win_rate":0,"timestamp":1549501172,"path_taken":["M","M","?","?","M","R","E","M","T","R","E","?","?","M","R","BOSS","M","M","$","M","?","R","M","E"],"build_version":"2019-01-23","purchased_purges":0,"victory":false,"max_hp_per_floor":[75,75,75,75,75,75,85,85,85,85,85,85,85,85,85,85,85,85,85,85,87,87,87,87,87],"card_choices":[{"not_picked":["Rupture","Entrench"],"picked":"Pommel Strike","floor":1},{"not_picked":["Heavy Blade","Pommel Strike"],"picked":"Anger","floor":2},{"not_picked":["Bloodletting","Flex","Wild Strike"],"picked":"SKIP","floor":5},{"not_picked":["Hemokinesis","Bloodletting"],"picked":"Clothesline","floor":7},{"not_picked":["Pommel Strike","Clothesline","Dual Wield"],"picked":"SKIP","floor":8},{"not_picked":["Headbutt","Body Slam","Barricade"],"picked":"SKIP","floor":11},{"not_picked":["Sword Boomerang","Blood for Blood"],"picked":"Iron Wave","floor":13},{"not_picked":["Clothesline","Heavy Blade","Pummel"],"picked":"SKIP","floor":14},{"not_picked":["Offering","Double Tap"],"picked":"Fiend Fire","floor":16},{"not_picked":["Power Through","Clothesline"],"picked":"Havoc","floor":18},{"not_picked":["Sword Boomerang","Body Slam","Rampage"],"picked":"SKIP","floor":19},{"not_picked":["Sword Boomerang","Flex","Dropkick"],"picked":"Singing Bowl","floor":21},{"not_picked":["Combust","Seeing Red"],"picked":"Intimidate","floor":24}],"player_experience":533133,"relics_obtained":[{"floor":7,"key":"Pear"},{"floor":9,"key":"Bag of Marbles"},{"floor":11,"key":"Lantern"}],"event_choices":[{"damage_healed":0,"gold_gain":0,"player_choice":"Entered Light","damage_taken":15,"max_hp_gain":0,"max_hp_loss":0,"event_name":"Shining Light","floor":3,"gold_loss":0,"cards_upgraded":["Pommel Strike","Strike_R"]},{"damage_healed":0,"gold_gain":0,"player_choice":"Success","damage_taken":3,"relics_obtained":["PreservedInsect"],"max_hp_gain":0,"max_hp_loss":0,"event_name":"Scrap Ooze","floor":4,"gold_loss":0},{"cards_removed":["Strike_R"],"damage_healed":0,"gold_gain":0,"player_choice":"Offered Basic","damage_taken":0,"max_hp_gain":0,"max_hp_loss":0,"event_name":"Bonfire Elementals","floor":12,"gold_loss":0},{"damage_healed":0,"gold_gain":0,"player_choice":"Upgraded","damage_taken":0,"max_hp_gain":0,"max_hp_loss":0,"event_name":"Upgrade Shrine","floor":22,"gold_loss":0,"cards_upgraded":["Feel No Pain"]}],"is_beta":false,"boss_relics":[{"not_picked":["White Beast Statue","Snecko Eye"],"picked":"Sozu"}],"items_purged_floors":[],"is_endless":false,"potions_floor_spawned":[1,7,11,14,16,18,21],"killed_by":"Gremlin Leader","ascension_level":14}