{"gold_per_floor":[109,128,140,140,158,158,169,169,169,169,149,166,199,229,229,229],"floor_reached":16,"playtime":876,"items_purged":[],"score":107,"play_id":"d71c649c-6130-4536-a8af-27f8e8722154","local_time":"20181207161121","is_ascension_mode":true,"campfire_choices":[{"data":"Dualcast","floor":6,"key":"SMITH"},{"data":"Redo","floor":8,"key":"SMITH"},{"floor":15,"key":"REST"}],"neow_cost":"NONE","seed_source_timestamp":416728483853016,"circlet_count":0,"master_deck":["Strike_B","Strike_B","Strike_B","Defend_B","Defend_B","Defend_B","Defend_B","Zap+1","Dualcast+1","Redo+1","Go for the Eyes","Gash","Electrodynamics","Doom and Gloom","Scrape","Leap","Turbo"],"relics":["Cracked Core","Dodecahedron","Meat on the Bone","Question Card","Odd Mushroom"],"potions_floor_usage":[5,13,13,13],"damage_taken":[{"damage":0,"enemies":"Cultist","floor":1,"turns":3},{"damage":2,"enemies":"2 Louse","floor":2,"turns":2},{"damage":0,"enemies":"Small Slimes","floor":3,"turns":3},{"damage":8,"enemies":"Gremlin Gang","floor":5,"turns":5},{"damage":7,"enemies":"Blue Slaver","floor":7,"turns":2},{"damage":12,"enemies":"Looter","floor":12,"turns":3},{"damage":3,"enemies":"Lagavulin","floor":13,"turns":3},{"damage":7,"enemies":"The Mushroom Lair","floor":14,"turns":3},{"damage":65,"enemies":"Hexaghost","floor":16,"turns":9}],"seed_played":"-4463425262378879308","potions_obtained":[{"floor":1,"key":"Weak Potion"},{"floor":2,"key":"GamblersBrew"},{"floor":5,"key":"AttackPotion"},{"floor":11,"key":"Poison Potion"},{"floor":12,"key":"Poison Potion"},{"floor":14,"key":"Weak Potion"}],"is_trial":false,"path_per_floor":["M","M","M","?","M","R","M","R","T","?","?","M","E","?","R","B"],"character_chosen":"DEFECT","items_purchased":[],"campfire_rested":1,"item_purchase_floors":[],"current_hp_per_floor":[75,73,73,66,58,58,51,51,51,51,51,39,48,41,63,0],"gold":229,"neow_bonus":"UPGRADE_CARD","is_prod":false,"is_daily":false,"chose_seed":false,"campfire_upgraded":2,"win_rate":0,"timestamp":1544195481,"path_taken":["M","M","?","?","M","R","M","R","T","?","?","?","E","?","R","BOSS"],"build_version":"2018-12-06","purchased_purges":0,"victory":false,"max_hp_per_floor":[75,75,75,75,75,75,75,75,75,75,75,75,75,75,75,75],"card_choices":[{"not_picked":["Rebound","Darkness"],"picked":"Redo","floor":1},{"not_picked":["Streamline","Hello World"],"picked":"Go for the Eyes","floor":2},{"not_picked":["Scrape","Hologram"],"picked":"Gash","floor":3},{"not_picked":["Compile Driver","Beam Cell"],"picked":"Electrodynamics","floor":5},{"not_picked":["Blizzard","Force Field"],"picked":"Doom and Gloom","floor":7},{"not_picked":["Sunder","Skim"],"picked":"Scrape","floor":12},{"not_picked":["FTL","Recycle"],"picked":"Leap","floor":13},{"not_picked":["Loop","Streamline","Go for the Eyes"],"picked":"Turbo","floor":14}],"player_experience":367465,"relics_obtained":[{"floor":9,"key":"Meat on the Bone"},{"floor":13,"key":"Question Card"},{"floor":14,"key":"Odd Mushroom"}],"event_choices":[{"damage_healed":0,"gold_gain":0,"player_choice":"Success","damage_taken":7,"relics_obtained":["Dodecahedron"],"max_hp_gain":0,"max_hp_loss":0,"event_name":"Scrap Ooze","floor":4,"gold_loss":0},{"cards_removed":["Strike_B"],"damage_healed":0,"gold_gain":0,"player_choice":"Forget","damage_taken":0,"max_hp_gain":0,"max_hp_loss":0,"event_name":"Living Wall","floor":10,"gold_loss":0},{"damage_healed":0,"gold_gain":0,"player_choice":"Bought 1 Potion","damage_taken":0,"max_hp_gain":0,"max_hp_loss":0,"event_name":"The Woman in Blue","floor":11,"gold_loss":0},{"damage_healed":0,"gold_gain":0,"player_choice":"Fought Mushrooms","damage_taken":0,"max_hp_gain":0,"max_hp_loss":0,"event_name":"Mushrooms","floor":14,"gold_loss":0}],"is_beta":false,"boss_relics":[],"items_purged_floors":[],"is_endless":false,"potions_floor_spawned":[1,2,5,12,14],"killed_by":"Hexaghost","ascension_level":1}