{"gold_per_floor":[117,42,58,8,18,18,18,18,71,91,108,108,134,146,146,251,251,270,16,16,35,35,35,53,53,53,79,94,107,107,125,125,125],"floor_reached":33,"playtime":2446,"items_purged":["Defend_B","Strike_B"],"score":282,"play_id":"5952a911-ade6-454f-8054-7a2b8a2f89de","local_time":"20181208184203","is_ascension_mode":true,"campfire_choices":[{"data":"Reinforced Body","floor":6,"key":"SMITH"},{"data":"Zap","floor":8,"key":"SMITH"},{"data":"Dualcast","floor":12,"key":"SMITH"},{"data":"Coolheaded","floor":15,"key":"SMITH"},{"data":"White Noise","floor":23,"key":"SMITH"},{"floor":25,"key":"REST"},{"floor":30,"key":"REST"},{"floor":32,"key":"REST"}],"neow_cost":"NONE","seed_source_timestamp":510601609235558,"circlet_count":0,"master_deck":["Strike_B","Strike_B","Strike_B","Defend_B","Defend_B","Zap+1","Dualcast+1","Leap","Coolheaded+1","Reinforced Body+1","Sweeping Beam","Sweeping Beam","Hologram","Electrodynamics","Steam","White Noise+1","Auto Shields","Hello World","Beam Cell"],"relics":["Cracked Core","NeowsBlessing","Lantern","Tiny Chest","Busted Crown","Sundial","Nloth\u0027s Gift","Gremlin Horn","Matryoshka"],"potions_floor_usage":[13,16,16,16,28,33],"damage_taken":[{"damage":0,"enemies":"Small Slimes","floor":1,"turns":1},{"damage":0,"enemies":"2 Louse","floor":3,"turns":1},{"damage":0,"enemies":"Cultist","floor":5,"turns":1},{"damage":4,"enemies":"Lots of Slimes","floor":10,"turns":4},{"damage":0,"enemies":"2 Fungi Beasts","floor":11,"turns":3},{"damage":2,"enemies":"Gremlin Nob","floor":13,"turns":3},{"damage":0,"enemies":"Exordium Wildlife","floor":14,"turns":4},{"damage":45,"enemies":"Hexaghost","floor":16,"turns":15},{"damage":13,"enemies":"2 Thieves","floor":18,"turns":3},{"damage":2,"enemies":"Spheric Guardian","floor":21,"turns":4},{"damage":27,"enemies":"Shelled Parasite and Fungi","floor":24,"turns":6},{"damage":7,"enemies":"Slavers","floor":27,"turns":3},{"damage":23,"enemies":"Sentry and Sphere","floor":28,"turns":6},{"damage":15,"enemies":"Cultist and Chosen","floor":29,"turns":7},{"damage":17,"enemies":"Snake Plant","floor":31,"turns":4},{"damage":43,"enemies":"Automaton","floor":33,"turns":12}],"seed_played":"5845784637650996497","potions_obtained":[{"floor":3,"key":"AttackPotion"},{"floor":10,"key":"SpeedPotion"},{"floor":13,"key":"Ancient Potion"},{"floor":14,"key":"EssenceOfSteel"},{"floor":21,"key":"Fire Potion"},{"floor":31,"key":"Fire Potion"}],"is_trial":false,"path_per_floor":["M","$","M","?","M","R","?","R","T","M","M","R","E","M","R","B",null,"M","$","T","M","?","R","M","R","T","E","M","M","R","M","R","B"],"character_chosen":"DEFECT","items_purchased":["White Noise","Auto Shields"],"campfire_rested":3,"item_purchase_floors":[19,19],"current_hp_per_floor":[75,75,75,75,75,75,75,75,75,71,71,71,69,69,69,24,75,62,62,62,60,60,60,33,55,55,48,25,10,32,15,37,0],"gold":125,"neow_bonus":"THREE_ENEMY_KILL","is_prod":false,"is_daily":false,"chose_seed":false,"campfire_upgraded":5,"win_rate":0,"timestamp":1544290923,"path_taken":["M","$","M","?","M","R","?","R","T","M","M","R","E","?","R","BOSS","M","$","?","M","?","R","M","R","T","E","M","M","R","M","R","BOSS"],"build_version":"2018-12-06","purchased_purges":2,"victory":false,"max_hp_per_floor":[75,75,75,75,75,75,75,75,75,75,75,75,75,75,75,75,75,75,75,75,75,75,75,75,75,75,75,75,75,75,75,75,75],"card_choices":[{"not_picked":["Coolheaded","Blizzard"],"picked":"Leap","floor":1},{"not_picked":["Force Field","Rip and Tear"],"picked":"Coolheaded","floor":3},{"not_picked":["Rip and Tear","Steam"],"picked":"Reinforced Body","floor":5},{"not_picked":["Aggregate","Static Discharge"],"picked":"Sweeping Beam","floor":10},{"not_picked":["Stack","Compile Driver"],"picked":"Sweeping Beam","floor":11},{"not_picked":["Leap","Consume"],"picked":"Hologram","floor":13},{"not_picked":["Recycle","Scrape","Meteor Strike"],"picked":"SKIP","floor":14},{"not_picked":["Buffer","All For One"],"picked":"Electrodynamics","floor":16},{"not_picked":[],"picked":"Steam","floor":18},{"not_picked":["Redo"],"picked":"SKIP","floor":21},{"not_picked":[],"picked":"Hello World","floor":24},{"not_picked":[],"picked":"Beam Cell","floor":27},{"not_picked":["Storm+1"],"picked":"SKIP","floor":28},{"not_picked":["Leap"],"picked":"SKIP","floor":29},{"not_picked":["Genetic Algorithm"],"picked":"SKIP","floor":31}],"player_experience":372897,"relics_obtained":[{"floor":7,"key":"Lantern"},{"floor":9,"key":"Tiny Chest"},{"floor":13,"key":"Pocketwatch"},{"floor":20,"key":"Sundial"},{"floor":26,"key":"Gremlin Horn"},{"floor":27,"key":"Matryoshka"}],"event_choices":[{"cards_removed":["Defend_B"],"damage_healed":0,"gold_gain":0,"player_choice":"Card Removal","damage_taken":0,"max_hp_gain":0,"max_hp_loss":0,"event_name":"The Cleric","floor":4,"gold_loss":50},{"damage_healed":0,"gold_gain":0,"player_choice":"Relic","damage_taken":0,"max_hp_gain":0,"max_hp_loss":0,"event_name":"Wheel of Change","floor":7,"gold_loss":0},{"damage_healed":0,"gold_gain":0,"player_choice":"Traded Relic","damage_taken":0,"relics_obtained":["Nloth\u0027s Gift"],"max_hp_gain":0,"max_hp_loss":0,"event_name":"N\u0027loth","floor":22,"relics_lost":["Pocketwatch"],"gold_loss":0}],"is_beta":false,"boss_relics":[{"not_picked":["Cursed Key","Calling Bell"],"picked":"Busted Crown"}],"items_purged_floors":[2,19],"is_endless":false,"potions_floor_spawned":[3,10,13,14,21,31],"killed_by":"Automaton","ascension_level":1}