{"gold_per_floor":[113,113,127,127,127,160,180,180,206,222,222,47,47,64,64,169,169,188,188,202,27,44,44,74,74,100,100,0,17,17,17,17,17],"floor_reached":33,"playtime":1494,"items_purged":["Strike_G","Defend_G"],"score":263,"play_id":"c49c5efd-94c1-498f-be9b-ccca7a51a93a","local_time":"20181111114511","is_ascension_mode":false,"campfire_choices":[{"floor":8,"key":"REST"},{"data":"Footwork","floor":13,"key":"SMITH"},{"floor":15,"key":"REST"},{"data":"Accuracy","floor":23,"key":"SMITH"},{"floor":25,"key":"REST"},{"data":"A Thousand Cuts","floor":32,"key":"SMITH"}],"neow_cost":"NONE","seed_source_timestamp":227438033129,"circlet_count":0,"master_deck":["Defend_G","Defend_G","Defend_G","Defend_G","Strike_G","Strike_G","Strike_G","Survivor","Neutralize+1","Blade Dance","Cloak And Dagger","Tactician","Well Laid Plans","Footwork+1","Backflip","A Thousand Cuts+1","Cloak And Dagger","Blade Dance","Accuracy+1","Prepared","Footwork"],"relics":["Ring of the Snake","Letter Opener","Ancient Tea Set","Bronze Scales","Lizard Tail","Boot","Blood Vial"],"potions_floor_usage":[16,16,24,33],"damage_taken":[{"damage":0,"enemies":"2 Louse","floor":1,"turns":2},{"damage":1,"enemies":"Cultist","floor":3,"turns":4},{"damage":45,"enemies":"Gremlin Nob","floor":6,"turns":6},{"damage":8,"enemies":"Small Slimes","floor":7,"turns":3},{"damage":0,"enemies":"2 Fungi Beasts","floor":10,"turns":3},{"damage":0,"enemies":"Large Slime","floor":14,"turns":7},{"damage":31,"enemies":"Slime Boss","floor":16,"turns":23},{"damage":22,"enemies":"Spheric Guardian","floor":18,"turns":5},{"damage":10,"enemies":"Colosseum Slavers","floor":19,"turns":6},{"damage":20,"enemies":"Chosen","floor":20,"turns":7},{"damage":14,"enemies":"Snecko","floor":22,"turns":9},{"damage":18,"enemies":"Slavers","floor":24,"turns":6},{"damage":23,"enemies":"Centurion and Healer","floor":29,"turns":10},{"damage":12,"enemies":"Collector","floor":33,"turns":3}],"seed_played":"3509098364126568603","potions_obtained":[{"floor":10,"key":"Dexterity Potion"},{"floor":14,"key":"Block Potion"},{"floor":22,"key":"EssenceOfSteel"},{"floor":24,"key":"GhostInAJar"}],"is_trial":false,"path_per_floor":["M","?","M","T","?","E","M","R","T","M","?","$","R","M","R","B",null,"M","?","M","$","M","R","E","R","T","?","?","M","$","?","R","B"],"character_chosen":"THE_SILENT","items_purchased":["Footwork","Backflip","Accuracy"],"campfire_rested":3,"item_purchase_floors":[12,12,21],"current_hp_per_floor":[70,70,69,69,69,24,16,37,37,37,37,37,37,37,58,27,70,48,38,18,18,4,4,23,44,44,31,31,10,10,10,10,0],"gold":17,"neow_bonus":"UPGRADE_CARD","is_prod":false,"is_daily":false,"chose_seed":false,"campfire_upgraded":3,"win_rate":0,"timestamp":1541933111,"path_taken":["M","?","?","?","?","E","M","R","T","M","?","$","R","M","R","BOSS","M","?","M","$","M","R","E","R","T","?","?","M","$","?","R","BOSS"],"build_version":"2018-11-08","purchased_purges":2,"victory":false,"max_hp_per_floor":[70,70,70,70,70,70,70,70,70,70,70,70,70,70,70,70,70,70,70,70,70,70,70,70,70,70,75,75,75,75,75,75,75],"card_choices":[{"not_picked":["Bane","Prepared"],"picked":"Blade Dance","floor":1},{"not_picked":["Sucker Punch","Dagger Spray"],"picked":"Cloak And Dagger","floor":3},{"not_picked":["Bane","Corpse Explosion"],"picked":"Tactician","floor":6},{"not_picked":["Poisoned Stab","Underhanded Strike","Bane"],"picked":"SKIP","floor":7},{"not_picked":["Masterful Stab","Prepared"],"picked":"Well Laid Plans","floor":10},{"not_picked":["Underhanded Strike","Poisoned Stab","Choke"],"picked":"SKIP","floor":14},{"not_picked":["Envenom","Unload"],"picked":"A Thousand Cuts","floor":16},{"not_picked":["Predator","Catalyst"],"picked":"Cloak And Dagger","floor":18},{"not_picked":["Quick Slash","Slice"],"picked":"Blade Dance","floor":20},{"not_picked":["PiercingWail","Underhanded Strike","Reflex+1"],"picked":"SKIP","floor":22},{"not_picked":["Skewer+1","Calculated Gamble"],"picked":"Prepared","floor":24},{"not_picked":["Deadly Poison","Backflip+1"],"picked":"Footwork","floor":29}],"player_experience":286625,"relics_obtained":[{"floor":4,"key":"Letter Opener"},{"floor":6,"key":"Ancient Tea Set"},{"floor":9,"key":"Bronze Scales"},{"floor":24,"key":"Boot"},{"floor":26,"key":"Blood Vial"}],"event_choices":[{"damage_healed":0,"gold_gain":0,"player_choice":"Full Heal","damage_taken":0,"max_hp_gain":0,"max_hp_loss":0,"event_name":"Wheel of Change","floor":2,"gold_loss":0},{"cards_removed":["Strike_G"],"damage_healed":0,"gold_gain":0,"player_choice":"Forget","damage_taken":0,"max_hp_gain":0,"max_hp_loss":0,"event_name":"Living Wall","floor":5,"gold_loss":0},{"damage_healed":0,"gold_gain":0,"player_choice":"Ignored","damage_taken":0,"max_hp_gain":0,"max_hp_loss":0,"event_name":"Liars Game","floor":11,"gold_loss":0},{"damage_healed":0,"gold_gain":0,"player_choice":"Fight","damage_taken":0,"max_hp_gain":0,"max_hp_loss":0,"event_name":"Colosseum","floor":19,"gold_loss":0},{"damage_healed":0,"gold_gain":0,"player_choice":"Fled From Nobs","damage_taken":0,"max_hp_gain":0,"max_hp_loss":0,"event_name":"Colosseum","floor":19,"gold_loss":0},{"damage_healed":0,"gold_gain":0,"player_choice":"Shed Blood","damage_taken":18,"max_hp_gain":5,"max_hp_loss":0,"event_name":"Forgotten Altar","floor":27,"gold_loss":0},{"damage_healed":0,"gold_gain":0,"player_choice":"Paid Fearfully","damage_taken":0,"max_hp_gain":0,"max_hp_loss":0,"event_name":"Masked Bandits","floor":28,"gold_loss":100}],"is_beta":false,"boss_relics":[{"not_picked":["Runic Pyramid","Calling Bell"],"picked":"Lizard Tail"}],"items_purged_floors":[12,21],"is_endless":false,"potions_floor_spawned":[10,14,19,22,24],"killed_by":"Collector","ascension_level":0}