{"gold_per_floor":[117,42,62,78,78,109,109,127,127,127,144,176,176,209,209,312,312,331,351,12,25,35,35,35],"floor_reached":24,"playtime":983,"items_purged":["Defend_R","Defend_R+1"],"score":218,"play_id":"657b7412-99a8-45f3-8f53-d673e8cb3f2f","local_time":"20181122180711","is_ascension_mode":false,"campfire_choices":[{"data":"Bash","floor":7,"key":"SMITH"},{"data":"Uppercut","floor":10,"key":"SMITH"},{"data":"Spot Weakness","floor":15,"key":"SMITH"},{"data":"Barricade","floor":23,"key":"SMITH"}],"neow_cost":"NONE","seed_source_timestamp":410812676968913,"circlet_count":0,"master_deck":["Strike_R","Strike_R","Strike_R","Strike_R","Strike_R","Defend_R+1","Bash+1","Perfected Strike","Shrug It Off","Spot Weakness+1","Uppercut+1","Rage","Body Slam","Bludgeon","Barricade+1","Perfected Strike","Entrench+1","Shrug It Off","Dropkick","Inflame+1","Battle Trance+1"],"relics":["Burning Blood","NeowsBlessing","Red Skull","Happy Flower","Pantograph","Sundial","Sozu","Lantern"],"potions_floor_usage":[6,12,14,16],"damage_taken":[{"damage":0,"enemies":"2 Louse","floor":1,"turns":1},{"damage":0,"enemies":"Small Slimes","floor":3,"turns":1},{"damage":0,"enemies":"Cultist","floor":4,"turns":1},{"damage":27,"enemies":"Lagavulin","floor":6,"turns":8},{"damage":1,"enemies":"Large Slime","floor":8,"turns":5},{"damage":0,"enemies":"2 Fungi Beasts","floor":11,"turns":4},{"damage":8,"enemies":"3 Sentries","floor":12,"turns":8},{"damage":13,"enemies":"Lagavulin","floor":14,"turns":4},{"damage":26,"enemies":"Slime Boss","floor":16,"turns":8},{"damage":12,"enemies":"3 Byrds","floor":18,"turns":5},{"damage":0,"enemies":"Chosen","floor":19,"turns":3},{"damage":24,"enemies":"Snake Plant","floor":21,"turns":4},{"damage":23,"enemies":"Sentry and Sphere","floor":22,"turns":5},{"damage":48,"enemies":"Slavers","floor":24,"turns":3}],"seed_played":"6770114094619818848","potions_obtained":[{"floor":4,"key":"BloodPotion"},{"floor":8,"key":"Block Potion"},{"floor":12,"key":"Explosive Potion"},{"floor":14,"key":"AttackPotion"}],"is_trial":false,"path_per_floor":["M","$","M","M","?","E","R","M","T","R","M","E","?","E","R","B",null,"M","M","$","M","M","R","E"],"character_chosen":"IRONCLAD","items_purchased":["Shrug It Off","Lantern","Dropkick"],"campfire_rested":0,"item_purchase_floors":[20,20,20],"current_hp_per_floor":[80,80,80,80,64,51,51,56,56,56,62,60,60,53,53,58,80,74,80,80,62,45,45,0],"gold":35,"neow_bonus":"THREE_ENEMY_KILL","is_prod":false,"is_daily":false,"chose_seed":false,"campfire_upgraded":4,"win_rate":0,"timestamp":1542906431,"path_taken":["M","$","M","M","?","E","R","M","T","R","M","E","?","E","R","BOSS","M","M","$","?","M","R","E"],"build_version":"2018-11-15","purchased_purges":2,"victory":false,"max_hp_per_floor":[80,80,80,80,80,80,80,80,80,80,80,80,80,80,80,80,80,80,80,80,80,80,80,80],"card_choices":[{"not_picked":["Entrench","Flex"],"picked":"Perfected Strike","floor":1},{"not_picked":["Iron Wave","Corruption"],"picked":"Shrug It Off","floor":3},{"not_picked":["Feel No Pain","Thunderclap","Evolve"],"picked":"SKIP","floor":4},{"not_picked":["Ghostly Armor","Cleave"],"picked":"Spot Weakness","floor":6},{"not_picked":["Cleave","Iron Wave"],"picked":"Uppercut","floor":8},{"not_picked":["Sword Boomerang","Pommel Strike"],"picked":"Rage","floor":11},{"not_picked":["Wild Strike","Bloodletting"],"picked":"Body Slam","floor":12},{"not_picked":["Thunderclap","Anger"],"picked":"Bludgeon","floor":14},{"not_picked":["Dark Embrace","Brutality"],"picked":"Barricade","floor":16},{"not_picked":["Thunderclap","Headbutt"],"picked":"Perfected Strike","floor":18},{"not_picked":["Shrug It Off","Wild Strike"],"picked":"Entrench+1","floor":19},{"not_picked":["Headbutt","Rampage"],"picked":"Inflame+1","floor":21},{"not_picked":["Body Slam","Reckless Charge"],"picked":"Battle Trance+1","floor":22}],"player_experience":323465,"relics_obtained":[{"floor":6,"key":"Red Skull"},{"floor":9,"key":"Happy Flower"},{"floor":12,"key":"Pantograph"},{"floor":14,"key":"Sundial"}],"event_choices":[{"damage_healed":0,"gold_gain":0,"player_choice":"Entered Light","damage_taken":16,"max_hp_gain":0,"max_hp_loss":0,"event_name":"Shining Light","floor":5,"gold_loss":0,"cards_upgraded":["Defend_R","Defend_R"]},{"cards_removed":["Defend_R"],"damage_healed":0,"gold_gain":0,"player_choice":"Offered Basic","damage_taken":0,"max_hp_gain":0,"max_hp_loss":0,"event_name":"Bonfire Elementals","floor":13,"gold_loss":0}],"is_beta":false,"boss_relics":[{"not_picked":["Pandora\u0027s Box","White Beast Statue"],"picked":"Sozu"}],"items_purged_floors":[2,20],"is_endless":false,"potions_floor_spawned":[4,8,12,14,21,22],"killed_by":"Slavers","ascension_level":0}