{"gold_per_floor":[116,116,116,116,66,66,101,101,101,119,129,129,141,155,155,254,254,234,254,254,102,115,115,115,131,131,31,31,45,56,56],"floor_reached":31,"playtime":1569,"items_purged":["Defend_G","Strike_G"],"score":262,"play_id":"544effac-31a6-4bad-91f3-a1bfeb991e4a","local_time":"20180728121339","is_ascension_mode":false,"campfire_choices":[{"data":"Neutralize","floor":6,"key":"SMITH"},{"data":"Dodge and Roll","floor":8,"key":"SMITH"},{"data":"Noxious Fumes","floor":12,"key":"SMITH"},{"data":"Deadly Poison","floor":15,"key":"SMITH"},{"floor":23,"key":"REST"},{"data":"Tools of the Trade","floor":28,"key":"SMITH"}],"neow_cost":"NONE","seed_source_timestamp":1276896031678717,"circlet_count":0,"master_deck":["Defend_G","Defend_G","Defend_G","Defend_G","Strike_G","Strike_G","Strike_G","Strike_G","Survivor","Neutralize+1","Dodge and Roll+1","Neutralize+1","Backflip","Well Laid Plans","Dodge and Roll","Noxious Fumes+1","Deadly Poison+1","Backstab","Tools of the Trade+1","Escape Plan","Blur","Flying Knee","Blur","PiercingWail","Acrobatics","Underhanded Strike","Bouncing Flask","Cloak And Dagger+1","Tactician+1","Bouncing Flask+1","Sucker Punch+1"],"relics":["Ring of the Snake","NeowsBlessing","Pantograph","Question Card","Orrery","Sundial"],"potions_floor_usage":[19,19,19,25,25,25,31],"damage_taken":[{"damage":0,"enemies":"Small Slimes","floor":1,"turns":1},{"damage":0,"enemies":"Gremlin Nob","floor":7,"turns":1},{"damage":0,"enemies":"Cultist","floor":10,"turns":1},{"damage":0,"enemies":"2 Louse","floor":11,"turns":2},{"damage":0,"enemies":"Gremlin Gang","floor":13,"turns":5},{"damage":0,"enemies":"Blue Slaver","floor":14,"turns":5},{"damage":36,"enemies":"Hexaghost","floor":16,"turns":10},{"damage":12,"enemies":"2 Thieves","floor":18,"turns":4},{"damage":12,"enemies":"3 Byrds","floor":19,"turns":5},{"damage":34,"enemies":"Sentry and Sphere","floor":22,"turns":7},{"damage":0,"enemies":"Snecko","floor":25,"turns":6},{"damage":30,"enemies":"Slaver and Parasite","floor":29,"turns":8},{"damage":11,"enemies":"Centurion and Healer","floor":30,"turns":9},{"damage":10,"enemies":"Sentry and Sphere","floor":31,"turns":3}],"seed_played":"-2276419375801161928","potions_obtained":[{"floor":7,"key":"EssenceOfSteel"},{"floor":14,"key":"Regen Potion"},{"floor":16,"key":"SkillPotion"},{"floor":22,"key":"Strength Potion"},{"floor":24,"key":"Weak Potion"},{"floor":24,"key":"Dexterity Potion"},{"floor":30,"key":"AttackPotion"}],"is_trial":false,"path_per_floor":["M","?","?","?","?","R","E","R","T","M","M","R","M","M","R","B",null,"M","M","?","$","M","R","?","M","T","$","R","M","M"],"character_chosen":"THE_SILENT","items_purchased":["Bouncing Flask"],"campfire_rested":1,"item_purchase_floors":[21],"current_hp_per_floor":[70,70,70,70,70,70,70,70,70,70,70,70,70,70,70,34,70,58,60,60,60,26,47,47,47,47,47,47,17,6,0],"gold":56,"neow_bonus":"THREE_ENEMY_KILL","is_prod":false,"is_daily":false,"chose_seed":false,"campfire_upgraded":5,"win_rate":0,"timestamp":1532772819,"path_taken":["M","?","?","?","?","R","E","R","T","M","M","R","?","?","R","BOSS","M","M","?","$","M","R","?","?","T","$","R","M","M","M"],"build_version":"2018-07-26","purchased_purges":2,"victory":false,"max_hp_per_floor":[70,70,70,70,70,70,70,70,70,70,70,70,70,70,70,70,70,70,70,70,70,70,70,70,70,70,70,70,70,70,70],"card_choices":[{"not_picked":["Deflect","Underhanded Strike"],"picked":"Dodge and Roll","floor":1},{"not_picked":["PiercingWail","Bouncing Flask"],"picked":"Well Laid Plans","floor":7},{"not_picked":["Acrobatics","PiercingWail","Leg Sweep"],"picked":"Dodge and Roll","floor":10},{"not_picked":["Wraith Form v2","Backflip","Dagger Spray"],"picked":"Noxious Fumes","floor":11},{"not_picked":["Riddle With Holes","Choke","Prepared"],"picked":"Deadly Poison","floor":13},{"not_picked":["Underhanded Strike","Endless Agony","PiercingWail"],"picked":"Backstab","floor":14},{"not_picked":["Glass Knife","Bullet Time","Storm of Steel"],"picked":"Tools of the Trade","floor":16},{"not_picked":["Flying Knee","Acrobatics","Finisher"],"picked":"Escape Plan","floor":17},{"not_picked":["Deadly Poison","Noxious Fumes","Finisher"],"picked":"Blur","floor":17},{"not_picked":["Dagger Throw","Acrobatics","Dagger Spray"],"picked":"Flying Knee","floor":17},{"not_picked":["Cloak And Dagger","Bane","Underhanded Strike"],"picked":"Blur","floor":17},{"not_picked":["Dagger Spray","Acrobatics","Setup"],"picked":"PiercingWail","floor":17},{"not_picked":["Sucker Punch","Blur","Dagger Throw"],"picked":"Acrobatics","floor":18},{"not_picked":["Blade Dance","Slice+1","PiercingWail+1"],"picked":"Underhanded Strike","floor":19},{"not_picked":["Blur","Deadly Poison","Burst"],"picked":"Cloak And Dagger+1","floor":22},{"not_picked":["Sucker Punch","Quick Slash","Flying Knee+1"],"picked":"Tactician+1","floor":25},{"not_picked":["Slice","Leg Sweep","Choke"],"picked":"Bouncing Flask+1","floor":29},{"not_picked":["Endless Agony","Blur","Deadly Poison"],"picked":"Sucker Punch+1","floor":30}],"player_experience":67473,"relics_obtained":[{"floor":7,"key":"Pantograph"},{"floor":9,"key":"Question Card"},{"floor":26,"key":"Sundial"}],"event_choices":[{"event_name":"Match and Keep!","player_choice":"3 cards matched","floor":2,"damage_taken":0},{"event_name":"Transmorgrifier","player_choice":"Transform","floor":3,"damage_taken":0},{"event_name":"Living Wall","player_choice":"Grow","floor":4,"damage_taken":0},{"event_name":"The Cleric","player_choice":"Card Removal","floor":5,"damage_taken":0},{"event_name":"Vampires","player_choice":"Ignored","floor":20,"damage_taken":0},{"event_name":"The Lab","player_choice":"Got Potions","floor":24,"damage_taken":0}],"is_beta":false,"boss_relics":[{"not_picked":["Runic Pyramid","Ring of the Serpent"],"picked":"Orrery"}],"items_purged_floors":[21,27],"is_endless":false,"potions_floor_spawned":[7,14,16,22,30],"killed_by":"Sentry and Sphere","ascension_level":0}