{"gold_per_floor":[116,116,116,39,52,72,15,15,15,34,66,83,110,130,130,208,208,223,242,242,157,207,207,226,226,226,226,226,226,255,255,255,326,326,345,365,365,365,382,382],"floor_reached":40,"playtime":3824,"items_purged":[],"score":878,"play_id":"d80e1fbe-9496-4fe8-b929-732562274602","local_time":"20190301223505","is_ascension_mode":true,"campfire_choices":[{"data":"Flame Barrier","floor":8.0,"key":"SMITH"},{"floor":15.0,"key":"REST"},{"floor":23.0,"key":"REST"},{"floor":25.0,"key":"RECALL"},{"floor":27.0,"key":"REST"},{"floor":32.0,"key":"REST"}],"neow_cost":"NONE","seed_source_timestamp":182643021102474,"circlet_count":0,"master_deck":["AscendersBane","Strike_R","Strike_R","Strike_R","Strike_R","Defend_R","Defend_R","Defend_R","Defend_R","Bash+1","Twin Strike","Corruption","Flame Barrier+1","Anger","Shrug It Off","Offering","True Grit","Dark Embrace","Entrench","Entrench","Body Slam","Feel No Pain","Demon Form","Body Slam","Battle Trance","Secret Technique","Master of Strategy","Finesse"],"special_seed":0,"relics":["Burning Blood","Oddly Smooth Stone","Gambling Chip","Bottled Flame","Boot","Centennial Puzzle","Fusion Hammer","Mercury Hourglass","Singing Bowl","Dream Catcher","Sundial","Philosopher\u0027s Stone"],"potions_floor_usage":[33,40],"damage_taken":[{"damage":0.0,"enemies":"Cultist","floor":1.0,"turns":4.0},{"damage":8.0,"enemies":"Small Slimes","floor":5.0,"turns":4.0},{"damage":1.0,"enemies":"2 Louse","floor":6.0,"turns":2.0},{"damage":7.0,"enemies":"Blue Slaver","floor":10.0,"turns":4.0},{"damage":17.0,"enemies":"Lagavulin","floor":11.0,"turns":7.0},{"damage":0.0,"enemies":"Lots of Slimes","floor":12.0,"turns":2.0},{"damage":43.0,"enemies":"Gremlin Nob","floor":13.0,"turns":5.0},{"damage":7.0,"enemies":"Large Slime","floor":14.0,"turns":4.0},{"damage":49.0,"enemies":"The Guardian","floor":16.0,"turns":12.0},{"damage":14.0,"enemies":"2 Thieves","floor":18.0,"turns":4.0},{"damage":10.0,"enemies":"Shell Parasite","floor":19.0,"turns":3.0},{"damage":8.0,"enemies":"Snake Plant","floor":24.0,"turns":4.0},{"damage":20.0,"enemies":"Book of Stabbing","floor":30.0,"turns":4.0},{"damage":29,"enemies":"Automaton","floor":33,"turns":5},{"damage":11,"enemies":"3 Shapes","floor":35,"turns":5},{"damage":6,"enemies":"Orb Walker","floor":36,"turns":3},{"damage":6,"enemies":"Spire Growth","floor":39,"turns":3},{"damage":58,"enemies":"Nemesis","floor":40,"turns":6}],"seed_played":"7530342085352041623","potions_obtained":[{"floor":6.0,"key":"FearPotion"},{"floor":11.0,"key":"Explosive Potion"},{"floor":13.0,"key":"Fire Potion"},{"floor":16.0,"key":"Dexterity Potion"},{"floor":18.0,"key":"Strength Potion"},{"floor":30.0,"key":"FearPotion"},{"floor":35,"key":"PowerPotion"}],"is_trial":false,"path_per_floor":["M","?","?","$","M","M","?","R","T","M","E","M","E","M","R","B",null,"M","M","?","?","?","R","M","R","T","R","?","$","E","T","R","B",null,"M","M","?","?","M","E"],"character_chosen":"IRONCLAD","items_purchased":["Corruption"],"campfire_rested":4,"item_purchase_floors":[4],"current_hp_per_floor":[74,74,74,74,72,75,75,75,75,74,63,69,32,31,53,10,59,51,47,47,47,40,62,60,60,60,75,54,54,40,40,64,41,70,65,65,65,55,57,0],"gold":382,"neow_bonus":"RANDOM_COMMON_RELIC","is_prod":false,"is_daily":false,"chose_seed":false,"campfire_upgraded":1,"win_rate":0,"timestamp":1551440105,"path_taken":["M","?","?","$","M","?","?","R","T","M","E","M","E","M","R","BOSS","M","M","?","?","?","R","?","R","T","R","?","?","E","?","R","BOSS","M","M","?","?","M","E"],"build_version":"2019-01-23","purchased_purges":0,"victory":false,"max_hp_per_floor":[75,75,75,75,75,75,75,75,75,75,75,75,75,75,75,75,75,75,75,75,75,75,75,75,75,75,75,80,80,80,80,80,80,80,80,80,76,76,78,78],"card_choices":[{"not_picked":["Cleave","Perfected Strike"],"picked":"Twin Strike","floor":1.0},{"not_picked":["Heavy Blade","Second Wind"],"picked":"Flame Barrier","floor":5.0},{"not_picked":["Perfected Strike","Body Slam"],"picked":"Anger","floor":6.0},{"not_picked":["Carnage","Entrench","Rage"],"picked":"SKIP","floor":10.0},{"not_picked":["Evolve","Havoc","Warcry"],"picked":"SKIP","floor":11.0},{"not_picked":["Evolve","Havoc","Warcry"],"picked":"SKIP","floor":11.0},{"not_picked":["Evolve","Havoc","Warcry"],"picked":"SKIP","floor":11.0},{"not_picked":["Evolve","Havoc","Warcry"],"picked":"SKIP","floor":11.0},{"not_picked":["Evolve","Havoc","Warcry"],"picked":"SKIP","floor":11.0},{"not_picked":["Clash","Anger"],"picked":"Shrug It Off","floor":12.0},{"not_picked":["Pommel Strike","Whirlwind"],"picked":"Offering","floor":13.0},{"not_picked":["Thunderclap","Fire Breathing"],"picked":"True Grit","floor":14.0},{"not_picked":["Berserk","Brutality"],"picked":"Dark Embrace","floor":16.0},{"not_picked":["Perfected Strike","Pommel Strike","Wild Strike"],"picked":"SKIP","floor":18.0},{"not_picked":["Iron Wave","Heavy Blade+1"],"picked":"Entrench","floor":19.0},{"not_picked":["Ghostly Armor","Carnage","True Grit"],"picked":"SKIP","floor":24.0},{"not_picked":["Headbutt","Clothesline"],"picked":"Body Slam","floor":30.0},{"not_picked":["Burning Pact","Cleave"],"picked":"Feel No Pain","floor":32.0},{"not_picked":["Fiend Fire","Immolate"],"picked":"Demon Form","floor":33},{"not_picked":["Cleave","Anger"],"picked":"Body Slam","floor":35},{"not_picked":["Heavy Blade","Power Through"],"picked":"Battle Trance","floor":36},{"not_picked":["The Bomb","Swift Strike"],"picked":"Secret Technique","floor":38},{"not_picked":["Flash of Steel","PanicButton"],"picked":"Master of Strategy","floor":38},{"not_picked":["Deep Breath","Secret Weapon"],"picked":"Finesse","floor":38},{"not_picked":["Heavy Blade","Iron Wave+1","True Grit"],"picked":"Singing Bowl","floor":39}],"player_experience":761927,"relics_obtained":[{"floor":9.0,"key":"Bottled Flame"},{"floor":11.0,"key":"Boot"},{"floor":13.0,"key":"Centennial Puzzle"},{"floor":26.0,"key":"Singing Bowl"},{"floor":30.0,"key":"Dream Catcher"},{"floor":31.0,"key":"Sundial"}],"event_choices":[{"damage_healed":0.0,"max_hp_gain":0.0,"max_hp_loss":0.0,"gold_gain":0.0,"event_name":"Living Wall","player_choice":"Grow","floor":2.0,"gold_loss":0.0,"damage_taken":0.0,"cards_upgraded":["Bash"]},{"cards_removed":["Strike_R"],"damage_healed":0.0,"max_hp_gain":0.0,"max_hp_loss":0.0,"gold_gain":0.0,"event_name":"Purifier","player_choice":"Purged","floor":3.0,"gold_loss":0.0,"damage_taken":0.0},{"damage_healed":0.0,"max_hp_gain":0.0,"max_hp_loss":0.0,"gold_gain":0.0,"event_name":"WeMeetAgain","player_choice":"Paid Gold","floor":7.0,"gold_loss":57.0,"damage_taken":0.0,"relics_obtained":["Gambling Chip"]},{"damage_healed":0.0,"max_hp_gain":0.0,"max_hp_loss":0.0,"gold_gain":0.0,"event_name":"The Library","player_choice":"Read","floor":20.0,"gold_loss":0.0,"damage_taken":0.0,"cards_obtained":["Entrench"]},{"damage_healed":0.0,"max_hp_gain":0.0,"max_hp_loss":0.0,"gold_gain":0.0,"event_name":"Addict","player_choice":"Obtained Relic","floor":21.0,"gold_loss":85.0,"damage_taken":0.0,"relics_obtained":["Mercury Hourglass"]},{"damage_healed":0.0,"max_hp_gain":0.0,"max_hp_loss":0.0,"gold_gain":50.0,"event_name":"FaceTrader","player_choice":"Touch","floor":22.0,"gold_loss":0.0,"damage_taken":7.0},{"damage_healed":0.0,"max_hp_gain":5.0,"max_hp_loss":0.0,"gold_gain":0.0,"event_name":"Forgotten Altar","player_choice":"Shed Blood","floor":28.0,"gold_loss":0.0,"damage_taken":26.0},{"damage_healed":0,"gold_gain":0,"player_choice":"Max HP","damage_taken":0,"max_hp_gain":0,"max_hp_loss":4,"event_name":"Winding Halls","floor":37,"gold_loss":0},{"damage_healed":0,"gold_gain":0,"player_choice":"Memory 3","damage_taken":10,"max_hp_gain":0,"max_hp_loss":0,"event_name":"SensoryStone","floor":38,"gold_loss":0}],"is_beta":false,"boss_relics":[{"not_picked":["Lizard Tail","Tiny House"],"picked":"Fusion Hammer"},{"not_picked":["Mark of Pain","Black Blood"],"picked":"Philosopher\u0027s Stone"}],"items_purged_floors":[],"is_endless":false,"potions_floor_spawned":[6,11,13,16,18,30,35],"killed_by":"Nemesis","ascension_level":20}