{"gold_per_floor":[213,138,153,153,2,36,36,49,49,49,63,75,75,90,90,189,189,209,84,104,118,83,83,83,99,181,31,49,49,49,49,49,152,152,166,166,179,196,127,127,143,0,0,0],"floor_reached":44,"playtime":4829,"items_purged":["Strike_G","Strike_G","Strike_G","Strike_G"],"score":536,"play_id":"9548dbd0-871c-4509-a550-50b6e701f62a","local_time":"20190226132624","is_ascension_mode":true,"campfire_choices":[{"floor":7,"key":"REST"},{"data":"Caltrops","floor":10,"key":"SMITH"},{"data":"Tactician","floor":13,"key":"SMITH"},{"floor":15,"key":"REST"},{"data":"Tactician","floor":23,"key":"SMITH"},{"data":"Survivor","floor":30,"key":"SMITH"},{"data":"Acrobatics","floor":32,"key":"SMITH"},{"data":"Tactician","floor":40,"key":"SMITH"}],"neow_cost":"NONE","seed_source_timestamp":274070637308453,"circlet_count":0,"master_deck":["Defend_G","Defend_G","Defend_G","Defend_G","Defend_G","Survivor+1","Neutralize","All Out Attack+1","Underhanded Strike","Acrobatics+1","Caltrops+1","Tactician+1","Acrobatics","Dagger Throw","Unload","Underhanded Strike+1","All Out Attack","Dagger Throw+1","Tactician+1","Acrobatics","A Thousand Cuts+1","Deflect+1","Tactician+1","Reflex"],"relics":["Ring of the Serpent","FossilizedHelix","Dodecahedron","Frozen Egg 2","HoveringKite","Red Mask","Mummified Hand"],"potions_floor_usage":[16,16,21,21,28,33,33,35,41],"damage_taken":[{"damage":0,"enemies":"Jaw Worm","floor":1,"turns":7},{"damage":1,"enemies":"Cultist","floor":3,"turns":3},{"damage":30,"enemies":"Gremlin Nob","floor":6,"turns":5},{"damage":0,"enemies":"Small Slimes","floor":8,"turns":2},{"damage":0,"enemies":"Exordium Thugs","floor":11,"turns":4},{"damage":0,"enemies":"Gremlin Gang","floor":12,"turns":1},{"damage":0,"enemies":"2 Fungi Beasts","floor":14,"turns":1},{"damage":0,"enemies":"Hexaghost","floor":16,"turns":9},{"damage":0,"enemies":"Chosen","floor":18,"turns":3},{"damage":0,"enemies":"Spheric Guardian","floor":20,"turns":3},{"damage":0,"enemies":"Snake Plant","floor":21,"turns":3},{"damage":0,"enemies":"Centurion and Healer","floor":25,"turns":4},{"damage":0,"enemies":"Shelled Parasite and Fungi","floor":28,"turns":4},{"damage":0,"enemies":"Collector","floor":33,"turns":6},{"damage":0,"enemies":"3 Shapes","floor":35,"turns":5},{"damage":16,"enemies":"3 Darklings","floor":37,"turns":3},{"damage":41,"enemies":"Jaw Worm Horde","floor":38,"turns":3},{"damage":0,"enemies":"Maw","floor":41,"turns":7},{"damage":20,"enemies":"Transient","floor":44,"turns":5}],"seed_played":"3794516065575398028","potions_obtained":[{"floor":1,"key":"SteroidPotion"},{"floor":8,"key":"GhostInAJar"},{"floor":12,"key":"SkillPotion"},{"floor":16,"key":"Swift Potion"},{"floor":20,"key":"FearPotion"},{"floor":24,"key":"GhostInAJar"},{"floor":24,"key":"SpeedPotion"},{"floor":33,"key":"GamblersBrew"},{"floor":38,"key":"Block Potion"}],"is_trial":false,"path_per_floor":["M","$","M","?","$","E","R","M","T","R","M","M","R","M","R","B",null,"M","$","M","M","$","R","?","M","T","$","M","?","R","$","R","B",null,"M","?","M","M","$","R","M","?","T","M"],"character_chosen":"THE_SILENT","items_purchased":["Acrobatics","Tactician","Tactician"],"campfire_rested":2,"item_purchase_floors":[5,22,39],"current_hp_per_floor":[70,70,69,69,69,39,60,60,60,60,60,60,60,60,70,70,70,70,70,70,70,70,70,70,70,70,70,70,70,70,70,70,70,70,70,70,54,13,13,13,13,13,13,0],"gold":0,"neow_bonus":"HUNDRED_GOLD","is_prod":false,"is_daily":false,"chose_seed":false,"campfire_upgraded":6,"win_rate":0,"timestamp":1551205584,"path_taken":["M","$","M","?","$","E","R","?","T","R","M","?","R","M","R","BOSS","M","$","?","M","$","R","?","M","T","?","?","?","R","$","R","BOSS","M","?","M","M","$","R","M","?","T","M"],"build_version":"2019-01-23","purchased_purges":4,"victory":false,"max_hp_per_floor":[70,70,70,70,70,70,70,70,70,70,70,70,70,70,70,70,70,70,70,70,70,70,70,70,70,70,70,70,70,70,70,70,70,70,70,70,70,70,70,70,70,70,70,70],"card_choices":[{"not_picked":["Deadly Poison","Eviscerate"],"picked":"All Out Attack","floor":1},{"not_picked":["Dagger Spray","Outmaneuver"],"picked":"Underhanded Strike","floor":3},{"not_picked":["Outmaneuver","Envenom","Backflip"],"picked":"SKIP","floor":6},{"not_picked":["Infinite Blades","Dagger Spray"],"picked":"Caltrops","floor":8},{"not_picked":["Bane","Footwork"],"picked":"Tactician","floor":11},{"not_picked":["Flechettes","Masterful Stab"],"picked":"Acrobatics","floor":12},{"not_picked":["Sucker Punch","PiercingWail"],"picked":"Dagger Throw","floor":14},{"not_picked":["Malaise","Doppelganger"],"picked":"Unload","floor":16},{"not_picked":["Terror","Prepared"],"picked":"Underhanded Strike+1","floor":18},{"not_picked":["Deflect+1","Noxious Fumes"],"picked":"All Out Attack","floor":20},{"not_picked":["Quick Slash","Leg Sweep+1"],"picked":"Dagger Throw+1","floor":21},{"not_picked":["Dagger Spray","Prepared"],"picked":"Acrobatics","floor":25},{"not_picked":["Flying Knee+1","Terror","Cloak And Dagger"],"picked":"SKIP","floor":28},{"not_picked":["Malaise","Corpse Explosion"],"picked":"A Thousand Cuts+1","floor":33},{"not_picked":["Footwork+1","Prepared","Dagger Spray"],"picked":"SKIP","floor":35},{"not_picked":["Poisoned Stab+1","PiercingWail","Dodge and Roll"],"picked":"SKIP","floor":37},{"not_picked":["Dagger Spray+1","Deadly Poison"],"picked":"Deflect+1","floor":38},{"not_picked":["Bane","Blade Dance+1"],"picked":"Reflex","floor":41}],"player_experience":226131,"relics_obtained":[{"floor":6,"key":"FossilizedHelix"},{"floor":9,"key":"Dodecahedron"},{"floor":26,"key":"Frozen Egg 2"},{"floor":43,"key":"Mummified Hand"}],"event_choices":[{"damage_healed":0,"gold_gain":0,"player_choice":"Forge","damage_taken":0,"max_hp_gain":0,"max_hp_loss":0,"event_name":"Accursed Blacksmith","floor":4,"gold_loss":0,"cards_upgraded":["All Out Attack"]},{"damage_healed":0,"gold_gain":0,"player_choice":"Got Potions","damage_taken":0,"max_hp_gain":0,"max_hp_loss":0,"event_name":"Lab","floor":24,"gold_loss":0},{"damage_healed":0,"gold_gain":0,"player_choice":"Ignored","damage_taken":0,"max_hp_gain":0,"max_hp_loss":0,"event_name":"Cursed Tome","floor":29,"gold_loss":0},{"cards_removed":["Strike_G"],"damage_healed":0,"gold_gain":0,"player_choice":"Removed Attack","damage_taken":0,"max_hp_gain":0,"max_hp_loss":0,"event_name":"Falling","floor":36,"gold_loss":0},{"damage_healed":0,"gold_gain":0,"player_choice":"Paid","damage_taken":0,"relics_obtained":["Red Mask"],"max_hp_gain":0,"max_hp_loss":0,"event_name":"Tomb of Lord Red Mask","floor":42,"gold_loss":143}],"is_beta":false,"boss_relics":[{"not_picked":["Pandora\u0027s Box","Tiny House"],"picked":"Ring of the Serpent"},{"not_picked":["Empty Cage","Lizard Tail"],"picked":"HoveringKite"}],"items_purged_floors":[2,5,19,27],"is_endless":false,"potions_floor_spawned":[1,8,12,16,20,25,33,38],"killed_by":"Transient","ascension_level":1}