{"gold_per_floor":[119,119,139,139,13,78,78,98,122,148,148,165,165,23,23,121,121,134,59,59,59,79,79,109,126,126,176,243,262,312,137,137,137],"floor_reached":33,"playtime":1604,"items_purged":["Strike_R","Strike_R"],"score":482,"play_id":"a5b9a9bf-d65c-462d-b9bc-67fd77bdc60b","local_time":"20181101223741","is_ascension_mode":true,"campfire_choices":[{"data":"Fiend Fire","floor":7,"key":"SMITH"},{"data":"Anger","floor":11,"key":"SMITH"},{"data":"True Grit","floor":13,"key":"SMITH"},{"data":"Bludgeon","floor":15,"key":"SMITH"},{"floor":23,"key":"REST"},{"floor":32,"key":"REST"}],"neow_cost":"NONE","seed_source_timestamp":25384520622103,"circlet_count":0,"master_deck":["Strike_R","Strike_R+1","Defend_R","Defend_R","Defend_R","Defend_R","Bash+1","Iron Wave","Feed","True Grit+1","Fiend Fire+1","Anger+1","Wild Strike","Clothesline","Bludgeon+1","Feed+1","Uppercut","Shrug It Off","Dual Wield","Warcry+1","Battle Trance"],"relics":["Burning Blood","NeowsBlessing","Pear","Tiny Chest","Lantern","Bag of Marbles","Sozu","SsserpentHead","Anchor","Ornamental Fan","Whetstone"],"potions_floor_usage":[10,16],"damage_taken":[{"damage":0,"enemies":"Small Slimes","floor":1,"turns":1},{"damage":0,"enemies":"Cultist","floor":3,"turns":1},{"damage":0,"enemies":"Lagavulin","floor":6,"turns":3},{"damage":2,"enemies":"Jaw Worm","floor":8,"turns":4},{"damage":11,"enemies":"3 Sentries","floor":10,"turns":12},{"damage":1,"enemies":"Looter","floor":12,"turns":2},{"damage":62,"enemies":"Hexaghost","floor":16,"turns":8},{"damage":11,"enemies":"Spheric Guardian","floor":18,"turns":3},{"damage":6,"enemies":"Colosseum Slavers","floor":20,"turns":3},{"damage":38,"enemies":"Shell Parasite","floor":22,"turns":6},{"damage":39,"enemies":"Book of Stabbing","floor":24,"turns":4},{"damage":2,"enemies":"Cultist and Chosen","floor":25,"turns":4},{"damage":13,"enemies":"Sentry and Sphere","floor":28,"turns":4},{"damage":0,"enemies":"3 Cultists","floor":29,"turns":5},{"damage":111,"enemies":"Automaton","floor":33,"turns":8}],"seed_played":"5186742285695971383","potions_obtained":[{"floor":3,"key":"AttackPotion"},{"floor":6,"key":"EssenceOfSteel"},{"floor":8,"key":"FearPotion"}],"is_trial":false,"path_per_floor":["M","?","M","T","$","E","R","M","T","E","R","M","R","$","R","B",null,"M","$","?","?","M","R","E","M","T","?","M","M","T","$","R"],"character_chosen":"IRONCLAD","items_purchased":["Feed","True Grit","Bludgeon","Battle Trance"],"campfire_rested":2,"item_purchase_floors":[5,5,14,31],"current_hp_per_floor":[78,78,80,90,90,93,93,93,93,88,88,96,96,96,96,40,82,80,80,83,83,51,81,51,58,58,58,57,66,66,66,101,0],"gold":137,"neow_bonus":"THREE_ENEMY_KILL","is_prod":false,"is_daily":false,"chose_seed":false,"campfire_upgraded":4,"win_rate":0,"timestamp":1541108261,"path_taken":["M","?","?","?","$","E","R","?","T","E","R","M","R","$","R","BOSS","M","$","?","?","M","R","E","M","T","?","?","M","?","$","R","BOSS"],"build_version":"2018-10-25v2","purchased_purges":2,"victory":false,"max_hp_per_floor":[80,80,80,90,90,93,93,93,93,93,93,96,96,96,96,96,96,99,99,102,102,102,102,105,108,108,108,114,117,117,117,117,117],"card_choices":[{"not_picked":["Perfected Strike","Wild Strike"],"picked":"Iron Wave","floor":1},{"not_picked":["Thunderclap","Sentinel","Seeing Red"],"picked":"SKIP","floor":3},{"not_picked":["Warcry","Headbutt"],"picked":"Fiend Fire","floor":6},{"not_picked":["Body Slam","Perfected Strike"],"picked":"Anger","floor":8},{"not_picked":["Reckless Charge","Sword Boomerang"],"picked":"Wild Strike","floor":10},{"not_picked":["Twin Strike","Heavy Blade"],"picked":"Clothesline","floor":12},{"not_picked":["Fiend Fire","Barricade"],"picked":"Feed","floor":16},{"not_picked":["Perfected Strike","Intimidate","Pommel Strike"],"picked":"SKIP","floor":18},{"not_picked":["Havoc","Sword Boomerang","Twin Strike+1"],"picked":"SKIP","floor":22},{"not_picked":["Heavy Blade","Pummel"],"picked":"Uppercut","floor":24},{"not_picked":["Anger+1","Clash"],"picked":"Shrug It Off","floor":25},{"not_picked":["Bludgeon","Dropkick","Infernal Blade"],"picked":"SKIP","floor":28},{"not_picked":["Twin Strike","Fire Breathing"],"picked":"Warcry+1","floor":29}],"player_experience":223032,"relics_obtained":[{"floor":4,"key":"Pear"},{"floor":6,"key":"Tiny Chest"},{"floor":9,"key":"Lantern"},{"floor":10,"key":"Bag of Marbles"},{"floor":24,"key":"Anchor"},{"floor":26,"key":"Ornamental Fan"},{"floor":30,"key":"Whetstone"}],"event_choices":[{"damage_healed":0,"gold_gain":0,"player_choice":"Grow","damage_taken":0,"max_hp_gain":0,"max_hp_loss":0,"event_name":"Living Wall","floor":2,"gold_loss":0,"cards_upgraded":["Bash"]},{"damage_healed":0,"gold_gain":0,"player_choice":"Fight","damage_taken":0,"max_hp_gain":0,"max_hp_loss":0,"event_name":"Colosseum","floor":20,"gold_loss":0},{"damage_healed":0,"gold_gain":0,"player_choice":"Fled From Nobs","damage_taken":0,"max_hp_gain":0,"max_hp_loss":0,"event_name":"Colosseum","floor":20,"gold_loss":0},{"damage_healed":0,"gold_gain":0,"player_choice":"Trade","damage_taken":0,"relics_obtained":["SsserpentHead"],"max_hp_gain":0,"max_hp_loss":0,"event_name":"FaceTrader","floor":21,"gold_loss":0},{"damage_healed":0,"gold_gain":0,"cards_transformed":["Strike_R"],"player_choice":"Transformed","damage_taken":0,"max_hp_gain":0,"max_hp_loss":0,"event_name":"Transmorgrifier","floor":27,"gold_loss":0,"cards_obtained":["Dual Wield"]}],"is_beta":false,"boss_relics":[{"not_picked":["Philosopher\u0027s Stone","Runic Dome"],"picked":"Sozu"}],"items_purged_floors":[19,31],"is_endless":false,"potions_floor_spawned":[3,6,8,20,24,28,29],"killed_by":"Automaton","ascension_level":9}