{"gold_per_floor":[114,114,39,39,53,81,81,81,81,81,131,206,279,294,294,391,391,404,23,73,123,173],"floor_reached":22,"playtime":715,"items_purged":["Strike_B"],"score":203,"play_id":"d21dd9bf-c05a-4ea6-8174-f202cfe7bbf7","local_time":"20181012195555","is_ascension_mode":false,"campfire_choices":[{"data":"Seek","floor":7,"key":"SMITH"},{"data":"Dualcast","floor":10,"key":"SMITH"},{"data":"Auto Shields","floor":15,"key":"SMITH"}],"neow_cost":"NONE","seed_source_timestamp":81827197357653,"circlet_count":0,"master_deck":["Strike_B","Strike_B","Defend_B+1","Defend_B","Zap+1","Dualcast+1","Cold Snap","Seek+1","Beam Cell","Conserve Battery","Auto Shields+1","Amplify","Self Repair","BootSequence","Glacier"],"relics":["Cracked Core","NeowsBlessing","Bag of Marbles","SsserpentHead","Orichalcum","Odd Mushroom","DataDisk","Runic Pyramid","Shovel"],"potions_floor_usage":[16,16,22],"damage_taken":[{"damage":0,"enemies":"2 Louse","floor":1,"turns":1},{"damage":0,"enemies":"Jaw Worm","floor":5,"turns":1},{"damage":0,"enemies":"Lagavulin","floor":6,"turns":1},{"damage":1,"enemies":"The Mushroom Lair","floor":12,"turns":4},{"damage":0,"enemies":"Cultist","floor":14,"turns":3},{"damage":16,"enemies":"The Guardian","floor":16,"turns":13},{"damage":0,"enemies":"Shell Parasite","floor":18,"turns":6},{"damage":5,"enemies":"Colosseum Slavers","floor":22,"turns":5},{"damage":94,"enemies":"Colosseum Nobs","floor":22,"turns":4}],"seed_played":"3305681194317018524","potions_obtained":[{"floor":1,"key":"Fruit Juice"},{"floor":5,"key":"AttackPotion"},{"floor":6,"key":"Fruit Juice"}],"is_trial":false,"path_per_floor":["M","?","$","?","M","E","R","?","T","R","?","?","T","M","R","B",null,"M","$","?","?"],"character_chosen":"DEFECT","items_purchased":["Shovel","BootSequence"],"campfire_rested":0,"item_purchase_floors":[19,19],"current_hp_per_floor":[75,60,60,60,60,60,60,60,60,60,60,59,59,59,59,53,85,85,85,85,85,0],"gold":173,"neow_bonus":"THREE_ENEMY_KILL","is_prod":false,"is_daily":false,"chose_seed":false,"campfire_upgraded":3,"win_rate":0,"timestamp":1539366955,"path_taken":["M","?","$","?","M","E","R","?","T","R","?","?","?","M","R","BOSS","M","$","?","?","?"],"build_version":"2018-10-11","purchased_purges":1,"victory":false,"max_hp_per_floor":[75,75,75,75,75,75,75,75,75,75,75,75,75,75,75,85,85,85,85,85,85,85],"card_choices":[{"not_picked":["Go for the Eyes","Redo"],"picked":"Cold Snap","floor":1},{"not_picked":["Barrage","Steam"],"picked":"Seek","floor":5},{"not_picked":["Compile Driver","Hyperbeam"],"picked":"Beam Cell","floor":6},{"not_picked":["Hologram","Compile Driver"],"picked":"Conserve Battery","floor":12},{"not_picked":["Recycle","Reinforced Body"],"picked":"Auto Shields","floor":14},{"not_picked":["Electrodynamics","Fission"],"picked":"Amplify","floor":16},{"not_picked":["Sunder","Turbo+1"],"picked":"Self Repair","floor":18}],"player_experience":204475,"relics_obtained":[{"floor":6,"key":"Bag of Marbles"},{"floor":9,"key":"Orichalcum"},{"floor":12,"key":"Odd Mushroom"},{"floor":13,"key":"DataDisk"}],"event_choices":[{"event_name":"Shining Light","player_choice":"Entered Light","floor":2,"damage_taken":0},{"event_name":"Living Wall","player_choice":"Forget","floor":4,"damage_taken":0},{"event_name":"FaceTrader","player_choice":"Trade","floor":8,"damage_taken":0},{"event_name":"Purifier","player_choice":"One Purge","floor":11,"damage_taken":0},{"event_name":"Mushrooms","player_choice":"Fought Mushrooms","floor":12,"damage_taken":0},{"event_name":"The Library","player_choice":"Read","floor":20,"damage_taken":0},{"event_name":"Bonfire Elementals","player_choice":"BASIC","floor":21,"damage_taken":0},{"event_name":"Colosseum","player_choice":"Fight","floor":22,"damage_taken":0},{"event_name":"Colosseum","player_choice":"Fought Nobs","floor":22,"damage_taken":0}],"is_beta":false,"boss_relics":[{"not_picked":["Fusion Hammer","Coffee Dripper"],"picked":"Runic Pyramid"}],"items_purged_floors":[3],"is_endless":false,"potions_floor_spawned":[1,5,6,22],"killed_by":"Colosseum Nobs","ascension_level":0}