{"gold_per_floor":[114,134,36,1,1,27,27,56,56,4,14,28,57,73,73,169,169,152,77,90,15,15,15,34,34],"floor_reached":25,"playtime":1341,"items_purged":["Strike_R"],"score":254,"play_id":"af98b553-0e12-4fde-96a9-dacbb9dfb901","local_time":"20190218192922","is_ascension_mode":true,"campfire_choices":[{"data":"Armaments","floor":15,"key":"SMITH"},{"data":"Body Slam","floor":23,"key":"SMITH"}],"neow_cost":"NONE","seed_source_timestamp":91426751924743,"circlet_count":0,"master_deck":["Strike_R","Strike_R","Strike_R","Defend_R","Defend_R","Defend_R","Defend_R+1","Bash","Flex","Uppercut","Whirlwind","Anger","Flame Barrier+1","Pummel","Armaments+1","Iron Wave","True Grit","Barricade","Seeing Red","Body Slam+1","Decay","Headbutt+1"],"relics":["Burning Blood","Orichalcum","Paper Frog","War Paint","Letter Opener","Question Card","Happy Flower","Black Star"],"potions_floor_usage":[12,13,16,16,16,25],"damage_taken":[{"damage":23,"enemies":"Jaw Worm","floor":1,"turns":5},{"damage":6,"enemies":"Cultist","floor":2,"turns":3},{"damage":18,"enemies":"3 Sentries","floor":6,"turns":5},{"damage":28,"enemies":"Gremlin Nob","floor":8,"turns":5},{"damage":3,"enemies":"Small Slimes","floor":11,"turns":3},{"damage":5,"enemies":"Looter","floor":12,"turns":4},{"damage":22,"enemies":"3 Sentries","floor":13,"turns":6},{"damage":0,"enemies":"2 Fungi Beasts","floor":14,"turns":3},{"damage":63,"enemies":"The Guardian","floor":16,"turns":18},{"damage":31,"enemies":"2 Thieves","floor":18,"turns":5},{"damage":21,"enemies":"Shell Parasite","floor":20,"turns":6},{"damage":29,"enemies":"Snecko","floor":24,"turns":6},{"damage":29,"enemies":"Slavers","floor":25,"turns":3}],"seed_played":"2771493980339050752","potions_obtained":[{"floor":8,"key":"Dexterity Potion"},{"floor":11,"key":"BloodPotion"},{"floor":13,"key":"Dexterity Potion"},{"floor":14,"key":"Regen Potion"},{"floor":20,"key":"FearPotion"}],"is_trial":false,"path_per_floor":["M","M","$","?","?","E","T","E","T","$","M","M","E","M","R","B",null,"M","?","M","$","?","R","M","E"],"character_chosen":"IRONCLAD","items_purchased":["Whirlwind","Anger","Explosive Potion"],"campfire_rested":0,"item_purchase_floors":[3,3,10],"current_hp_per_floor":[71,71,71,88,81,69,69,47,47,47,50,59,43,49,49,7,88,63,63,48,48,48,48,25,0],"gold":34,"neow_bonus":"TEN_PERCENT_HP_BONUS","is_prod":false,"is_daily":false,"chose_seed":false,"campfire_upgraded":2,"win_rate":0,"timestamp":1550514562,"path_taken":["M","M","$","?","?","E","?","E","T","$","M","M","E","?","R","BOSS","M","?","M","$","?","R","M","E"],"build_version":"2019-01-23","purchased_purges":1,"victory":false,"max_hp_per_floor":[88,88,88,88,88,88,88,88,88,88,88,88,88,88,88,88,88,88,88,88,88,88,88,88,88],"card_choices":[{"not_picked":["Twin Strike","Power Through"],"picked":"Flex","floor":1},{"not_picked":["Pommel Strike","Clash"],"picked":"Uppercut","floor":2},{"not_picked":["Havoc","Bloodletting"],"picked":"Flame Barrier","floor":6},{"not_picked":["Evolve","Havoc"],"picked":"Pummel","floor":8},{"not_picked":["Iron Wave","Heavy Blade","Rampage"],"picked":"Armaments","floor":11},{"not_picked":["Burning Pact","Headbutt","Blood for Blood","Sever Soul"],"picked":"SKIP","floor":12},{"not_picked":["Heavy Blade","Carnage","Perfected Strike"],"picked":"Iron Wave","floor":13},{"not_picked":["Iron Wave","Sever Soul","Headbutt"],"picked":"True Grit","floor":14},{"not_picked":["Impervious","Brutality","Exhume"],"picked":"Barricade","floor":16},{"not_picked":["Flex","Armaments","Flame Barrier"],"picked":"Seeing Red","floor":18},{"not_picked":["Sever Soul","Heavy Blade+1","Clash"],"picked":"Body Slam","floor":20},{"not_picked":["Thunderclap","Sever Soul","Clothesline"],"picked":"Headbutt+1","floor":24}],"player_experience":682445,"relics_obtained":[{"floor":6,"key":"Paper Frog"},{"floor":7,"key":"War Paint"},{"floor":8,"key":"Letter Opener"},{"floor":9,"key":"Question Card"},{"floor":13,"key":"Happy Flower"}],"event_choices":[{"damage_healed":22,"gold_gain":0,"player_choice":"Healed","damage_taken":0,"max_hp_gain":0,"max_hp_loss":0,"event_name":"The Cleric","floor":4,"gold_loss":35},{"damage_healed":0,"gold_gain":0,"player_choice":"Success","damage_taken":7,"relics_obtained":["Orichalcum"],"max_hp_gain":0,"max_hp_loss":0,"event_name":"Scrap Ooze","floor":5,"gold_loss":0},{"cards_removed":["Strike_R"],"damage_healed":0,"gold_gain":0,"player_choice":"Gave Gold","damage_taken":0,"max_hp_gain":0,"max_hp_loss":0,"event_name":"Beggar","floor":19,"gold_loss":75},{"damage_healed":0,"gold_gain":0,"player_choice":"Smashed Altar","damage_taken":0,"max_hp_gain":0,"max_hp_loss":0,"event_name":"Forgotten Altar","floor":22,"gold_loss":0,"cards_obtained":["Decay"]}],"is_beta":false,"boss_relics":[{"not_picked":["Tiny House","Astrolabe"],"picked":"Black Star"}],"items_purged_floors":[21],"is_endless":false,"potions_floor_spawned":[8,11,13,14,20],"killed_by":"Slavers","ascension_level":3}