{"gold_per_floor":[112,112,187,207,253,283,296,310,310,310,330,345,380,396,396,493,493,507,607,10,28,42,42,69,81,93,105,146,170,182,205,217,328,340,371,383,395,407,24,24,24,36,36,47,47,66,66,86,86,86],"floor_reached":50,"playtime":11178,"items_purged":["Strike_G"],"score":621,"play_id":"1ed657bf-0b96-40ee-893b-657de4b0d3d6","local_time":"20190302051327","is_ascension_mode":true,"campfire_choices":[{"floor":10,"key":"REST"},{"floor":15,"key":"REST"},{"floor":23,"key":"REST"},{"floor":25,"key":"REST"},{"data":"Envenom","floor":27,"key":"SMITH"},{"floor":32,"key":"REST"},{"data":"Noxious Fumes","floor":40,"key":"SMITH"},{"data":"Bouncing Flask","floor":45,"key":"SMITH"},{"floor":47,"key":"REST"},{"floor":49,"key":"REST"}],"neow_cost":"NONE","seed_source_timestamp":48353079377418,"circlet_count":0,"master_deck":["Defend_G","Defend_G","Defend_G","Defend_G","Defend_G","Strike_G","Strike_G","Strike_G","Survivor","Neutralize","Deadly Poison","Poisoned Stab","Sucker Punch","Dagger Spray","Cloak And Dagger","Escape Plan","Leg Sweep","Blade Dance","Bouncing Flask+1","Envenom+1","Slice+1","Bane","Footwork","Noxious Fumes+1","Noxious Fumes","Slice","Mayhem+1","Cloak And Dagger","PiercingWail","Expertise","Burst+1","Footwork+1","Catalyst+1","Envenom+1","Slice","Writhe","Infinite Blades+1","Infinite Blades+1","PiercingWail+1","Dagger Spray+1","Dodge and Roll+1","Distraction+1"],"relics":["Ring of the Snake","NeowsBlessing","Mummified Hand","Bag of Preparation","PreservedInsect","Bag of Marbles","Matryoshka","Lizard Tail","Thread and Needle","The Courier","Frozen Egg 2","MawBank","Orichalcum","Gremlin Horn","Toxic Egg 2","Black Star","Oddly Smooth Stone","Lee\u0027s Waffle","Bottled Lightning","Shuriken"],"potions_floor_usage":[11,16,19,22,28,31,33,33,33,44],"damage_taken":[{"damage":0,"enemies":"Cultist","floor":1,"turns":1},{"damage":0,"enemies":"Small Slimes","floor":4,"turns":1},{"damage":0,"enemies":"Lagavulin","floor":6,"turns":1},{"damage":3,"enemies":"Jaw Worm","floor":7,"turns":3},{"damage":16,"enemies":"Exordium Thugs","floor":8,"turns":5},{"damage":10,"enemies":"Lots of Slimes","floor":11,"turns":3},{"damage":0,"enemies":"Looter","floor":12,"turns":3},{"damage":13,"enemies":"3 Sentries","floor":13,"turns":7},{"damage":6,"enemies":"Large Slime","floor":14,"turns":6},{"damage":26,"enemies":"Slime Boss","floor":16,"turns":10},{"damage":20,"enemies":"Shell Parasite","floor":18,"turns":7},{"damage":19,"enemies":"Colosseum Slavers","floor":19,"turns":5},{"damage":22,"enemies":"Colosseum Nobs","floor":19,"turns":5},{"damage":2,"enemies":"Chosen","floor":21,"turns":4},{"damage":1,"enemies":"Snake Plant","floor":22,"turns":4},{"damage":30,"enemies":"Gremlin Leader","floor":24,"turns":5},{"damage":25,"enemies":"Slavers","floor":28,"turns":4},{"damage":0,"enemies":"Chosen and Byrds","floor":29,"turns":6},{"damage":3,"enemies":"Centurion and Healer","floor":31,"turns":4},{"damage":7,"enemies":"Champ","floor":33,"turns":9},{"damage":41,"enemies":"3 Darklings","floor":35,"turns":7},{"damage":20,"enemies":"3 Shapes","floor":42,"turns":4},{"damage":9,"enemies":"Maw","floor":44,"turns":6},{"damage":12,"enemies":"3 Darklings","floor":46,"turns":3},{"damage":23,"enemies":"Jaw Worm Horde","floor":48,"turns":4},{"damage":61,"enemies":"Awakened One","floor":50,"turns":3}],"seed_played":"-5948157399844924034","potions_obtained":[{"floor":7,"key":"SpeedPotion"},{"floor":8,"key":"Fire Potion"},{"floor":13,"key":"Fire Potion"},{"floor":16,"key":"SkillPotion"},{"floor":19,"key":"Ancient Potion"},{"floor":21,"key":"AttackPotion"},{"floor":24,"key":"Energy Potion"},{"floor":29,"key":"FearPotion"},{"floor":31,"key":"AttackPotion"},{"floor":42,"key":"Explosive Potion"},{"floor":44,"key":"SpeedPotion"},{"floor":46,"key":"FearPotion"}],"is_trial":false,"path_per_floor":["M","?","?","M","T","E","M","M","T","R","M","M","E","M","R","B",null,"M","?","$","M","M","R","E","R","T","R","E","M","?","M","R","B",null,"M","?","?","?","$","R","?","M","T","M","R","M","R","M","R","B"],"character_chosen":"THE_SILENT","items_purchased":["Footwork","Noxious Fumes","Noxious Fumes","Frozen Egg 2","Slice","Mayhem+1","Infinite Blades+1","Oddly Smooth Stone","Lee\u0027s Waffle","Infinite Blades+1"],"campfire_rested":7,"item_purchase_floors":[20,20,20,20,20,20,39,39,39,39],"current_hp_per_floor":[70,58,47,47,47,47,44,28,28,49,39,39,26,20,41,15,70,50,9,9,7,6,27,35,56,56,56,31,31,31,28,49,42,70,29,29,29,47,77,77,77,57,57,48,48,36,59,36,59,0],"gold":86,"neow_bonus":"THREE_ENEMY_KILL","is_prod":false,"is_daily":false,"chose_seed":false,"campfire_upgraded":3,"win_rate":0,"timestamp":1551521607,"path_taken":["M","?","?","M","?","E","M","M","T","R","?","?","E","M","R","BOSS","M","?","$","M","M","R","E","R","T","R","E","M","?","M","R","BOSS","M","?","?","?","?","R","?","M","T","?","R","M","R","M","R","BOSS"],"build_version":"2019-01-23","purchased_purges":1,"victory":false,"max_hp_per_floor":[70,70,70,70,70,70,70,70,70,70,70,70,70,70,70,70,70,70,70,70,70,70,70,70,70,70,70,70,70,70,70,70,70,70,70,70,70,70,77,77,77,77,77,77,77,77,77,77,77,77],"card_choices":[{"not_picked":["Dagger Throw","Choke"],"picked":"Deadly Poison","floor":1},{"not_picked":["Riddle With Holes","Flying Knee"],"picked":"Poisoned Stab","floor":4},{"not_picked":["Acrobatics","Blade Dance"],"picked":"Sucker Punch","floor":6},{"not_picked":["Blade Dance","Infinite Blades"],"picked":"Dagger Spray","floor":7},{"not_picked":["Accuracy","Malaise"],"picked":"Cloak And Dagger","floor":8},{"not_picked":["Flechettes","Dagger Spray"],"picked":"Escape Plan","floor":11},{"not_picked":["PiercingWail","Tactician"],"picked":"Leg Sweep","floor":12},{"not_picked":["Leg Sweep","Escape Plan"],"picked":"Blade Dance","floor":13},{"not_picked":["Die Die Die","Dagger Throw"],"picked":"Bouncing Flask","floor":14},{"not_picked":["Malaise","Glass Knife"],"picked":"Envenom","floor":16},{"not_picked":["Cloak And Dagger","Prepared"],"picked":"Slice+1","floor":18},{"not_picked":["Slice","Riddle With Holes"],"picked":"Bane","floor":19},{"not_picked":["Acrobatics","Dodge and Roll"],"picked":"Cloak And Dagger","floor":21},{"not_picked":["Slice+1","Prepared"],"picked":"PiercingWail","floor":22},{"not_picked":["Grand Finale","Masterful Stab+1"],"picked":"Expertise","floor":24},{"not_picked":["Dagger Spray+1","Endless Agony"],"picked":"Burst","floor":28},{"not_picked":["Prepared+1","Riddle With Holes"],"picked":"Footwork+1","floor":29},{"not_picked":["Flying Knee","Quick Slash"],"picked":"Catalyst+1","floor":31},{"not_picked":["Wraith Form v2+1","Malaise+1"],"picked":"Envenom+1","floor":33},{"not_picked":["Dagger Throw","Underhanded Strike+1"],"picked":"Slice","floor":35},{"not_picked":["All Out Attack+1","Footwork+1"],"picked":"PiercingWail+1","floor":42},{"not_picked":["Expertise+1","Acrobatics+1"],"picked":"Dagger Spray+1","floor":44},{"not_picked":["Underhanded Strike+1","PiercingWail+1"],"picked":"Dodge and Roll+1","floor":46},{"not_picked":["Prepared+1","PiercingWail+1"],"picked":"Distraction+1","floor":48}],"player_experience":502222,"relics_obtained":[{"floor":5,"key":"Bag of Preparation"},{"floor":6,"key":"PreservedInsect"},{"floor":9,"key":"Bag of Marbles"},{"floor":13,"key":"Matryoshka"},{"floor":19,"key":"Thread and Needle"},{"floor":19,"key":"The Courier"},{"floor":24,"key":"MawBank"},{"floor":26,"key":"Orichalcum"},{"floor":26,"key":"Gremlin Horn"},{"floor":28,"key":"Toxic Egg 2"},{"floor":43,"key":"Bottled Lightning"},{"floor":43,"key":"Shuriken"}],"event_choices":[{"damage_healed":0,"gold_gain":0,"player_choice":"Success","damage_taken":12,"relics_obtained":["Mummified Hand"],"max_hp_gain":0,"max_hp_loss":0,"event_name":"Scrap Ooze","floor":2,"gold_loss":0},{"damage_healed":0,"gold_gain":75,"player_choice":"Gather Gold","damage_taken":11,"max_hp_gain":0,"max_hp_loss":0,"event_name":"World of Goop","floor":3,"gold_loss":0},{"damage_healed":0,"gold_gain":0,"player_choice":"Fight","damage_taken":0,"max_hp_gain":0,"max_hp_loss":0,"event_name":"Colosseum","floor":19,"gold_loss":0},{"damage_healed":0,"gold_gain":0,"player_choice":"Fought Nobs","damage_taken":0,"max_hp_gain":0,"max_hp_loss":0,"event_name":"Colosseum","floor":19,"gold_loss":0},{"damage_healed":0,"gold_gain":0,"player_choice":"Ignored","damage_taken":0,"max_hp_gain":0,"max_hp_loss":0,"event_name":"Vampires","floor":30,"gold_loss":0},{"cards_removed":["Strike_G"],"damage_healed":0,"gold_gain":0,"player_choice":"Removed Attack","damage_taken":0,"max_hp_gain":0,"max_hp_loss":0,"event_name":"Falling","floor":36,"gold_loss":0},{"damage_healed":0,"gold_gain":0,"player_choice":"Ignored","damage_taken":0,"max_hp_gain":0,"max_hp_loss":0,"event_name":"Tomb of Lord Red Mask","floor":37,"gold_loss":0},{"damage_healed":18,"gold_gain":0,"player_choice":"Writhe","damage_taken":0,"max_hp_gain":0,"max_hp_loss":0,"event_name":"Winding Halls","floor":38,"gold_loss":0,"cards_obtained":["Writhe"]},{"damage_healed":0,"gold_gain":0,"player_choice":"Full Heal","damage_taken":0,"max_hp_gain":0,"max_hp_loss":0,"event_name":"Wheel of Change","floor":41,"gold_loss":0}],"is_beta":false,"boss_relics":[{"not_picked":["Eternal Feather","Velvet Choker"],"picked":"Lizard Tail"},{"not_picked":["Coffee Dripper","Calling Bell"],"picked":"Black Star"}],"items_purged_floors":[20],"is_endless":false,"potions_floor_spawned":[7,8,13,16,19,21,24,29,31,42,44,46],"killed_by":"Awakened One","ascension_level":1}