{"gold_per_floor":[112,60,60,108,108,135,210,210,210,227,245,265,285,27,27,27],"floor_reached":16,"playtime":423,"items_purged":[],"score":100,"play_id":"5951a656-70d0-4fa5-b705-e79e3b2b34a0","local_time":"20181013194609","is_ascension_mode":false,"campfire_choices":[{"floor":8,"key":"REST"},{"floor":15,"key":"REST"}],"neow_cost":"NONE","seed_source_timestamp":167935342500722,"circlet_count":0,"master_deck":["Strike_R","Strike_R","Strike_R","Strike_R","Strike_R","Defend_R","Defend_R","Defend_R","Bash","Wild Strike","Rampage","Flex","Regret","Iron Wave","Shockwave","Flex","Seeing Red","Shrug It Off"],"relics":["Burning Blood","Singing Bowl","Smiling Mask","Gambling Chip","Orichalcum","Unceasing Top","Meat on the Bone"],"potions_floor_usage":[6],"damage_taken":[{"damage":6,"enemies":"Jaw Worm","floor":1,"turns":4},{"damage":26,"enemies":"Lagavulin","floor":6,"turns":5},{"damage":1,"enemies":"2 Louse","floor":10,"turns":2},{"damage":4,"enemies":"Small Slimes","floor":11,"turns":2},{"damage":19,"enemies":"Exordium Thugs","floor":12,"turns":5},{"damage":4,"enemies":"3 Louse","floor":13,"turns":3},{"damage":52,"enemies":"Hexaghost","floor":16,"turns":9}],"seed_played":"3150311131630188659","potions_obtained":[{"floor":1,"key":"EssenceOfSteel"},{"floor":6,"key":"SpeedPotion"},{"floor":12,"key":"Strength Potion"}],"is_trial":false,"path_per_floor":["M","$","?","T","?","E","?","R","T","M","M","M","M","$","R"],"character_chosen":"IRONCLAD","items_purchased":["Flex","Meat on the Bone"],"campfire_rested":2,"item_purchase_floors":[2,14],"current_hp_per_floor":[80,80,80,80,38,18,7,31,31,36,38,25,27,27,51,0],"gold":27,"neow_bonus":"TRANSFORM_CARD","is_prod":false,"is_daily":false,"chose_seed":false,"campfire_upgraded":0,"win_rate":0,"timestamp":1539452769,"path_taken":["M","$","?","?","?","E","?","R","T","M","M","M","M","$","R","BOSS"],"build_version":"2018-10-11","purchased_purges":0,"victory":false,"max_hp_per_floor":[80,80,80,80,80,80,80,80,80,80,80,80,80,80,80,80],"card_choices":[{"not_picked":["Spot Weakness","Wild Strike"],"picked":"Rampage","floor":1},{"not_picked":["Berserk","Clash"],"picked":"Iron Wave","floor":6},{"not_picked":["Evolve","Anger"],"picked":"Shockwave","floor":10},{"not_picked":["Bloodletting","Twin Strike"],"picked":"Flex","floor":11},{"not_picked":["Heavy Blade","Clash"],"picked":"Seeing Red","floor":12},{"not_picked":["Sword Boomerang","Pommel Strike"],"picked":"Shrug It Off","floor":13}],"player_experience":215257,"relics_obtained":[{"floor":4,"key":"Smiling Mask"},{"floor":6,"key":"Orichalcum"},{"floor":9,"key":"Unceasing Top"}],"event_choices":[{"event_name":"Big Fish","player_choice":"Box","floor":3,"damage_taken":0},{"event_name":"Scrap Ooze","player_choice":"success","floor":5,"damage_taken":42},{"event_name":"World of Goop","player_choice":"Gather Gold","floor":7,"damage_taken":0}],"is_beta":false,"boss_relics":[],"items_purged_floors":[],"is_endless":false,"potions_floor_spawned":[1,6,12],"killed_by":"Hexaghost","ascension_level":0}