{"gold_per_floor":[119,134,145,145,45,45,10,10,35,35,47,73,102,137,149,258,270,298,186,186,186,201,201,221,221,221,251,122,133,143,143,143,143],"floor_reached":33,"playtime":1157,"items_purged":["Strike_B","Defend_B"],"score":255,"play_id":"4e3e55a5-8402-4b01-8ff5-5c540cc623f0","local_time":"20181031201937","is_ascension_mode":false,"campfire_choices":[{"data":"Dualcast","floor":6,"key":"SMITH"},{"data":"Zap","floor":11,"key":"SMITH"},{"data":"Turbo","floor":15,"key":"SMITH"},{"data":"Meteor Strike","floor":23,"key":"SMITH"},{"data":"Rainbow","floor":25,"key":"SMITH"},{"floor":32,"key":"REST"}],"neow_cost":"NONE","seed_source_timestamp":1205157862381376,"circlet_count":0,"master_deck":["Strike_B","Strike_B","Defend_B","Defend_B","Zap+1","Dualcast+1","Cold Snap","Go for the Eyes","Steam","Sweeping Beam","Meteor Strike+1","Turbo+1","Rainbow+1","Gash","Beam Cell","FTL+1","Undo+1","Streamline","Capacitor","Turbo","Meteor Strike","Conserve Battery"],"relics":["Cracked Core","Centennial Puzzle","Omamori","MawBank","Bag of Preparation","Sozu","Ornamental Fan","Pen Nib","Bottled Lightning"],"potions_floor_usage":[16],"damage_taken":[{"damage":0,"enemies":"2 Louse","floor":1,"turns":1},{"damage":6,"enemies":"Jaw Worm","floor":2,"turns":3},{"damage":1,"enemies":"Cultist","floor":3,"turns":3},{"damage":6,"enemies":"Red Slaver","floor":12,"turns":2},{"damage":0,"enemies":"3 Louse","floor":13,"turns":3},{"damage":59,"enemies":"Hexaghost","floor":16,"turns":13},{"damage":8,"enemies":"Chosen","floor":18,"turns":6},{"damage":1,"enemies":"Shell Parasite","floor":22,"turns":2},{"damage":15,"enemies":"Centurion and Healer","floor":24,"turns":5},{"damage":32,"enemies":"Slavers","floor":27,"turns":5},{"damage":3,"enemies":"Snake Plant","floor":29,"turns":3},{"damage":6,"enemies":"Snecko","floor":30,"turns":3},{"damage":60,"enemies":"Collector","floor":33,"turns":13}],"seed_played":"3377390233881745740","potions_obtained":[{"floor":3,"key":"PowerPotion"},{"floor":12,"key":"SkillPotion"},{"floor":13,"key":"FairyPotion"}],"is_trial":false,"path_per_floor":["M","M","M","?","$","R","?","?","T","?","R","M","M","T","R","B",null,"M","$","?","?","M","R","M","R","T","E","$","M","M","T","R"],"character_chosen":"DEFECT","items_purchased":["Sweeping Beam","Beam Cell","Capacitor","Turbo"],"campfire_rested":1,"item_purchase_floors":[5,19,28,28],"current_hp_per_floor":[75,69,68,68,68,68,75,75,75,75,75,69,69,69,69,10,75,67,67,67,67,66,66,51,51,51,19,19,16,10,10,32,0],"gold":143,"neow_bonus":"RANDOM_COMMON_RELIC","is_prod":false,"is_daily":false,"chose_seed":false,"campfire_upgraded":5,"win_rate":0,"timestamp":1541013577,"path_taken":["M","M","M","?","$","R","?","?","T","?","R","?","M","?","R","BOSS","M","$","?","?","M","R","M","R","T","E","$","M","M","?","R","BOSS"],"build_version":"2018-10-25v2","purchased_purges":2,"victory":false,"max_hp_per_floor":[75,75,75,75,75,75,75,75,75,75,75,75,75,75,75,75,75,75,75,75,75,75,75,75,75,75,75,75,75,75,75,75,75],"card_choices":[{"not_picked":["Barrage","Redo"],"picked":"Cold Snap","floor":1},{"not_picked":["Storm","Compile Driver"],"picked":"Go for the Eyes","floor":2},{"not_picked":["Genetic Algorithm","Gash"],"picked":"Steam","floor":3},{"not_picked":["Reprogram","Steam"],"picked":"Meteor Strike","floor":12},{"not_picked":["Barrage","Coolheaded"],"picked":"Turbo","floor":13},{"not_picked":["Biased Cognition","Amplify"],"picked":"Rainbow","floor":16},{"not_picked":["Go for the Eyes","Leap"],"picked":"Gash","floor":18},{"not_picked":["Ball Lightning","Leap"],"picked":"FTL+1","floor":22},{"not_picked":["Loop","Rebound"],"picked":"Undo+1","floor":24},{"not_picked":["Fusion","Storm"],"picked":"Streamline","floor":27},{"not_picked":["Hologram","Consume"],"picked":"Meteor Strike","floor":29},{"not_picked":["Streamline","Cold Snap+1"],"picked":"Conserve Battery","floor":30}],"player_experience":245650,"relics_obtained":[{"floor":9,"key":"Omamori"},{"floor":14,"key":"Bag of Preparation"},{"floor":26,"key":"Ornamental Fan"},{"floor":27,"key":"Pen Nib"},{"floor":31,"key":"Bottled Lightning"}],"event_choices":[{"damage_healed":0,"gold_gain":0,"player_choice":"Ignored","damage_taken":0,"max_hp_gain":0,"max_hp_loss":0,"event_name":"Liars Game","floor":4,"gold_loss":0},{"damage_healed":18,"gold_gain":0,"player_choice":"Healed","damage_taken":0,"max_hp_gain":0,"max_hp_loss":0,"event_name":"The Cleric","floor":7,"gold_loss":35},{"cards_removed":["Strike_B"],"damage_healed":0,"gold_gain":0,"player_choice":"Purged","damage_taken":0,"max_hp_gain":0,"max_hp_loss":0,"event_name":"Purifier","floor":8,"gold_loss":0},{"damage_healed":0,"gold_gain":0,"player_choice":"Gave Potion","damage_taken":0,"relics_obtained":["MawBank"],"max_hp_gain":0,"max_hp_loss":0,"event_name":"WeMeetAgain","floor":10,"gold_loss":0},{"damage_healed":0,"gold_gain":0,"player_choice":"Ignored","damage_taken":0,"max_hp_gain":0,"max_hp_loss":0,"event_name":"Beggar","floor":20,"gold_loss":0},{"cards_removed":["Defend_B"],"damage_healed":0,"gold_gain":0,"player_choice":"Elegance","damage_taken":0,"max_hp_gain":0,"max_hp_loss":0,"event_name":"Back to Basics","floor":21,"gold_loss":0}],"is_beta":false,"boss_relics":[{"not_picked":["Black Star","FrozenCore"],"picked":"Sozu"}],"items_purged_floors":[5,19],"is_endless":false,"potions_floor_spawned":[3,12,13,18,22,29,30],"killed_by":"Collector","ascension_level":0}