{"gold_per_floor":[18,18,36,54,72,101,101,121,173,203,220,220,247,247,247,351,351,361,379,398,417,430,430,444,471,495,495,138,150,150,179,179,281,281,297,257,268,268,31,61,61,81,81,98,113,145,145,155,155,155],"floor_reached":51,"playtime":5748,"items_purged":["Defend_G","Strike_G"],"score":848,"play_id":"76e20afd-fc4f-4a4b-80ec-c55abc128e60","local_time":"20181013015331","is_ascension_mode":false,"campfire_choices":[{"floor":7,"key":"REST"},{"floor":15,"key":"REST"},{"floor":23,"key":"REST"},{"floor":27,"key":"REST"},{"floor":32,"key":"REST"},{"data":"Panache","floor":47,"key":"SMITH"},{"floor":49,"key":"REST"}],"neow_cost":"NO_GOLD","seed_source_timestamp":63744034074162,"circlet_count":0,"master_deck":["Defend_G","Defend_G","Defend_G+1","Defend_G+1","Strike_G","Strike_G","Survivor+1","Neutralize","Quick Slash","Noxious Fumes+1","All Out Attack","Quick Slash","Blade Dance+1","Cloak And Dagger+1","Leg Sweep+1","Backflip+1","Burst+1","Prepared+1","Backstab+1","Distraction+1","Slice+1","Calculated Gamble+1","Backflip+1","Accuracy","Outmaneuver+1","A Thousand Cuts","Terror+1","Tools of the Trade+1","Cloak And Dagger+1","Cloak And Dagger+1","Panache+1","Die Die Die+1","Backstab+1","Accuracy+1","Envenom"],"relics":["Ring of the Snake","Toxic Egg 2","War Paint","Question Card","Bag of Marbles","Empty Cage","Smiling Mask","Anchor","Sling","Vajra","Runic Dome","Ginger","Mango","Bottled Tornado","Whetstone"],"potions_floor_usage":[10,33,33,33,45,50,50,50],"damage_taken":[{"damage":3,"enemies":"Jaw Worm","floor":1,"turns":4},{"damage":0,"enemies":"Small Slimes","floor":3,"turns":5},{"damage":0,"enemies":"2 Louse","floor":4,"turns":3},{"damage":9,"enemies":"Large Slime","floor":5,"turns":7},{"damage":32,"enemies":"3 Sentries","floor":6,"turns":6},{"damage":2,"enemies":"Looter","floor":8,"turns":3},{"damage":15,"enemies":"Gremlin Nob","floor":10,"turns":4},{"damage":4,"enemies":"Blue Slaver","floor":11,"turns":3},{"damage":0,"enemies":"Lagavulin","floor":13,"turns":6},{"damage":18,"enemies":"Hexaghost","floor":16,"turns":11},{"damage":5,"enemies":"Shell Parasite","floor":18,"turns":6},{"damage":0,"enemies":"Chosen","floor":19,"turns":4},{"damage":6,"enemies":"Snecko","floor":20,"turns":5},{"damage":17,"enemies":"Cultist and Chosen","floor":21,"turns":9},{"damage":0,"enemies":"Centurion and Healer","floor":22,"turns":7},{"damage":32,"enemies":"Snake Plant","floor":24,"turns":8},{"damage":10,"enemies":"Gremlin Leader","floor":25,"turns":4},{"damage":18,"enemies":"Sentry and Sphere","floor":29,"turns":6},{"damage":20,"enemies":"Book of Stabbing","floor":31,"turns":5},{"damage":8,"enemies":"Champ","floor":33,"turns":12},{"damage":0,"enemies":"Orb Walker","floor":35,"turns":3},{"damage":3,"enemies":"3 Darklings","floor":37,"turns":5},{"damage":1,"enemies":"Mind Bloom Boss Battle","floor":38,"turns":7},{"damage":4,"enemies":"2 Orb Walkers","floor":40,"turns":3},{"damage":0,"enemies":"4 Shapes","floor":42,"turns":2},{"damage":4,"enemies":"Sphere and 2 Shapes","floor":44,"turns":4},{"damage":0,"enemies":"3 Darklings","floor":45,"turns":2},{"damage":0,"enemies":"Nemesis","floor":46,"turns":3},{"damage":37,"enemies":"Maw","floor":48,"turns":5},{"damage":12,"enemies":"Time Eater","floor":50,"turns":4}],"seed_played":"-808319567559728013","potions_obtained":[{"floor":1,"key":"SkillPotion"},{"floor":4,"key":"PowerPotion"},{"floor":6,"key":"Ancient Potion"},{"floor":11,"key":"EssenceOfSteel"},{"floor":22,"key":"SteroidPotion"},{"floor":38,"key":"Ancient Potion"},{"floor":40,"key":"Fruit Juice"},{"floor":42,"key":"SteroidPotion"},{"floor":45,"key":"SkillPotion"}],"is_trial":false,"path_per_floor":["M","?","M","M","M","E","R","M","T","E","M","?","E","?","R","B",null,"M","M","M","M","M","R","M","E","T","R","$","M","?","E","R","B",null,"M","?","M","?","$","E","$","M","T","M","M","E","R","M","R","B"],"character_chosen":"THE_SILENT","items_purchased":["Accuracy","Sling","Outmaneuver+1","Panache"],"campfire_rested":6,"item_purchase_floors":[28,28,28,39],"current_hp_per_floor":[81,74,74,74,65,33,58,56,56,41,37,58,58,41,66,48,81,76,76,70,53,53,77,45,35,35,59,59,41,41,21,45,37,81,81,81,78,77,77,87,87,87,87,83,88,88,88,51,81,69],"gold":155,"neow_bonus":"TWENTY_PERCENT_HP_BONUS","is_prod":false,"is_daily":false,"chose_seed":false,"campfire_upgraded":1,"win_rate":0,"timestamp":1539388411,"path_taken":["M","?","M","M","M","E","R","M","T","E","M","?","E","?","R","BOSS","M","M","M","M","M","R","M","E","T","R","$","M","?","E","R","BOSS","M","?","M","?","$","E","$","?","T","M","M","E","R","M","R","BOSS"],"build_version":"2018-10-04","purchased_purges":2,"victory":true,"max_hp_per_floor":[84,84,84,84,84,84,84,84,84,84,84,84,84,84,84,84,81,81,81,81,81,81,81,81,81,81,81,81,81,81,81,81,81,81,81,81,81,81,81,95,95,95,95,95,100,100,100,100,100,100],"card_choices":[{"not_picked":["Skewer","Reflex"],"picked":"Quick Slash","floor":1},{"not_picked":["Catalyst","Quick Slash"],"picked":"Noxious Fumes","floor":3},{"not_picked":["Noxious Fumes","PiercingWail"],"picked":"All Out Attack","floor":4},{"not_picked":["Sucker Punch","Riddle With Holes"],"picked":"Quick Slash","floor":5},{"not_picked":["Underhanded Strike","Flying Knee","Dagger Spray"],"picked":"SKIP","floor":6},{"not_picked":["Infinite Blades","Underhanded Strike"],"picked":"Blade Dance+1","floor":8},{"not_picked":["Finisher","Bullet Time+1"],"picked":"Cloak And Dagger+1","floor":10},{"not_picked":["Quick Slash","Sucker Punch","Bane"],"picked":"Leg Sweep+1","floor":11},{"not_picked":["Dagger Throw","Poisoned Stab","Dash"],"picked":"Backflip+1","floor":13},{"not_picked":["Unload","Phantasmal Killer+1","Storm of Steel+1"],"picked":"Burst+1","floor":16},{"not_picked":["Deflect+1","Poisoned Stab","Sucker Punch"],"picked":"Prepared+1","floor":18},{"not_picked":["Well Laid Plans","Underhanded Strike+1","All Out Attack"],"picked":"Backstab+1","floor":19},{"not_picked":["Dagger Throw","Dodge and Roll+1","PiercingWail+1"],"picked":"Distraction+1","floor":20},{"not_picked":["Deflect+1","Masterful Stab","Blur+1"],"picked":"Slice","floor":21},{"not_picked":["Flying Knee","Underhanded Strike","Masterful Stab"],"picked":"Calculated Gamble+1","floor":22},{"not_picked":["Flechettes","Acrobatics+1","Sucker Punch","Flying Knee+1"],"picked":"SKIP","floor":24},{"not_picked":["Dagger Throw","Outmaneuver+1","Underhanded Strike"],"picked":"Backflip+1","floor":25},{"not_picked":["Deflect+1","Blade Dance+1","Dagger Throw"],"picked":"A Thousand Cuts","floor":29},{"not_picked":["Riddle With Holes","Tactician+1","Sucker Punch"],"picked":"Terror+1","floor":31},{"not_picked":["Phantasmal Killer+1","Wraith Form v2","A Thousand Cuts"],"picked":"Tools of the Trade","floor":33},{"not_picked":["Underhanded Strike","Prepared+1","Deflect+1"],"picked":"Cloak And Dagger+1","floor":35},{"not_picked":["Backflip+1","Flying Knee+1","Deflect+1","Dagger Spray"],"picked":"SKIP","floor":37},{"not_picked":["Acrobatics+1","Outmaneuver+1","All Out Attack+1"],"picked":"Cloak And Dagger+1","floor":38},{"not_picked":["Bane","Riddle With Holes","Sucker Punch+1"],"picked":"Die Die Die","floor":40},{"not_picked":["Cloak And Dagger+1","Backflip+1","Well Laid Plans"],"picked":"Backstab+1","floor":42},{"not_picked":["Crippling Poison+1","Calculated Gamble+1","Backflip+1"],"picked":"Accuracy+1","floor":44},{"not_picked":["Quick Slash","Dagger Throw+1","Dagger Spray","Caltrops"],"picked":"SKIP","floor":45},{"not_picked":["Infinite Blades","Slice+1","PiercingWail+1"],"picked":"Envenom","floor":46},{"not_picked":["Sucker Punch+1","Dagger Spray+1","PiercingWail+1","Poisoned Stab+1"],"picked":"SKIP","floor":48}],"player_experience":151110,"relics_obtained":[{"floor":6,"key":"Toxic Egg 2"},{"floor":9,"key":"War Paint"},{"floor":10,"key":"Question Card"},{"floor":13,"key":"Bag of Marbles"},{"floor":25,"key":"Smiling Mask"},{"floor":26,"key":"Anchor"},{"floor":31,"key":"Vajra"},{"floor":38,"key":"Ginger"},{"floor":40,"key":"Mango"},{"floor":43,"key":"Bottled Tornado"},{"floor":46,"key":"Whetstone"}],"event_choices":[{"event_name":"Golden Wing","player_choice":"Card Removal","floor":2,"damage_taken":0},{"event_name":"Mushrooms","player_choice":"Healed and dodged fight","floor":12,"damage_taken":0},{"event_name":"Shining Light","player_choice":"Entered Light","floor":14,"damage_taken":0},{"event_name":"FaceTrader","player_choice":"Leave","floor":30,"damage_taken":0},{"event_name":"Designer","player_choice":"Upgrade Card","floor":36,"damage_taken":0},{"event_name":"MindBloom","player_choice":"Fight","floor":38,"damage_taken":0}],"is_beta":false,"boss_relics":[{"not_picked":["Astrolabe","Calling Bell"],"picked":"Empty Cage"},{"not_picked":["White Beast Statue","Eternal Feather"],"picked":"Runic Dome"}],"items_purged_floors":[28,39],"is_endless":false,"potions_floor_spawned":[1,4,6,11,20,22,25,29,31,38,40,42,45,48],"ascension_level":0}