{"gold_per_floor":[115,133,133,152,152,183,40,73,100,100,116,116,126,160,160,263,263,250,261,360,378,25,25,57,57,57,57,57,57,57,57],"floor_reached":31,"playtime":1628,"items_purged":["Strike_R"],"score":396,"play_id":"5b2ee6de-ceab-44e6-8db6-44483668a93c","local_time":"20181030180912","is_ascension_mode":true,"campfire_choices":[{"floor":10,"key":"REST"},{"data":"Rage","floor":15,"key":"SMITH"},{"data":"Inflame","floor":23,"key":"SMITH"},{"data":"Armaments","floor":25,"key":"SMITH"},{"floor":29,"key":"REST"}],"neow_cost":"NONE","seed_source_timestamp":2804711906486,"circlet_count":0,"master_deck":["Strike_R","Strike_R","Strike_R","Strike_R","Defend_R","Defend_R","Defend_R","Defend_R","Bash+1","Hemokinesis+1","Pummel","Twin Strike","Feel No Pain","Flame Barrier","Anger","Rage+1","Limit Break","Armaments+1","Hemokinesis+1","Metallicize","Inflame+1","Spot Weakness","Demon Form"],"relics":["Burning Blood","Oddly Smooth Stone","Juzu Bracelet","Vajra","Ancient Tea Set","Pantograph","Velvet Choker","Sling","Gremlin Horn","Bottled Lightning","MutagenicStrength"],"potions_floor_usage":[8,8,21,24,28,31],"damage_taken":[{"damage":8,"enemies":"Jaw Worm","floor":1,"turns":5},{"damage":9,"enemies":"2 Louse","floor":2,"turns":4},{"damage":6,"enemies":"Small Slimes","floor":4,"turns":3},{"damage":38,"enemies":"3 Sentries","floor":6,"turns":8},{"damage":10,"enemies":"Lagavulin","floor":8,"turns":3},{"damage":14,"enemies":"Gremlin Gang","floor":11,"turns":5},{"damage":8,"enemies":"Large Slime","floor":13,"turns":4},{"damage":20,"enemies":"Gremlin Nob","floor":14,"turns":4},{"damage":26,"enemies":"The Guardian","floor":16,"turns":11},{"damage":13,"enemies":"2 Thieves","floor":18,"turns":4},{"damage":2,"enemies":"Shell Parasite","floor":19,"turns":4},{"damage":14,"enemies":"3 Cultists","floor":21,"turns":5},{"damage":34,"enemies":"Book of Stabbing","floor":24,"turns":4},{"damage":9,"enemies":"Shelled Parasite and Fungi","floor":28,"turns":2},{"damage":15,"enemies":"Colosseum Slavers","floor":31,"turns":5},{"damage":45,"enemies":"Colosseum Nobs","floor":31,"turns":3}],"seed_played":"675696430342910819","potions_obtained":[{"floor":1,"key":"Energy Potion"},{"floor":2,"key":"AttackPotion"},{"floor":8,"key":"Ancient Potion"},{"floor":16,"key":"SmokeBomb"},{"floor":19,"key":"SteroidPotion"},{"floor":21,"key":"LiquidBronze"}],"is_trial":false,"path_per_floor":["M","M","?","M","?","E","$","E","T","R","M","$","M","E","R","B",null,"M","M","?","M","$","R","E","R","T","?","M","R","?"],"character_chosen":"IRONCLAD","items_purchased":["Feel No Pain","Inflame","Sling","Spot Weakness"],"campfire_rested":2,"item_purchase_floors":[7,22,22,22],"current_hp_per_floor":[70,67,67,67,67,35,35,31,31,55,47,47,45,31,31,36,69,62,66,66,58,58,58,30,30,30,30,27,51,51,0],"gold":57,"neow_bonus":"RANDOM_COMMON_RELIC","is_prod":false,"is_daily":false,"chose_seed":false,"campfire_upgraded":3,"win_rate":0,"timestamp":1540919352,"path_taken":["M","M","?","M","?","E","$","E","T","R","M","?","M","E","R","BOSS","M","M","?","M","$","R","E","R","T","?","M","R","?","?"],"build_version":"2018-10-11","purchased_purges":1,"victory":false,"max_hp_per_floor":[80,80,80,80,80,80,80,80,80,80,80,80,80,80,80,80,80,80,80,80,80,80,80,80,80,80,80,80,80,80,80],"card_choices":[{"not_picked":["Power Through","Infernal Blade"],"picked":"Hemokinesis","floor":1},{"not_picked":["Thunderclap","Infernal Blade"],"picked":"Pummel","floor":2},{"not_picked":["Heavy Blade","Havoc","Infernal Blade"],"picked":"SKIP","floor":4},{"not_picked":["Perfected Strike","Cleave"],"picked":"Twin Strike","floor":6},{"not_picked":["Clash","Rage"],"picked":"Flame Barrier","floor":8},{"not_picked":["Pummel","Cleave"],"picked":"Anger","floor":11},{"not_picked":["Havoc","Sever Soul","Thunderclap"],"picked":"SKIP","floor":13},{"not_picked":["Havoc","Blood for Blood"],"picked":"Rage","floor":14},{"not_picked":["Double Tap","Offering"],"picked":"Limit Break","floor":16},{"not_picked":["Anger","Searing Blow"],"picked":"Armaments","floor":18},{"not_picked":["Havoc","Fire Breathing+1"],"picked":"Hemokinesis+1","floor":19},{"not_picked":["Pommel Strike","Searing Blow"],"picked":"Metallicize","floor":21},{"not_picked":["Dual Wield+1","Headbutt"],"picked":"Demon Form","floor":24}],"player_experience":218573,"relics_obtained":[{"floor":6,"key":"Juzu Bracelet"},{"floor":8,"key":"Vajra"},{"floor":9,"key":"Ancient Tea Set"},{"floor":14,"key":"Pantograph"},{"floor":24,"key":"Gremlin Horn"},{"floor":26,"key":"Bottled Lightning"}],"event_choices":[{"event_name":"Living Wall","player_choice":"Grow","floor":3,"damage_taken":0},{"event_name":"Upgrade Shrine","player_choice":"Upgraded","floor":5,"damage_taken":0},{"event_name":"Nest","player_choice":"Stole From Cult","floor":20,"damage_taken":0},{"event_name":"The Mausoleum","player_choice":"No","floor":27,"damage_taken":0},{"event_name":"Drug Dealer","player_choice":"Inject Mutagens","floor":30,"damage_taken":0},{"event_name":"Colosseum","player_choice":"Fight","floor":31,"damage_taken":0},{"event_name":"Colosseum","player_choice":"Fought Nobs","floor":31,"damage_taken":0}],"is_beta":false,"boss_relics":[{"not_picked":["Tiny House","Pandora\u0027s Box"],"picked":"Velvet Choker"}],"items_purged_floors":[7],"is_endless":false,"potions_floor_spawned":[1,2,8,16,19,21,31],"killed_by":"Colosseum Nobs","ascension_level":9}