{"gold_per_floor":[112,127,139,139,159,188,188,215,215,70,88,118,142,142,142,243,243,257,38,49,65,65,65,96,108,134,161,161,181,34,54,54,158,158,175,187,38,38,53,53,73,39,88,121,141,158,158,170,170,170],"floor_reached":50,"playtime":2341,"items_purged":["Strike_R"],"score":854,"play_id":"020e6948-5392-4b9c-9211-1d76881a7b20","local_time":"20190223233659","is_ascension_mode":true,"campfire_choices":[{"data":"Uppercut","floor":7,"key":"SMITH"},{"floor":15,"key":"REST"},{"data":"Rampage","floor":23,"key":"SMITH"},{"data":"Fiend Fire","floor":32,"key":"SMITH"},{"floor":40,"key":"REST"},{"data":"Dark Embrace","floor":47,"key":"SMITH"},{"data":"Burning Pact","floor":49,"key":"SMITH"}],"neow_cost":"NONE","seed_source_timestamp":537283857678040,"circlet_count":0,"master_deck":["AscendersBane","Bash","Rampage+1","Carnage+1","Shrug It Off","Seeing Red+1","Uppercut+1","Battle Trance","Feed+1","Feel No Pain","Exhume","Ghostly Armor+1","Headbutt+1","True Grit","Metallicize+1","Fiend Fire+1","Ghostly","Ghostly","Ghostly","Ghostly","Ghostly","Immolate","Wild Strike","Dark Embrace+1","Shrug It Off","Havoc","Sever Soul","Pummel","Double Tap+1","Feel No Pain","Berserk","Wild Strike","Pommel Strike+1","Flame Barrier+1","Shockwave","Inflame+1","Inflame","Disarm","Burning Pact+1"],"relics":["Burning Blood","NeowsBlessing","War Paint","Bag of Marbles","Happy Flower","Mango","Whetstone","Sozu","PreservedInsect","Omamori","Oddly Smooth Stone","Centennial Puzzle","Pandora\u0027s Box","Vajra","Smiling Mask","Red Skull"],"potions_floor_usage":[6,12,12,12],"damage_taken":[{"damage":0,"enemies":"Jaw Worm","floor":1,"turns":1},{"damage":0,"enemies":"2 Louse","floor":2,"turns":1},{"damage":0,"enemies":"Small Slimes","floor":3,"turns":1},{"damage":12,"enemies":"3 Louse","floor":5,"turns":3},{"damage":30,"enemies":"Lagavulin","floor":6,"turns":5},{"damage":22,"enemies":"Gremlin Nob","floor":8,"turns":4},{"damage":14,"enemies":"Gremlin Gang","floor":11,"turns":5},{"damage":10,"enemies":"3 Sentries","floor":12,"turns":7},{"damage":57,"enemies":"Hexaghost","floor":16,"turns":9},{"damage":19,"enemies":"Spheric Guardian","floor":18,"turns":5},{"damage":11,"enemies":"Shell Parasite","floor":20,"turns":6},{"damage":5,"enemies":"Shelled Parasite and Fungi","floor":21,"turns":5},{"damage":20,"enemies":"Slavers","floor":24,"turns":5},{"damage":14,"enemies":"Cultist and Chosen","floor":25,"turns":6},{"damage":7,"enemies":"Book of Stabbing","floor":27,"turns":5},{"damage":3,"enemies":"Snake Plant","floor":29,"turns":3},{"damage":4,"enemies":"Centurion and Healer","floor":31,"turns":5},{"damage":71,"enemies":"Champ","floor":33,"turns":13},{"damage":38,"enemies":"3 Darklings","floor":35,"turns":8},{"damage":0,"enemies":"Orb Walker","floor":36,"turns":3},{"damage":1,"enemies":"Spire Growth","floor":39,"turns":4},{"damage":5,"enemies":"Maw","floor":41,"turns":7},{"damage":3,"enemies":"Nemesis","floor":44,"turns":7},{"damage":12,"enemies":"Jaw Worm Horde","floor":45,"turns":4},{"damage":15,"enemies":"Writhing Mass","floor":46,"turns":6},{"damage":11,"enemies":"Sphere and 2 Shapes","floor":48,"turns":3},{"damage":41,"enemies":"Time Eater","floor":50,"turns":10}],"seed_played":"-6219687365390962085","potions_obtained":[{"floor":2,"key":"Weak Potion"},{"floor":3,"key":"Fire Potion"},{"floor":5,"key":"Fire Potion"},{"floor":6,"key":"Energy Potion"},{"floor":8,"key":"Energy Potion"}],"is_trial":false,"path_per_floor":["M","M","M","?","M","E","R","E","T","$","M","E","T","?","R","B",null,"M","$","M","M","?","R","E","M","T","E","?","M","$","M","R","B",null,"M","M","$","?","M","R","M","$","T","E","M","M","R","M","R","B"],"character_chosen":"IRONCLAD","items_purchased":["Happy Flower","PreservedInsect","Immolate","Vajra","Inflame"],"campfire_rested":2,"item_purchase_floors":[10,19,30,37,42],"current_hp_per_floor":[78,80,80,85,79,55,55,39,39,39,31,44,44,44,74,23,82,73,73,68,77,77,77,67,67,67,70,65,65,65,73,73,8,57,25,31,31,31,36,57,58,58,58,61,55,46,46,41,41,0],"gold":170,"neow_bonus":"THREE_ENEMY_KILL","is_prod":false,"is_daily":false,"chose_seed":false,"campfire_upgraded":5,"win_rate":0,"timestamp":1550961419,"path_taken":["M","M","M","?","M","E","R","E","T","$","M","E","?","?","R","BOSS","M","$","M","M","?","R","E","M","T","E","?","M","$","M","R","BOSS","M","M","$","?","M","R","?","?","T","E","?","M","R","M","R","BOSS"],"build_version":"2019-01-23","purchased_purges":1,"victory":false,"max_hp_per_floor":[80,80,80,85,85,85,85,85,85,85,85,102,102,102,102,102,102,106,106,106,114,114,114,118,126,126,130,65,65,65,73,73,73,73,73,73,73,73,73,73,73,73,73,73,73,73,73,73,73,73],"card_choices":[{"not_picked":["Perfected Strike","Ghostly Armor"],"picked":"Rampage","floor":1},{"not_picked":["Dropkick","Reckless Charge"],"picked":"Carnage","floor":2},{"not_picked":["Sentinel","Inflame"],"picked":"Shrug It Off","floor":3},{"not_picked":["Rampage","Headbutt"],"picked":"Seeing Red","floor":5},{"not_picked":["Disarm","Warcry"],"picked":"Uppercut","floor":6},{"not_picked":["Warcry","True Grit"],"picked":"Battle Trance","floor":8},{"not_picked":["Metallicize","Armaments"],"picked":"Feed","floor":11},{"not_picked":["Flex","Thunderclap"],"picked":"Feel No Pain","floor":12},{"not_picked":["Barricade","Double Tap"],"picked":"Exhume","floor":16},{"not_picked":["Headbutt","Twin Strike"],"picked":"Ghostly Armor+1","floor":18},{"not_picked":["Iron Wave","Rupture","Sword Boomerang"],"picked":"SKIP","floor":20},{"not_picked":["Sever Soul","Anger"],"picked":"Headbutt+1","floor":21},{"not_picked":["Spot Weakness","Headbutt"],"picked":"True Grit","floor":24},{"not_picked":["Entrench","Intimidate+1"],"picked":"Metallicize+1","floor":25},{"not_picked":["Berserk","Shrug It Off"],"picked":"Fiend Fire","floor":27},{"not_picked":["Heavy Blade","Thunderclap+1","Perfected Strike"],"picked":"SKIP","floor":29},{"not_picked":["Havoc","Bloodletting"],"picked":"Wild Strike","floor":31},{"not_picked":["Limit Break","Juggernaut"],"picked":"Dark Embrace","floor":33},{"not_picked":["Flame Barrier+1","Heavy Blade"],"picked":"Pommel Strike+1","floor":35},{"not_picked":["Shrug It Off","Fire Breathing"],"picked":"Flame Barrier+1","floor":36},{"not_picked":["Power Through+1","Flame Barrier+1"],"picked":"Shockwave","floor":39},{"not_picked":["Bloodletting+1","Blood for Blood"],"picked":"Inflame+1","floor":41},{"not_picked":["Reckless Charge","Wild Strike+1"],"picked":"Disarm","floor":44},{"not_picked":["Dual Wield","Havoc","Wild Strike"],"picked":"SKIP","floor":45},{"not_picked":["Havoc","Heavy Blade","Clothesline"],"picked":"SKIP","floor":46},{"not_picked":["Disarm+1","Shrug It Off"],"picked":"Burning Pact","floor":48}],"player_experience":751183,"relics_obtained":[{"floor":6,"key":"War Paint"},{"floor":8,"key":"Bag of Marbles"},{"floor":12,"key":"Mango"},{"floor":13,"key":"Whetstone"},{"floor":24,"key":"Omamori"},{"floor":26,"key":"Oddly Smooth Stone"},{"floor":27,"key":"Centennial Puzzle"},{"floor":43,"key":"Smiling Mask"},{"floor":44,"key":"Red Skull"}],"event_choices":[{"damage_healed":0,"gold_gain":0,"player_choice":"Donut","damage_taken":0,"max_hp_gain":5,"max_hp_loss":0,"event_name":"Big Fish","floor":4,"gold_loss":0},{"damage_healed":0,"gold_gain":0,"player_choice":"Grow","damage_taken":0,"max_hp_gain":0,"max_hp_loss":0,"event_name":"Living Wall","floor":14,"gold_loss":0,"cards_upgraded":["Carnage"]},{"damage_healed":0,"gold_gain":0,"player_choice":"Simplicity","damage_taken":0,"max_hp_gain":0,"max_hp_loss":0,"event_name":"Back to Basics","floor":22,"gold_loss":0,"cards_upgraded":["Strike_R","Strike_R","Strike_R","Defend_R","Defend_R","Defend_R"]},{"damage_healed":0,"gold_gain":0,"player_choice":"Became a Ghost","damage_taken":0,"max_hp_gain":0,"max_hp_loss":65,"event_name":"Ghosts","floor":28,"gold_loss":0,"cards_obtained":["Ghostly","Ghostly","Ghostly","Ghostly","Ghostly"]},{"damage_healed":0,"gold_gain":0,"player_choice":"Upgraded","damage_taken":0,"max_hp_gain":0,"max_hp_loss":0,"event_name":"Upgrade Shrine","floor":38,"gold_loss":0,"cards_upgraded":["Double Tap"]}],"is_beta":false,"boss_relics":[{"not_picked":["Runic Cube","Cursed Key"],"picked":"Sozu"},{"not_picked":["Tiny House","Empty Cage"],"picked":"Pandora\u0027s Box"}],"items_purged_floors":[19],"is_endless":false,"potions_floor_spawned":[2,3,5,6,8,18,27,29,33,35,36,39,46],"killed_by":"Time Eater","ascension_level":10}