{"gold_per_floor":[119,130,140,195,47,62,62,91,165,195,195,226,242,268,268,368,368,382,382,402,16,32,32,46,46,95,112,123,36,135,37,37,139,139,149,149,167,167,187,187,214,214,214,214,224,224,224,236,236,236,236,236,16,16],"floor_reached":54,"playtime":5657,"items_purged":["Sunder"],"score":874,"play_id":"f3127200-a0be-4476-83d5-5adf0f9f012f","local_time":"20190216232544","is_ascension_mode":true,"campfire_choices":[{"data":"Zap","floor":7.0,"key":"SMITH"},{"floor":11.0,"key":"REST"},{"floor":15.0,"key":"REST"},{"floor":23.0,"key":"REST"},{"floor":25,"key":"REST"},{"floor":32,"key":"REST"},{"floor":40,"key":"REST"},{"floor":44,"key":"REST"},{"floor":47,"key":"REST"},{"floor":49,"key":"RECALL"},{"floor":52,"key":"REST"}],"neow_cost":"NONE","seed_source_timestamp":324808005373514,"circlet_count":0,"master_deck":["Zap+1","Dualcast","Sweeping Beam","Doom and Gloom","Static Discharge","Leap","Consume","BootSequence","Compile Driver+1","Auto Shields","Cold Snap","Core Surge","Creative AI","All For One","Defragment","Storm","Redo","Reprogram","Capacitor","Reinforced Body","Hologram","Coolheaded","Go for the Eyes","Finesse","Defragment","Electrodynamics","Leap+1","Conserve Battery+1","Ball Lightning+1","Parasite","Finesse","Stack","Dark Shackles"],"special_seed":0,"relics":["FrozenCore","Art of War","Bronze Scales","Boot","Kunai","Bag of Preparation","Whetstone","StoneCalendar","Pandora\u0027s Box","Membership Card","Gremlin Horn","Centennial Puzzle","Lantern","Smiling Mask","Cauldron","Strawberry"],"potions_floor_usage":[33,33,39,50,54,54],"damage_taken":[{"damage":0.0,"enemies":"Cultist","floor":1.0,"turns":3.0},{"damage":1.0,"enemies":"Jaw Worm","floor":2.0,"turns":4.0},{"damage":3.0,"enemies":"Small Slimes","floor":3.0,"turns":3.0},{"damage":12.0,"enemies":"Exordium Wildlife","floor":6.0,"turns":4.0},{"damage":6.0,"enemies":"Lagavulin","floor":8.0,"turns":5.0},{"damage":15.0,"enemies":"3 Sentries","floor":10.0,"turns":4.0},{"damage":32.0,"enemies":"Gremlin Nob","floor":12.0,"turns":4.0},{"damage":2.0,"enemies":"Looter","floor":13.0,"turns":3.0},{"damage":10.0,"enemies":"3 Sentries","floor":14.0,"turns":4.0},{"damage":7.0,"enemies":"Hexaghost","floor":16.0,"turns":7.0},{"damage":14.0,"enemies":"Shell Parasite","floor":18.0,"turns":3.0},{"damage":17.0,"enemies":"Spheric Guardian","floor":20.0,"turns":4.0},{"damage":6.0,"enemies":"Chosen and Byrds","floor":22.0,"turns":5.0},{"damage":8.0,"enemies":"Snake Plant","floor":24.0,"turns":4.0},{"damage":2,"enemies":"Centurion and Healer","floor":27,"turns":7},{"damage":15,"enemies":"Sentry and Sphere","floor":28,"turns":6},{"damage":44,"enemies":"Champ","floor":33,"turns":8},{"damage":6,"enemies":"3 Shapes","floor":35,"turns":3},{"damage":3,"enemies":"Orb Walker","floor":37,"turns":4},{"damage":24,"enemies":"Jaw Worm Horde","floor":39,"turns":3},{"damage":21,"enemies":"Reptomancer","floor":41,"turns":10},{"damage":13,"enemies":"Writhing Mass","floor":45,"turns":7},{"damage":0,"enemies":"3 Darklings","floor":48,"turns":5},{"damage":74,"enemies":"Donu and Deca","floor":50,"turns":9},{"damage":82,"enemies":"Shield and Spear","floor":54,"turns":8}],"seed_played":"6250890928520551299","potions_obtained":[{"floor":1.0,"key":"GamblersBrew"},{"floor":2.0,"key":"Weak Potion"},{"floor":6.0,"key":"FairyPotion"},{"floor":18.0,"key":"Dexterity Potion"},{"floor":22.0,"key":"Ancient Potion"},{"floor":35,"key":"SkillPotion"},{"floor":39,"key":"Ancient Potion"},{"floor":48,"key":"PowerPotion"},{"floor":53,"key":"SpeedPotion"},{"floor":53,"key":"LiquidBronze"}],"is_trial":false,"path_per_floor":["M","M","M","T","$","M","R","E","T","E","R","E","M","E","R","B",null,"M","?","M","$","M","R","M","R","T","M","M","$","?","$","R","B",null,"M","?","M","?","M","R","E","?","T","R","M","?","R","M","R","B",null,"R","$","E"],"character_chosen":"DEFECT","items_purchased":["Bronze Scales","Coolheaded","Membership Card","Gremlin Horn","Finesse","Lantern","Defragment","Cauldron","Strawberry","Dark Shackles"],"campfire_rested":9,"item_purchase_floors":[5,21,21,21,29,31,31,53,53,53],"current_hp_per_floor":[68,67,64,64,64,52,52,46,46,31,53,21,19,9,31,24,62,48,48,31,31,25,47,39,61,61,59,44,44,44,44,66,22,62,56,56,53,53,29,51,30,30,30,52,39,39,61,61,61,7,58,75,82,0],"gold":16,"neow_bonus":"THREE_CARDS","is_prod":false,"is_daily":false,"chose_seed":false,"campfire_upgraded":1,"win_rate":0,"timestamp":1550377544,"path_taken":["M","?","?","?","?","M","R","E","T","E","R","E","M","E","R","BOSS","M","?","M","$","M","R","M","R","T","M","M","$","?","?","R","BOSS","M","?","M","?","?","R","E","?","T","R","M","?","R","M","R","BOSS","R","$","E"],"build_version":"2019-01-23","purchased_purges":1,"victory":false,"max_hp_per_floor":[75,75,75,75,75,75,75,75,75,75,75,75,75,75,75,75,75,75,75,75,75,75,75,75,75,75,75,75,75,75,75,75,75,75,75,75,75,75,75,75,75,75,75,75,75,75,75,75,75,75,75,75,82,82],"card_choices":[{"not_picked":["Hologram","Fusion"],"picked":"Sweeping Beam","floor":0.0},{"not_picked":["Reinforced Body","Hello World"],"picked":"Doom and Gloom","floor":1.0},{"not_picked":["Fusion","Compile Driver"],"picked":"Static Discharge","floor":2.0},{"not_picked":["Compile Driver","Loop"],"picked":"Leap","floor":3.0},{"not_picked":["Streamline","Rebound","Force Field"],"picked":"SKIP","floor":6.0},{"not_picked":["Streamline","Gash"],"picked":"Consume","floor":8.0},{"not_picked":["Storm","Sunder"],"picked":"BootSequence","floor":10.0},{"not_picked":["Steam","Barrage"],"picked":"Compile Driver","floor":12.0},{"not_picked":["Double Energy","Static Discharge"],"picked":"Auto Shields","floor":13.0},{"not_picked":["Reprogram","Aggregate"],"picked":"Cold Snap","floor":14.0},{"not_picked":["Fission","Seek"],"picked":"Core Surge","floor":16.0},{"not_picked":["Coolheaded","Consume+1"],"picked":"Capacitor","floor":18.0},{"not_picked":["Gash","Steam"],"picked":"Hologram","floor":20.0},{"not_picked":["Hologram","Defragment"],"picked":"Go for the Eyes","floor":22.0},{"not_picked":["Go for the Eyes","Compile Driver","Rebound+1"],"picked":"SKIP","floor":24.0},{"not_picked":["FTL","Thunder Strike","Redo+1"],"picked":"SKIP","floor":27},{"not_picked":["Compile Driver","Melter","Go for the Eyes+1"],"picked":"SKIP","floor":28},{"not_picked":["Hyperbeam","Reboot"],"picked":"Electrodynamics","floor":33},{"not_picked":["Double Energy","Barrage","Capacitor"],"picked":"SKIP","floor":35},{"not_picked":["Skim+1","Rebound+1"],"picked":"Leap+1","floor":37},{"not_picked":["Gash","Rebound+1"],"picked":"Conserve Battery+1","floor":39},{"not_picked":["Streamline","Heatsinks"],"picked":"Ball Lightning+1","floor":41},{"not_picked":["Streamline","Rebound+1","Redo+1"],"picked":"SKIP","floor":45},{"not_picked":["PanicButton","Discovery"],"picked":"Finesse","floor":46},{"not_picked":["Sweeping Beam+1","Redo+1"],"picked":"Stack","floor":48}],"player_experience":592810,"relics_obtained":[{"floor":4.0,"key":"Art of War"},{"floor":8.0,"key":"Boot"},{"floor":9.0,"key":"Kunai"},{"floor":10.0,"key":"Bag of Preparation"},{"floor":12.0,"key":"Whetstone"},{"floor":14.0,"key":"StoneCalendar"},{"floor":26,"key":"Centennial Puzzle"},{"floor":41,"key":"Smiling Mask"}],"event_choices":[{"damage_healed":0.0,"max_hp_gain":0.0,"max_hp_loss":0.0,"gold_gain":0.0,"event_name":"The Library","player_choice":"Read","floor":19.0,"gold_loss":0.0,"damage_taken":0.0,"cards_obtained":["Reinforced Body"]},{"damage_healed":0,"gold_gain":99,"player_choice":"Stole From Cult","damage_taken":0,"max_hp_gain":0,"max_hp_loss":0,"event_name":"Nest","floor":30,"gold_loss":0},{"cards_removed":["Storm"],"damage_healed":0,"gold_gain":0,"player_choice":"Removed Power","damage_taken":0,"max_hp_gain":0,"max_hp_loss":0,"event_name":"Falling","floor":36,"gold_loss":0},{"damage_healed":0,"gold_gain":0,"player_choice":"Leave","damage_taken":0,"max_hp_gain":0,"max_hp_loss":0,"event_name":"FaceTrader","floor":38,"gold_loss":0},{"damage_healed":0,"gold_gain":0,"player_choice":"Ignored","damage_taken":0,"max_hp_gain":0,"max_hp_loss":0,"event_name":"Tomb of Lord Red Mask","floor":42,"gold_loss":0},{"damage_healed":0,"gold_gain":0,"player_choice":"Memory 1","damage_taken":0,"max_hp_gain":0,"max_hp_loss":0,"event_name":"SensoryStone","floor":46,"gold_loss":0}],"is_beta":false,"boss_relics":[{"not_picked":["Fusion Hammer","Runic Dome"],"picked":"Pandora\u0027s Box"},{"not_picked":["Lizard Tail","Eternal Feather"],"picked":"FrozenCore"}],"items_purged_floors":[29],"is_endless":false,"potions_floor_spawned":[1,2,6,18,22,35,39,48],"killed_by":"Shield and Spear","ascension_level":6}