{"gold_per_floor":[214,226,238,108,108,108,123,151,151,161,176,176,148,180,180,257,257,273,54,131,131,131,131,7,24,24,41,41,61,61,75,75,149,149,169,130,130,141,58,58,93,93,172,172,203,250,269,297,297,297,297,297,297,165,200,200],"floor_reached":57,"playtime":12011,"items_purged":["Strike_R"],"score":2821,"play_id":"dc5cfaa1-ab88-4000-a378-2b97958d8482","local_time":"20190210182805","is_ascension_mode":true,"campfire_choices":[{"data":"Bash","floor":6.0,"key":"SMITH"},{"floor":12.0,"key":"REST"},{"data":"Armaments","floor":15.0,"key":"SMITH"},{"data":"Dark Embrace","floor":23.0,"key":"SMITH"},{"data":"Feel No Pain","floor":28.0,"key":"SMITH"},{"data":"Feel No Pain","floor":32.0,"key":"SMITH"},{"data":"True Grit","floor":40.0,"key":"SMITH"},{"data":"Clothesline","floor":42.0,"key":"SMITH"},{"floor":49.0,"key":"RECALL"},{"data":"Pommel Strike","floor":53.0,"key":"SMITH"}],"neow_cost":"NONE","seed_source_timestamp":245291330976636,"circlet_count":0,"master_deck":["AscendersBane","Strike_R","Strike_R","Strike_R","Strike_R","Defend_R","Defend_R","Defend_R","Defend_R","Bash+1","Anger","Pommel Strike+1","True Grit+1","Armaments+1","Hemokinesis","Warcry+1","Clothesline+1","Feel No Pain+1","Havoc+1","Battle Trance+1","Dark Embrace+1","Feel No Pain+1","Corruption","Sentinel+1","Shrug It Off+1","Body Slam+1","Ghostly+1","Ghostly+1","Ghostly+1","Offering+1","Double Tap+1","Corruption","Entrench+1","Shockwave+1","Shrug It Off+1","True Grit+1","Flame Barrier+1","Body Slam+1","Flame Barrier+1"],"special_seed":0,"relics":["Burning Blood","Toxic Egg 2","Dodecahedron","Bottled Lightning","Runic Pyramid","DollysMirror","Darkstone Periapt","Pantograph","Runic Dome","Molten Egg 2","Ornamental Fan","Thread and Needle","StoneCalendar","Bag of Marbles","Nunchaku"],"potions_floor_usage":[56,56],"damage_taken":[{"damage":1.0,"enemies":"Cultist","floor":1.0,"turns":3.0},{"damage":7.0,"enemies":"Small Slimes","floor":2.0,"turns":3.0},{"damage":3.0,"enemies":"2 Louse","floor":3.0,"turns":3.0},{"damage":11.0,"enemies":"Large Slime","floor":7.0,"turns":6.0},{"damage":46.0,"enemies":"Lagavulin","floor":8.0,"turns":8.0},{"damage":13.0,"enemies":"3 Louse","floor":10.0,"turns":6.0},{"damage":7.0,"enemies":"Looter","floor":11.0,"turns":4.0},{"damage":15.0,"enemies":"3 Sentries","floor":14.0,"turns":14.0},{"damage":23.0,"enemies":"The Guardian","floor":16.0,"turns":13.0},{"damage":21.0,"enemies":"Chosen","floor":18.0,"turns":6.0},{"damage":11.0,"enemies":"Shell Parasite","floor":25.0,"turns":4.0},{"damage":1.0,"enemies":"Centurion and Healer","floor":27.0,"turns":7.0},{"damage":8.0,"enemies":"Snake Plant","floor":29.0,"turns":6.0},{"damage":3.0,"enemies":"Shelled Parasite and Fungi","floor":31.0,"turns":4.0},{"damage":31.0,"enemies":"Champ","floor":33.0,"turns":11.0},{"damage":2.0,"enemies":"Orb Walker","floor":35.0,"turns":3.0},{"damage":1.0,"enemies":"3 Shapes","floor":38.0,"turns":4.0},{"damage":6.0,"enemies":"Reptomancer","floor":41.0,"turns":4.0},{"damage":6.0,"enemies":"Nemesis","floor":45.0,"turns":3.0},{"damage":1.0,"enemies":"2 Orb Walkers","floor":46.0,"turns":4.0},{"damage":0.0,"enemies":"Spire Growth","floor":47.0,"turns":3.0},{"damage":6.0,"enemies":"Giant Head","floor":48.0,"turns":3.0},{"damage":19.0,"enemies":"Awakened One","floor":50.0,"turns":7.0},{"damage":8.0,"enemies":"Donu and Deca","floor":51.0,"turns":8.0},{"damage":11.0,"enemies":"Shield and Spear","floor":55.0,"turns":5.0},{"damage":20,"enemies":"The Heart","floor":56,"turns":10}],"seed_played":"-8267268912279309095","potions_obtained":[{"floor":2.0,"key":"Block Potion"},{"floor":7.0,"key":"Ancient Potion"},{"floor":10.0,"key":"SkillPotion"},{"floor":14.0,"key":"Ancient Potion"},{"floor":29.0,"key":"Dexterity Potion"},{"floor":31.0,"key":"Block Potion"},{"floor":38.0,"key":"AttackPotion"}],"is_trial":false,"path_per_floor":["M","M","M","$","?","R","M","E","T","M","M","R","$","E","R","B",null,"M","$","T","$","?","R","$","M","T","M","R","M","?","M","R","B",null,"M","$","?","M","$","R","E","R","T","?","E","?","M","E","R","B","B",null,"R","$","E","B",null],"character_chosen":"IRONCLAD","items_purchased":["Armaments","Hemokinesis","Havoc+1","DollysMirror","Corruption","Sentinel+1","Entrench+1","Shrug It Off+1","Weak Potion","Dexterity Potion"],"campfire_rested":1,"item_purchase_floors":[4,4,13,19,24,24,36,39,39,54],"current_hp_per_floor":[73,72,75,75,75,75,70,30,30,23,22,44,44,35,35,18,61,46,46,46,46,46,46,46,41,41,46,46,44,37,37,37,12,31,35,35,35,35,35,35,35,35,35,35,35,35,35,35,35,22,33,35,35,35,30,21],"gold":200,"neow_bonus":"HUNDRED_GOLD","is_prod":false,"is_daily":false,"chose_seed":false,"campfire_upgraded":8,"win_rate":0,"timestamp":1549783685,"path_taken":["M","M","M","$","?","R","M","E","T","?","M","R","$","E","R","BOSS","M","?","?","$","?","R","$","M","T","M","R","M","?","M","R","BOSS","M","$","?","M","$","R","E","R","T","?","E","?","M","E","R","BOSS","BOSS","R","$","E","BOSS"],"build_version":"2019-01-23","purchased_purges":1,"victory":true,"max_hp_per_floor":[75,75,75,75,75,75,75,75,75,75,75,75,75,75,75,75,75,75,75,75,75,75,75,75,75,75,75,75,75,37,37,37,37,37,37,37,35,35,35,35,35,35,35,35,35,35,35,35,35,35,35,35,35,35,35,35],"card_choices":[{"not_picked":["Iron Wave","Bloodletting"],"picked":"Anger","floor":1.0},{"not_picked":["Anger","Burning Pact"],"picked":"Pommel Strike","floor":2.0},{"not_picked":["Evolve","Ghostly Armor"],"picked":"True Grit","floor":3.0},{"not_picked":["Reckless Charge","Dual Wield+1","Cleave"],"picked":"SKIP","floor":7.0},{"not_picked":["Heavy Blade","Blood for Blood"],"picked":"Warcry+1","floor":8.0},{"not_picked":["Ghostly Armor+1","True Grit+1"],"picked":"Clothesline","floor":10.0},{"not_picked":["Havoc+1","Bludgeon"],"picked":"Feel No Pain","floor":11.0},{"not_picked":["Flex+1","Anger"],"picked":"Battle Trance+1","floor":14.0},{"not_picked":["Limit Break+1","Double Tap+1"],"picked":"Dark Embrace","floor":16.0},{"not_picked":["Clash","Iron Wave","Flame Barrier+1"],"picked":"SKIP","floor":18.0},{"not_picked":["Perfected Strike","Spot Weakness+1"],"picked":"Shrug It Off+1","floor":25.0},{"not_picked":["Heavy Blade","Clash","Ghostly Armor+1"],"picked":"SKIP","floor":27.0},{"not_picked":["Headbutt","Shrug It Off+1"],"picked":"Body Slam+1","floor":29.0},{"not_picked":["Pommel Strike","True Grit+1"],"picked":"Offering+1","floor":31.0},{"not_picked":["Limit Break+1","Demon Form"],"picked":"Double Tap+1","floor":33.0},{"not_picked":["Iron Wave","Sever Soul"],"picked":"Corruption","floor":35.0},{"not_picked":["Clash+1","Reckless Charge"],"picked":"Shockwave+1","floor":38.0},{"not_picked":["Blood for Blood+1","Clothesline","Sever Soul"],"picked":"SKIP","floor":41.0},{"not_picked":["Rampage+1","Sword Boomerang+1"],"picked":"True Grit+1","floor":45.0},{"not_picked":["Perfected Strike+1","Thunderclap+1"],"picked":"Flame Barrier+1","floor":46.0},{"not_picked":["Pummel+1","Heavy Blade+1"],"picked":"Body Slam+1","floor":47.0},{"not_picked":["Immolate+1","Sentinel+1","Whirlwind+1"],"picked":"SKIP","floor":48.0},{"not_picked":["Rupture+1","Headbutt+1"],"picked":"Flame Barrier+1","floor":55.0}],"player_experience":740725,"relics_obtained":[{"floor":8.0,"key":"Dodecahedron"},{"floor":14.0,"key":"Bottled Lightning"},{"floor":20.0,"key":"Darkstone Periapt"},{"floor":26.0,"key":"Pantograph"},{"floor":41.0,"key":"Molten Egg 2"},{"floor":43.0,"key":"Ornamental Fan"},{"floor":45.0,"key":"Thread and Needle"},{"floor":46.0,"key":"StoneCalendar"},{"floor":48.0,"key":"Bag of Marbles"},{"floor":55.0,"key":"Nunchaku"}],"event_choices":[{"damage_healed":0.0,"max_hp_gain":0.0,"max_hp_loss":0.0,"gold_gain":0.0,"event_name":"WeMeetAgain","player_choice":"Gave Potion","floor":5.0,"gold_loss":0.0,"damage_taken":0.0,"relics_obtained":["Toxic Egg 2"]},{"damage_healed":0.0,"max_hp_gain":0.0,"max_hp_loss":0.0,"gold_gain":0.0,"event_name":"The Mausoleum","player_choice":"Ignored","floor":22.0,"gold_loss":0.0,"damage_taken":0.0},{"damage_healed":0.0,"max_hp_gain":0.0,"max_hp_loss":38.0,"gold_gain":0.0,"event_name":"Ghosts","player_choice":"Became a Ghost","floor":30.0,"gold_loss":0.0,"damage_taken":0.0,"cards_obtained":["Ghostly","Ghostly","Ghostly"]},{"damage_healed":0.0,"max_hp_gain":0.0,"max_hp_loss":2.0,"gold_gain":0.0,"event_name":"Winding Halls","player_choice":"Max HP","floor":37.0,"gold_loss":0.0,"damage_taken":0.0},{"damage_healed":0.0,"max_hp_gain":0.0,"max_hp_loss":0.0,"gold_gain":0.0,"event_name":"Tomb of Lord Red Mask","player_choice":"Ignored","floor":44.0,"gold_loss":0.0,"damage_taken":0.0},{"damage_healed":0.0,"max_hp_gain":0.0,"max_hp_loss":0.0,"gold_gain":0.0,"event_name":"Mysterious Sphere","player_choice":"Fight","floor":46.0,"gold_loss":0.0,"damage_taken":0.0}],"is_beta":false,"boss_relics":[{"not_picked":["Black Blood","Lizard Tail"],"picked":"Runic Pyramid"},{"not_picked":["Pandora\u0027s Box","Orrery"],"picked":"Runic Dome"}],"items_purged_floors":[54],"is_endless":false,"potions_floor_spawned":[2,7,10,14,29,31,38,41],"ascension_level":20}