{"gold_per_floor":[112,287,305,305,325,356,321,321,403,419,90,106,106,125,125,229,229,245,245,263,14,14],"floor_reached":22,"playtime":3247,"items_purged":["Doubt","Strike_R"],"score":211,"play_id":"6bc07d15-30c3-415d-ba8e-ffd05e2b683e","local_time":"20190227045527","is_ascension_mode":false,"campfire_choices":[{"data":"Body Slam","floor":8,"key":"SMITH"},{"floor":13,"key":"REST"},{"data":"Armaments","floor":15,"key":"SMITH"}],"neow_cost":"CURSE","seed_source_timestamp":0,"circlet_count":0,"master_deck":["Strike_R+1","Strike_R","Strike_R","Defend_R","Defend_R","Defend_R","Defend_R+1","Bash","Injury","Power Through","Body Slam+1","Inflame","Disarm","Iron Wave","Evolve","Flame Barrier","Armaments+1","Iron Wave","Warcry","Demon Form","Flex+1","Iron Wave+1"],"special_seed":0,"relics":["Burning Blood","Blood Vial","Question Card","Membership Card","White Beast Statue","Tiny Chest","FossilizedHelix"],"potions_floor_usage":[6,14,16,22],"damage_taken":[{"damage":8.0,"enemies":"Small Slimes","floor":1.0,"turns":4.0},{"damage":12,"enemies":"Cultist","floor":3,"turns":5},{"damage":7,"enemies":"2 Louse","floor":5,"turns":3},{"damage":47,"enemies":"Lagavulin","floor":6,"turns":9},{"damage":10,"enemies":"2 Fungi Beasts","floor":10,"turns":5},{"damage":5,"enemies":"Exordium Thugs","floor":12,"turns":6},{"damage":13,"enemies":"Large Slime","floor":14,"turns":6},{"damage":18,"enemies":"Hexaghost","floor":16,"turns":13},{"damage":41,"enemies":"Spheric Guardian","floor":18,"turns":6},{"damage":22,"enemies":"Chosen","floor":20,"turns":7},{"damage":18,"enemies":"3 Cultists","floor":22,"turns":4}],"seed_played":"5207409946321501848","potions_obtained":[{"floor":5,"key":"Energy Potion"},{"floor":6,"key":"BloodPotion"},{"floor":12,"key":"Fire Potion"},{"floor":16,"key":"GamblersBrew"},{"floor":18,"key":"LiquidBronze"},{"floor":20,"key":"PowerPotion"}],"is_trial":false,"path_per_floor":["M","?","M","?","M","E","?","R","T","M","$","M","R","M","R","B",null,"M","?","M","$","M"],"character_chosen":"IRONCLAD","items_purchased":["Membership Card","Evolve","Flame Barrier","Armaments","Tiny Chest","FossilizedHelix"],"campfire_rested":1,"item_purchase_floors":[11,11,11,11,21,21],"current_hp_per_floor":[94,94,88,69,68,27,51,51,51,49,49,52,80,75,75,74,96,61,61,47,47,31],"gold":14,"neow_bonus":"TWENTY_PERCENT_HP_BONUS","is_prod":false,"is_daily":false,"chose_seed":false,"campfire_upgraded":2,"win_rate":0,"timestamp":1551261327,"path_taken":["M","?","M","?","M","E","?","R","T","M","$","M","R","M","R","BOSS","M","?","M","?","M"],"build_version":"2019-01-23","purchased_purges":2,"victory":false,"max_hp_per_floor":[96,96,96,96,96,96,96,96,96,96,96,96,96,96,96,96,96,96,96,96,96,96],"card_choices":[{"not_picked":["Warcry","Headbutt"],"picked":"Power Through","floor":1},{"not_picked":["Thunderclap","Battle Trance"],"picked":"Body Slam","floor":3},{"not_picked":["Heavy Blade","Clash"],"picked":"Inflame","floor":5},{"not_picked":["Headbutt","Offering"],"picked":"Disarm","floor":6},{"not_picked":["Dropkick","Heavy Blade","Rampage"],"picked":"Iron Wave","floor":10},{"not_picked":["Dropkick","Anger","Cleave"],"picked":"Iron Wave","floor":12},{"not_picked":["Clash","Pommel Strike","Twin Strike"],"picked":"Warcry","floor":14},{"not_picked":["Feed","Offering","Exhume"],"picked":"Demon Form","floor":16},{"not_picked":["Pommel Strike","Twin Strike","Flame Barrier"],"picked":"Flex+1","floor":18},{"not_picked":["True Grit","Twin Strike","Pommel Strike+1"],"picked":"Iron Wave+1","floor":20}],"player_experience":488415,"relics_obtained":[{"floor":6,"key":"Blood Vial"},{"floor":9,"key":"Question Card"}],"event_choices":[{"damage_healed":0,"gold_gain":175,"player_choice":"AGREE","damage_taken":0,"max_hp_gain":0,"max_hp_loss":0,"event_name":"Liars Game","floor":2,"gold_loss":0,"cards_obtained":["Doubt"]},{"damage_healed":0,"gold_gain":0,"player_choice":"Entered Light","damage_taken":19,"max_hp_gain":0,"max_hp_loss":0,"event_name":"Shining Light","floor":4,"gold_loss":0,"cards_upgraded":["Strike_R","Defend_R"]},{"damage_healed":24,"gold_gain":0,"player_choice":"Healed","damage_taken":0,"max_hp_gain":0,"max_hp_loss":0,"event_name":"The Cleric","floor":7,"gold_loss":35},{"cards_removed":["Strike_R"],"damage_healed":0,"gold_gain":0,"player_choice":"Purged","damage_taken":0,"max_hp_gain":0,"max_hp_loss":0,"event_name":"Purifier","floor":19,"gold_loss":0}],"is_beta":false,"boss_relics":[{"not_picked":["Runic Cube","Pandora\u0027s Box"],"picked":"White Beast Statue"}],"items_purged_floors":[11,21],"is_endless":false,"potions_floor_spawned":[5,6,12,16,18,20],"killed_by":"3 Cultists","ascension_level":0}