{"gold_per_floor":[119,134,25,38,55,55,86,101,128,146,146,146,146,146,146,277,277,302,227,241,241,266,266,284,284,284,29,49,65,85,85,85,205,205,221,237,261,594,594,594,613,629,629,629,655,432,444,444],"floor_reached":48,"playtime":3363,"items_purged":["Strike_G","Night Terror","Parasite"],"score":657,"play_id":"c3e5b079-2ba2-42ce-b262-73508093048c","local_time":"20190105121759","is_ascension_mode":true,"campfire_choices":[{"data":"Terror","floor":6,"key":"SMITH"},{"floor":11,"key":"REST"},{"floor":13,"key":"REST"},{"data":"Tactician","floor":15,"key":"SMITH"},{"data":"After Image","floor":23,"key":"SMITH"},{"floor":25,"key":"REST"},{"floor":32,"key":"REST"},{"data":"Footwork","floor":40,"key":"SMITH"}],"neow_cost":"NONE","seed_source_timestamp":299805918276759,"circlet_count":0,"master_deck":["Survivor","Neutralize","Terror+1","Slice","Caltrops","Blur","Endless Agony","Leg Sweep","Tactician+1","Unload","After Image+1","Flying Knee","Footwork+1","Expertise","Wraith Form v2","Predator","Tools of the Trade","Slice+1","PiercingWail","Cloak And Dagger","Footwork","Reflex","Flying Knee","Dodge and Roll","Backstab","Die Die Die","Leg Sweep+1","Deadly Poison+1","Quick Slash+1","Poisoned Stab+1","Dagger Spray+1","Dodge and Roll+1"],"relics":["Ring of the Snake","Whetstone","Matryoshka","Snake Skull","Pen Nib","Pandora\u0027s Box","Anchor","Mummified Hand","Ornamental Fan","Busted Crown","Letter Opener","Molten Egg 2"],"potions_floor_usage":[5,7,22,30,42,45,45,45],"damage_taken":[{"damage":0,"enemies":"Cultist","floor":1,"turns":4},{"damage":0,"enemies":"2 Louse","floor":2,"turns":3},{"damage":4,"enemies":"Jaw Worm","floor":4,"turns":4},{"damage":0,"enemies":"Looter","floor":5,"turns":4},{"damage":25,"enemies":"3 Sentries","floor":7,"turns":10},{"damage":15,"enemies":"Lots of Slimes","floor":8,"turns":5},{"damage":11,"enemies":"Gremlin Gang","floor":10,"turns":5},{"damage":8,"enemies":"The Guardian","floor":16,"turns":18},{"damage":2,"enemies":"Chosen","floor":18,"turns":5},{"damage":6,"enemies":"3 Byrds","floor":20,"turns":5},{"damage":18,"enemies":"Sentry and Sphere","floor":22,"turns":8},{"damage":26,"enemies":"Shelled Parasite and Fungi","floor":24,"turns":6},{"damage":0,"enemies":"Chosen and Byrds","floor":28,"turns":6},{"damage":0,"enemies":"Snake Plant","floor":29,"turns":6},{"damage":1,"enemies":"3 Cultists","floor":30,"turns":6},{"damage":27,"enemies":"Champ","floor":33,"turns":17},{"damage":0,"enemies":"3 Darklings","floor":35,"turns":5},{"damage":0,"enemies":"3 Shapes","floor":36,"turns":5},{"damage":0,"enemies":"Transient","floor":37,"turns":5},{"damage":0,"enemies":"Writhing Mass","floor":41,"turns":5},{"damage":3,"enemies":"3 Darklings","floor":42,"turns":9},{"damage":16,"enemies":"Reptomancer","floor":45,"turns":8},{"damage":31,"enemies":"Jaw Worm Horde","floor":47,"turns":5},{"damage":7,"enemies":"Transient","floor":48,"turns":2}],"seed_played":"9035893857531590455","potions_obtained":[{"floor":1,"key":"Explosive Potion"},{"floor":4,"key":"Dexterity Potion"},{"floor":10,"key":"SmokeBomb"},{"floor":20,"key":"GamblersBrew"},{"floor":28,"key":"GamblersBrew"},{"floor":29,"key":"Strength Potion"},{"floor":36,"key":"Dexterity Potion"},{"floor":37,"key":"Explosive Potion"},{"floor":42,"key":"AttackPotion"},{"floor":44,"key":"SkillPotion"},{"floor":47,"key":"SmokeBomb"}],"is_trial":false,"path_per_floor":["M","M","$","M","M","R","E","M","T","M","R","?","R","?","R","B",null,"M","?","M","?","M","R","M","R","T","$","M","M","M","?","R","B",null,"M","M","M","?","?","R","M","M","T","?","E","$","M","M"],"character_chosen":"THE_SILENT","items_purchased":["Caltrops","Footwork","Reflex","Poisoned Stab+1","Dagger Spray+1"],"campfire_rested":4,"item_purchase_floors":[3,27,27,46,46],"current_hp_per_floor":[63,63,63,59,59,59,34,19,19,8,29,29,48,65,65,57,63,61,61,55,55,37,37,11,30,30,30,30,30,29,29,48,21,54,54,54,54,54,54,54,54,51,51,51,35,35,4,0],"gold":444,"neow_bonus":"RANDOM_COMMON_RELIC","is_prod":false,"is_daily":false,"chose_seed":false,"campfire_upgraded":4,"win_rate":0,"timestamp":1546687079,"path_taken":["M","M","$","M","M","R","E","M","T","M","R","?","R","?","R","BOSS","M","?","M","?","M","R","M","R","T","$","M","M","?","?","R","BOSS","M","M","?","?","?","R","M","M","T","?","E","$","?","?"],"build_version":"2019-01-03v4","purchased_purges":3,"victory":false,"max_hp_per_floor":[70,70,70,70,70,70,70,70,70,70,70,65,65,65,65,65,65,65,65,65,65,65,65,65,65,65,65,65,65,65,65,65,65,65,65,65,65,65,65,65,65,65,65,65,65,62,62,62],"card_choices":[{"not_picked":["Blur","Prepared"],"picked":"Terror","floor":1},{"not_picked":["Dagger Throw","Masterful Stab"],"picked":"Slice","floor":2},{"not_picked":["Dagger Throw","Poisoned Stab"],"picked":"Blur","floor":4},{"not_picked":["Blur","Dagger Throw"],"picked":"Endless Agony","floor":5},{"not_picked":["Slice","Dodge and Roll","Prepared"],"picked":"SKIP","floor":7},{"not_picked":["Catalyst","Dagger Spray"],"picked":"Leg Sweep","floor":8},{"not_picked":["Terror","Slice"],"picked":"Tactician","floor":10},{"not_picked":["Phantasmal Killer","Corpse Explosion"],"picked":"Unload","floor":16},{"not_picked":["Outmaneuver","Underhanded Strike"],"picked":"Slice+1","floor":18},{"not_picked":["Corpse Explosion","Blur"],"picked":"PiercingWail","floor":20},{"not_picked":["PiercingWail","Catalyst"],"picked":"Cloak And Dagger","floor":22},{"not_picked":["Predator","Outmaneuver","Choke+1"],"picked":"SKIP","floor":24},{"not_picked":["Underhanded Strike","PiercingWail"],"picked":"Flying Knee","floor":28},{"not_picked":["Bane","Slice"],"picked":"Dodge and Roll","floor":29},{"not_picked":["Dagger Throw","Underhanded Strike"],"picked":"Backstab","floor":30},{"not_picked":["Storm of Steel","Unload"],"picked":"Die Die Die","floor":33},{"not_picked":[],"picked":"Leg Sweep+1","floor":35},{"not_picked":["Dagger Throw"],"picked":"SKIP","floor":36},{"not_picked":[],"picked":"Deadly Poison+1","floor":37},{"not_picked":["Dash"],"picked":"SKIP","floor":41},{"not_picked":[],"picked":"Quick Slash+1","floor":42},{"not_picked":["Dagger Throw"],"picked":"SKIP","floor":45},{"not_picked":[],"picked":"Dodge and Roll+1","floor":47}],"player_experience":475860,"relics_obtained":[{"floor":7,"key":"Matryoshka"},{"floor":9,"key":"Snake Skull"},{"floor":9,"key":"Pen Nib"},{"floor":26,"key":"Anchor"},{"floor":26,"key":"Mummified Hand"},{"floor":43,"key":"Letter Opener"},{"floor":45,"key":"Molten Egg 2"}],"event_choices":[{"damage_healed":0,"gold_gain":0,"player_choice":"Lose Max HP","damage_taken":0,"relics_obtained":["Golden Idol"],"max_hp_gain":0,"max_hp_loss":5,"event_name":"Golden Idol","floor":12,"gold_loss":0},{"damage_healed":21,"gold_gain":0,"player_choice":"Banana","damage_taken":0,"max_hp_gain":0,"max_hp_loss":0,"event_name":"Big Fish","floor":14,"gold_loss":0},{"cards_removed":["Phantasmal Killer"],"damage_healed":0,"gold_gain":0,"player_choice":"Gave Gold","damage_taken":0,"max_hp_gain":0,"max_hp_loss":0,"event_name":"Beggar","floor":19,"gold_loss":75},{"damage_healed":0,"gold_gain":0,"player_choice":"Bought 0 Potions","damage_taken":0,"max_hp_gain":0,"max_hp_loss":0,"event_name":"The Woman in Blue","floor":21,"gold_loss":0},{"damage_healed":0,"gold_gain":0,"player_choice":"Gave Potion","damage_taken":0,"relics_obtained":["Ornamental Fan"],"max_hp_gain":0,"max_hp_loss":0,"event_name":"WeMeetAgain","floor":31,"gold_loss":0},{"damage_healed":0,"gold_gain":333,"player_choice":"Gave Idol","damage_taken":0,"max_hp_gain":0,"max_hp_loss":0,"event_name":"The Moai Head","floor":38,"relics_lost":["Golden Idol"],"gold_loss":0},{"damage_healed":0,"gold_gain":0,"player_choice":"Ignored","damage_taken":0,"max_hp_gain":0,"max_hp_loss":0,"event_name":"Tomb of Lord Red Mask","floor":39,"gold_loss":0},{"damage_healed":0,"gold_gain":0,"player_choice":"Got Potions","damage_taken":0,"max_hp_gain":0,"max_hp_loss":0,"event_name":"Lab","floor":44,"gold_loss":0}],"is_beta":false,"boss_relics":[{"not_picked":["Snecko Eye","White Beast Statue"],"picked":"Pandora\u0027s Box"},{"not_picked":["Calling Bell","Astrolabe"],"picked":"Busted Crown"}],"items_purged_floors":[3,27,46],"is_endless":false,"potions_floor_spawned":[1,4,10,20,28,29,36,37,42,47],"killed_by":"Transient","ascension_level":7}