{"gold_per_floor":[117,67,67,80,100,100,127,127,127,138,148,159,159,188,188,283,283,295,310,328,328,16,16,16],"floor_reached":24,"playtime":2366,"items_purged":[],"score":302,"play_id":"83e3ef2b-12d8-49fc-838b-71bd12bd718a","local_time":"20190224222010","is_ascension_mode":true,"campfire_choices":[{"data":"Zap","floor":6,"key":"SMITH"},{"floor":8,"key":"REST"},{"data":"Chaos","floor":13,"key":"SMITH"},{"data":"Recycle","floor":15,"key":"SMITH"},{"floor":23,"key":"REST"}],"neow_cost":"NONE","seed_source_timestamp":1015526668783044,"circlet_count":0,"master_deck":["Strike_B","Defend_B","Defend_B","Defend_B","Defend_B","Zap+1","Dualcast","Leap","Doom and Gloom","Compile Driver","Chaos+1","Glacier","Recycle+1","Rainbow","Echo Form","Blizzard","Defragment"],"relics":["Cracked Core","Calipers","FossilizedHelix","Strawberry","Empty Cage","Question Card"],"potions_floor_usage":[7,16,20,24,24,24,24],"damage_taken":[{"damage":0,"enemies":"Small Slimes","floor":1,"turns":3},{"damage":1,"enemies":"2 Louse","floor":4,"turns":4},{"damage":1,"enemies":"Cultist","floor":5,"turns":3},{"damage":48,"enemies":"Gremlin Nob","floor":7,"turns":5},{"damage":0,"enemies":"Blue Slaver","floor":10,"turns":3},{"damage":0,"enemies":"Exordium Wildlife","floor":11,"turns":2},{"damage":0,"enemies":"Large Slime","floor":12,"turns":6},{"damage":6,"enemies":"Lagavulin","floor":14,"turns":7},{"damage":15,"enemies":"Hexaghost","floor":16,"turns":10},{"damage":0,"enemies":"Chosen","floor":18,"turns":6},{"damage":7,"enemies":"Spheric Guardian","floor":19,"turns":4},{"damage":28,"enemies":"Cultist and Chosen","floor":20,"turns":10},{"damage":57,"enemies":"Book of Stabbing","floor":24,"turns":7}],"seed_played":"-6559481465915143542","potions_obtained":[{"floor":4,"key":"SpeedPotion"},{"floor":10,"key":"LiquidBronze"},{"floor":12,"key":"Ancient Potion"},{"floor":14,"key":"EntropicBrew"},{"floor":19,"key":"Energy Potion"},{"floor":20,"key":"GamblersBrew"}],"is_trial":false,"path_per_floor":["M","?","?","M","M","R","E","R","T","M","M","M","R","E","R","B",null,"M","M","M","?","$","R","E"],"character_chosen":"DEFECT","items_purchased":["Defragment","Question Card"],"campfire_rested":2,"item_purchase_floors":[22,22],"current_hp_per_floor":[68,68,68,67,66,66,18,40,40,40,40,40,40,41,41,26,68,68,61,33,33,33,57,0],"gold":16,"neow_bonus":"THREE_CARDS","is_prod":false,"is_daily":false,"chose_seed":false,"campfire_upgraded":3,"win_rate":0,"timestamp":1551064810,"path_taken":["M","?","?","M","M","R","E","R","T","M","M","M","R","E","R","BOSS","M","M","?","?","$","R","E"],"build_version":"2019-01-23","purchased_purges":0,"victory":false,"max_hp_per_floor":[75,75,75,75,75,75,75,75,75,75,75,75,75,82,82,82,82,82,82,82,82,82,82,82],"card_choices":[{"not_picked":["Force Field","Coolheaded"],"picked":"Leap","floor":0},{"not_picked":["Sweeping Beam","Ball Lightning"],"picked":"Doom and Gloom","floor":1},{"not_picked":["Coolheaded","Chill"],"picked":"Compile Driver","floor":4},{"not_picked":["Rebound","Reprogram","Compile Driver"],"picked":"SKIP","floor":5},{"not_picked":["White Noise","Compile Driver","Barrage"],"picked":"SKIP","floor":7},{"not_picked":["Sunder","Hello World"],"picked":"Chaos","floor":10},{"not_picked":["Turbo","Blizzard"],"picked":"Glacier","floor":11},{"not_picked":["Beam Cell","White Noise"],"picked":"Recycle","floor":12},{"not_picked":["Coolheaded","Hello World"],"picked":"Rainbow","floor":14},{"not_picked":["Rainbow","Core Surge"],"picked":"Echo Form","floor":16},{"not_picked":["Leap","Doom and Gloom","Compile Driver+1"],"picked":"SKIP","floor":18},{"not_picked":["Leap","Aggregate+1","Redo"],"picked":"SKIP","floor":19},{"not_picked":["Aggregate","Coolheaded","Force Field+1"],"picked":"SKIP","floor":20}],"player_experience":613523,"relics_obtained":[{"floor":7,"key":"Calipers"},{"floor":9,"key":"FossilizedHelix"},{"floor":14,"key":"Strawberry"}],"event_choices":[{"cards_removed":["Strike_B"],"damage_healed":0,"gold_gain":0,"player_choice":"Card Removal","damage_taken":0,"max_hp_gain":0,"max_hp_loss":0,"event_name":"The Cleric","floor":2,"gold_loss":50},{"damage_healed":0,"gold_gain":0,"player_choice":"Bought 0 Potions","damage_taken":0,"max_hp_gain":0,"max_hp_loss":0,"event_name":"The Woman in Blue","floor":3,"gold_loss":0},{"damage_healed":0,"gold_gain":0,"player_choice":"Read","damage_taken":0,"max_hp_gain":0,"max_hp_loss":0,"event_name":"The Library","floor":21,"gold_loss":0,"cards_obtained":["Blizzard"]}],"is_beta":false,"boss_relics":[{"not_picked":["Pandora\u0027s Box","Lizard Tail"],"picked":"Empty Cage"}],"items_purged_floors":[],"is_endless":false,"potions_floor_spawned":[4,10,12,14,19,20],"killed_by":"Book of Stabbing","ascension_level":9}