{"gold_per_floor":[119,43,43,43,43,43,73,73,98,98,116,129,148,204,204,306,306,323,238,238,251,264,264],"floor_reached":23,"playtime":619,"items_purged":[],"score":274,"play_id":"188344e7-cc79-42d9-aa2f-a311d91eba70","local_time":"20190302142318","is_ascension_mode":true,"campfire_choices":[{"floor":6,"key":"REST"},{"data":"Hyperbeam","floor":8,"key":"SMITH"},{"data":"Gash","floor":10,"key":"SMITH"},{"floor":15,"key":"REST"}],"neow_cost":"CURSE","seed_source_timestamp":767658083493,"circlet_count":0,"master_deck":["Defend_B+1","Defend_B","Defend_B+1","Zap","Dualcast","Regret","Hyperbeam+1","Gash+1","Streamline","Turbo","Conserve Battery","Sweeping Beam","Go for the Eyes","Rebound","Reinforced Body","Hyperbeam","Coolheaded+1","Darkness+1","Steam Power+1","Melter","Leap+1","Go for the Eyes"],"relics":["Cracked Core","DataDisk","Regal Pillow","Centennial Puzzle","Shovel","Astrolabe","Gremlin Horn"],"potions_floor_usage":[14,14,22],"damage_taken":[{"damage":3,"enemies":"Cultist","floor":1,"turns":3},{"damage":25,"enemies":"3 Sentries","floor":7,"turns":5},{"damage":0,"enemies":"Small Slimes","floor":11,"turns":2},{"damage":2,"enemies":"Jaw Worm","floor":12,"turns":3},{"damage":0,"enemies":"Looter","floor":13,"turns":2},{"damage":36,"enemies":"Lagavulin Event","floor":14,"turns":4},{"damage":49,"enemies":"Slime Boss","floor":16,"turns":9},{"damage":19,"enemies":"Shell Parasite","floor":18,"turns":3},{"damage":17,"enemies":"2 Thieves","floor":21,"turns":2},{"damage":5,"enemies":"Shelled Parasite and Fungi","floor":22,"turns":2},{"damage":26,"enemies":"Book of Stabbing","floor":23,"turns":3}],"seed_played":"-6161270787218978877","potions_obtained":[{"floor":1,"key":"Regen Potion"},{"floor":13,"key":"Fire Potion"},{"floor":14,"key":"FairyPotion"},{"floor":21,"key":"AttackPotion"}],"is_trial":false,"path_per_floor":["M","$","?","?","?","R","E","R","T","R","M","M","M","?","R","B",null,"M","?","?","M","M","E"],"character_chosen":"DEFECT","items_purchased":["Streamline","Turbo"],"campfire_rested":2,"item_purchase_floors":[2,2],"current_hp_per_floor":[65,65,50,47,40,62,37,37,37,37,37,35,35,11,48,7,58,39,39,39,22,17,0],"gold":264,"neow_bonus":"THREE_RARE_CARDS","is_prod":false,"is_daily":false,"chose_seed":false,"campfire_upgraded":2,"win_rate":0,"timestamp":1551532998,"path_taken":["M","$","?","?","?","R","E","R","T","R","M","M","?","?","R","BOSS","M","?","?","?","M","E"],"build_version":"2019-01-23","purchased_purges":0,"victory":false,"max_hp_per_floor":[75,75,75,75,75,75,75,75,75,75,75,75,75,75,75,75,75,75,75,75,75,75,75],"card_choices":[{"not_picked":["Multi-Cast","Core Surge"],"picked":"Hyperbeam","floor":0},{"not_picked":["Streamline","Chaos"],"picked":"Gash","floor":1},{"not_picked":["Cold Snap","Compile Driver"],"picked":"Conserve Battery","floor":7},{"not_picked":["Coolheaded","Scrape"],"picked":"Sweeping Beam","floor":11},{"not_picked":["Consume","Turbo"],"picked":"Go for the Eyes","floor":12},{"not_picked":["Defragment","Coolheaded"],"picked":"Rebound","floor":13},{"not_picked":["Blizzard","Hologram"],"picked":"Reinforced Body","floor":14},{"not_picked":["Seek","Machine Learning"],"picked":"Hyperbeam","floor":16},{"not_picked":["Beam Cell+1","FTL+1"],"picked":"Melter","floor":18},{"not_picked":["Conserve Battery","Compile Driver"],"picked":"Leap+1","floor":21},{"not_picked":["Reprogram","Blizzard+1"],"picked":"Go for the Eyes","floor":22}],"player_experience":818527,"relics_obtained":[{"floor":7,"key":"Regal Pillow"},{"floor":9,"key":"Centennial Puzzle"},{"floor":14,"key":"Shovel"}],"event_choices":[{"damage_healed":0,"gold_gain":0,"player_choice":"Entered Light","damage_taken":15,"max_hp_gain":0,"max_hp_loss":0,"event_name":"Shining Light","floor":3,"gold_loss":0,"cards_upgraded":["Defend_B","Defend_B"]},{"damage_healed":0,"gold_gain":0,"player_choice":"Success","damage_taken":3,"relics_obtained":["DataDisk"],"max_hp_gain":0,"max_hp_loss":0,"event_name":"Scrap Ooze","floor":4,"gold_loss":0},{"cards_removed":["Strike_B"],"damage_healed":0,"gold_gain":0,"player_choice":"Card Removal","damage_taken":7,"max_hp_gain":0,"max_hp_loss":0,"event_name":"Golden Wing","floor":5,"gold_loss":0},{"damage_healed":0,"gold_gain":30,"player_choice":"Searched \u00272\u0027 times","damage_taken":0,"max_hp_gain":0,"max_hp_loss":0,"event_name":"Dead Adventurer","floor":14,"gold_loss":0},{"damage_healed":0,"gold_gain":0,"player_choice":"Obtained Relic","damage_taken":0,"relics_obtained":["Gremlin Horn"],"max_hp_gain":0,"max_hp_loss":0,"event_name":"Addict","floor":19,"gold_loss":85},{"cards_removed":["Defend_B"],"damage_healed":0,"gold_gain":0,"player_choice":"Purged","damage_taken":0,"max_hp_gain":0,"max_hp_loss":0,"event_name":"Purifier","floor":20,"gold_loss":0}],"is_beta":false,"boss_relics":[{"not_picked":["Runic Dome","Empty Cage"],"picked":"Astrolabe"}],"items_purged_floors":[],"is_endless":false,"potions_floor_spawned":[1,13,14,21],"killed_by":"Book of Stabbing","ascension_level":9}