{"gold_per_floor":[119,119,119,142,163,163,177,195,195,67,67,32,58,76,76,206,206,222,145,65,15,30,30],"floor_reached":23,"playtime":1076,"items_purged":["Dualcast"],"score":181,"play_id":"500204ae-eceb-453f-9cb9-7d16b5aa5e27","local_time":"20180727160827","is_ascension_mode":false,"campfire_choices":[{"data":"Zap","floor":6,"key":"SMITH"},{"floor":11,"key":"REST"},{"floor":15,"key":"REST"}],"neow_cost":"","seed_source_timestamp":1205076050511489,"circlet_count":0,"master_deck":["Strike_B","Strike_B","Strike_B","Strike_B","Defend_B","Defend_B","Defend_B","Defend_B","Zap+1","Sweeping Beam","Redo","Streamline","Redo","Stack","Beam Cell","Melter","Coolheaded","Double Energy","Rainbow","Cold Snap+1","J.A.X.","Static Discharge","Barrage"],"relics":["Cracked Core","Golden Idol","Bird Faced Urn","Odd Mushroom","Inserter"],"potions_floor_usage":[],"damage_taken":[{"damage":2,"enemies":"Small Slimes","floor":1,"turns":3},{"damage":5,"enemies":"Cultist","floor":4,"turns":4},{"damage":0,"enemies":"2 Louse","floor":5,"turns":3},{"damage":9,"enemies":"Blue Slaver","floor":7,"turns":4},{"damage":6,"enemies":"3 Louse","floor":8,"turns":5},{"damage":24,"floor":13,"turns":5},{"damage":3,"enemies":"Looter","floor":14,"turns":3},{"damage":28,"enemies":"Slime Boss","floor":16,"turns":11},{"damage":26,"enemies":"Shell Parasite","floor":18,"turns":4},{"damage":16,"enemies":"Spheric Guardian","floor":22,"turns":4},{"damage":43,"enemies":"3 Cultists","floor":23,"turns":4}],"seed_played":"-9156650431766752240","potions_obtained":[{"floor":8,"key":"Fruit Juice"},{"floor":14,"key":"FocusPotion"},{"floor":16,"key":"Weak Potion"}],"is_trial":false,"path_per_floor":["M","?","?","M","M","R","M","M","T","$","R","$","?","M","R","B",null,"M","?","$","?","M"],"character_chosen":"DEFECT","items_purchased":["Beam Cell","Melter","Static Discharge"],"campfire_rested":2,"item_purchase_floors":[10,12,20],"current_hp_per_floor":[73,73,55,50,50,50,41,35,35,35,57,57,33,30,52,24,75,49,49,49,49,35,0],"gold":30,"neow_bonus":"","is_prod":false,"is_daily":false,"chose_seed":false,"campfire_upgraded":1,"win_rate":0.0,"timestamp":1532700507,"path_taken":["M","?","?","M","M","R","M","M","T","$","R","$","?","M","R","BOSS","M","?","$","?","?","M"],"build_version":"2018-07-26","purchased_purges":1,"victory":false,"max_hp_per_floor":[75,75,75,75,75,75,75,75,75,75,75,75,75,75,75,75,75,75,75,75,75,75,75],"card_choices":[{"not_picked":["Leap","Hologram"],"picked":"Sweeping Beam","floor":1},{"not_picked":["Hologram","Scrape"],"picked":"Redo","floor":4},{"not_picked":["White Noise","Hello World"],"picked":"Streamline","floor":5},{"not_picked":["Coolheaded","Streamline"],"picked":"Redo","floor":7},{"not_picked":["Consume","Darkness"],"picked":"Stack","floor":8},{"not_picked":["Steam","Rainbow"],"picked":"Coolheaded","floor":13},{"not_picked":["Compile Driver","Sweeping Beam"],"picked":"Double Energy","floor":14},{"not_picked":["Thunder Strike","Fission"],"picked":"Rainbow","floor":16},{"not_picked":["Chill+1","Streamline"],"picked":"Cold Snap+1","floor":18},{"not_picked":["Gash+1","Lockon+1"],"picked":"Barrage","floor":22}],"player_experience":55306,"relics_obtained":[{"floor":9,"key":"Bird Faced Urn"},{"floor":13,"key":"Odd Mushroom"}],"event_choices":[{"event_name":"Golden Wing","player_choice":"Ignored","floor":2,"damage_taken":0},{"event_name":"Golden Idol","player_choice":"Take Damage","floor":3,"damage_taken":0},{"event_name":"Mushrooms","player_choice":"Fought Mushrooms","floor":13,"damage_taken":0},{"event_name":"Drug Dealer","player_choice":"Got JAXXED","floor":19,"damage_taken":0},{"event_name":"The Joust","player_choice":"Bet on Owner","floor":21,"damage_taken":0}],"is_beta":false,"boss_relics":[{"not_picked":["Fusion Hammer","White Beast Statue"],"picked":"Inserter"}],"items_purged_floors":[10],"is_endless":false,"potions_floor_spawned":[8,14,16],"killed_by":"3 Cultists","ascension_level":0}