{"gold_per_floor":[109,126,51,51,63,63,95,95,95,105,105,105,121,137,137,240,240,253,37,50,3,16,16,16,16,16,116,135,135,146,157,457,554,554,569,581,581,591,321,321,171,188,212,12,12,0,0,0,0,0],"floor_reached":51,"playtime":2174,"items_purged":["Strike_B","Strike_B","Strike_B","Writhe","Defend_B"],"score":859,"play_id":"2a525cbc-6897-46d7-83e8-ec414d27de11","local_time":"20190217104949","is_ascension_mode":true,"campfire_choices":[{"floor":6.0,"key":"DIG"},{"floor":12.0,"key":"REST"},{"floor":15.0,"key":"DIG"},{"floor":23.0,"key":"REST"},{"floor":25,"key":"REST"},{"data":"Creative AI","floor":29,"key":"SMITH"},{"floor":32,"key":"DIG"},{"data":"Echo Form","floor":40,"key":"SMITH"},{"floor":49,"key":"DIG"}],"neow_cost":"NONE","seed_source_timestamp":0,"circlet_count":0,"master_deck":["Defend_B+1","Defend_B+1","Defend_B+1","Zap+1","Dualcast+1","Cold Snap+1","Chill+1","Steam+1","Darkness+1","Electrodynamics+1","Leap+1","Steam+1","Creative AI+1","Conserve Battery+1","Loop+1","FTL+1","Compile Driver+1","Conserve Battery+1","Glacier+1","Coolheaded+1","Self Repair+1","Echo Form+1","Skim+1","Coolheaded+1","Metamorphosis+1","Capacitor+1","Sweeping Beam+1","Parasite","Turbo+1"],"special_seed":0,"relics":["Cracked Core","NeowsBlessing","Shovel","Mummified Hand","Blue Candle","NlothsMask","Cables","Cursed Key","Potion Belt","Old Coin","Eternal Feather","War Paint","Regal Pillow","Red Mask","Mark of the Bloom","Orichalcum"],"potions_floor_usage":[31,31,36,38],"damage_taken":[{"damage":0.0,"enemies":"Cultist","floor":1.0,"turns":1.0},{"damage":0.0,"enemies":"Small Slimes","floor":2.0,"turns":1.0},{"damage":0.0,"enemies":"Jaw Worm","floor":5.0,"turns":1.0},{"damage":27.0,"enemies":"Gremlin Nob","floor":7.0,"turns":4.0},{"damage":3.0,"enemies":"Lots of Slimes","floor":10.0,"turns":5.0},{"damage":3.0,"enemies":"Blue Slaver","floor":13.0,"turns":4.0},{"damage":0.0,"enemies":"3 Louse","floor":14.0,"turns":3.0},{"damage":30.0,"enemies":"The Guardian","floor":16.0,"turns":10.0},{"damage":17.0,"enemies":"Chosen","floor":18.0,"turns":5.0},{"damage":15.0,"enemies":"Spheric Guardian","floor":20.0,"turns":4.0},{"damage":11.0,"enemies":"Centurion and Healer","floor":22.0,"turns":7.0},{"damage":9.0,"enemies":"Colosseum Slavers","floor":24.0,"turns":6.0},{"damage":2,"enemies":"3 Cultists","floor":28,"turns":6},{"damage":1,"enemies":"Shelled Parasite and Fungi","floor":30,"turns":8},{"damage":14,"enemies":"Centurion and Healer","floor":31,"turns":8},{"damage":65,"enemies":"Champ","floor":33,"turns":18},{"damage":9,"enemies":"Orb Walker","floor":35,"turns":4},{"damage":0,"enemies":"3 Shapes","floor":36,"turns":3},{"damage":14,"enemies":"Sphere and 2 Shapes","floor":38,"turns":9},{"damage":12,"enemies":"3 Darklings","floor":42,"turns":6},{"damage":43,"enemies":"Awakened One","floor":50,"turns":14}],"seed_played":"3550141476810609325","potions_obtained":[{"floor":2.0,"key":"SteroidPotion"},{"floor":5.0,"key":"Explosive Potion"},{"floor":7.0,"key":"SpeedPotion"},{"floor":13.0,"key":"Weak Potion"},{"floor":16.0,"key":"FairyPotion"},{"floor":20.0,"key":"Regen Potion"},{"floor":22.0,"key":"EssenceOfSteel"},{"floor":30,"key":"FearPotion"},{"floor":33,"key":"Energy Potion"},{"floor":36,"key":"AttackPotion"},{"floor":38,"key":"Block Potion"},{"floor":42,"key":"Poison Potion"}],"is_trial":false,"path_per_floor":["M","M","$","?","M","R","E","?","T","M","?","R","M","M","R","B",null,"M","$","M","$","M","R","?","R","T","?","M","R","M","M","R","B",null,"M","M","?","M","$","R","$","M","T","$","?","?","?","?","R","B",null],"character_chosen":"DEFECT","items_purchased":["Loop","FTL","Conserve Battery","War Paint","Turbo"],"campfire_rested":3,"item_purchase_floors":[19,19,21,39,44],"current_hp_per_floor":[68,68,68,50,50,50,23,23,23,20,20,42,39,39,39,9,59,42,42,27,27,16,38,29,51,51,51,49,49,48,56,56,14,60,58,65,65,58,58,73,73,68,68,68,68,68,68,68,68,25],"gold":0,"neow_bonus":"THREE_ENEMY_KILL","is_prod":false,"is_daily":false,"chose_seed":false,"campfire_upgraded":2,"win_rate":0,"timestamp":1550396989,"path_taken":["M","M","$","?","M","R","E","?","T","?","?","R","M","M","R","BOSS","M","$","?","$","M","R","?","R","T","?","M","R","M","?","R","BOSS","M","M","?","M","$","R","$","M","T","$","?","?","?","?","R","BOSS"],"build_version":"2019-01-23","purchased_purges":5,"victory":true,"max_hp_per_floor":[75,75,75,75,75,75,75,75,75,75,75,75,75,75,75,75,75,75,75,75,75,75,75,75,75,75,75,75,75,75,75,75,75,75,75,75,75,75,75,75,75,75,75,75,75,75,71,71,71,71],"card_choices":[{"not_picked":["Force Field","Compile Driver"],"picked":"Cold Snap","floor":1.0},{"not_picked":["Leap","Cold Snap"],"picked":"Chill","floor":2.0},{"not_picked":["Sunder","Go for the Eyes"],"picked":"Steam","floor":5.0},{"not_picked":["Rebound","Skim"],"picked":"Darkness","floor":7.0},{"not_picked":["Go for the Eyes","Coolheaded"],"picked":"Electrodynamics","floor":10.0},{"not_picked":["Stack","Lockon"],"picked":"Leap","floor":13.0},{"not_picked":["Barrage","Sunder"],"picked":"Steam","floor":14.0},{"not_picked":["Core Surge","Amplify"],"picked":"Creative AI","floor":16.0},{"not_picked":["Go for the Eyes","Leap"],"picked":"Conserve Battery","floor":18.0},{"not_picked":["Electrodynamics","Steam"],"picked":"Compile Driver","floor":20.0},{"not_picked":["Redo","Chaos+1"],"picked":"Glacier","floor":22.0},{"not_picked":["Rebound","White Noise"],"picked":"Coolheaded","floor":28},{"not_picked":["Hologram","Conserve Battery+1"],"picked":"Self Repair","floor":30},{"not_picked":["Rebound","Stack","Chaos"],"picked":"SKIP","floor":31},{"not_picked":["Creative AI","Reboot"],"picked":"Echo Form","floor":33},{"not_picked":["Capacitor","Gash"],"picked":"Skim","floor":35},{"not_picked":["Blizzard+1","Consume"],"picked":"Coolheaded","floor":36},{"not_picked":["Good Instincts","Trip"],"picked":"Metamorphosis","floor":37},{"not_picked":["Steam Power","Double Energy"],"picked":"Capacitor","floor":38},{"not_picked":["Conserve Battery","Tempest+1"],"picked":"Sweeping Beam","floor":42}],"player_experience":666119,"relics_obtained":[{"floor":6.0,"key":"Mummified Hand"},{"floor":7.0,"key":"Blue Candle"},{"floor":15.0,"key":"Cables"},{"floor":26,"key":"Potion Belt"},{"floor":32,"key":"Old Coin"},{"floor":43,"key":"Regal Pillow"},{"floor":49,"key":"Orichalcum"}],"event_choices":[{"damage_healed":0.0,"max_hp_gain":0.0,"max_hp_loss":0.0,"gold_gain":0.0,"event_name":"Scrap Ooze","player_choice":"Success","floor":4.0,"gold_loss":0.0,"damage_taken":18.0,"relics_obtained":["Shovel"]},{"damage_healed":0.0,"max_hp_gain":0.0,"max_hp_loss":0.0,"gold_gain":0.0,"event_name":"FaceTrader","player_choice":"Trade","floor":8.0,"gold_loss":0.0,"damage_taken":0.0,"relics_obtained":["NlothsMask"]},{"damage_healed":0.0,"max_hp_gain":0.0,"max_hp_loss":0.0,"gold_gain":0.0,"event_name":"Accursed Blacksmith","player_choice":"Forge","floor":11.0,"gold_loss":0.0,"damage_taken":0.0,"cards_upgraded":["Darkness"]},{"damage_healed":0.0,"max_hp_gain":0.0,"max_hp_loss":0.0,"gold_gain":0.0,"event_name":"Colosseum","player_choice":"Fight","floor":24.0,"gold_loss":0.0,"damage_taken":0.0},{"damage_healed":0.0,"max_hp_gain":0.0,"max_hp_loss":0.0,"gold_gain":0.0,"event_name":"Colosseum","player_choice":"Fled From Nobs","floor":24.0,"gold_loss":0.0,"damage_taken":0.0},{"damage_healed":0,"gold_gain":100,"player_choice":"Pray","damage_taken":0,"max_hp_gain":0,"max_hp_loss":0,"event_name":"Golden Shrine","floor":27,"gold_loss":0},{"damage_healed":0,"gold_gain":0,"player_choice":"Memory 1","damage_taken":0,"max_hp_gain":0,"max_hp_loss":0,"event_name":"SensoryStone","floor":37,"gold_loss":0},{"cards_removed":["Strike_B"],"damage_healed":0,"gold_gain":0,"player_choice":"Removed Attack","damage_taken":0,"max_hp_gain":0,"max_hp_loss":0,"event_name":"Falling","floor":45,"gold_loss":0},{"damage_healed":0,"gold_gain":0,"player_choice":"Paid","damage_taken":0,"relics_obtained":["Red Mask"],"max_hp_gain":0,"max_hp_loss":0,"event_name":"Tomb of Lord Red Mask","floor":46,"gold_loss":12},{"damage_healed":0,"gold_gain":0,"player_choice":"Max HP","damage_taken":0,"max_hp_gain":0,"max_hp_loss":4,"event_name":"Winding Halls","floor":47,"gold_loss":0},{"damage_healed":0,"gold_gain":0,"player_choice":"Upgrade","damage_taken":0,"relics_obtained":["Mark of the Bloom"],"max_hp_gain":0,"max_hp_loss":0,"event_name":"MindBloom","floor":48,"gold_loss":0,"cards_upgraded":["Defend_B","Defend_B","Defend_B","Zap","Dualcast","Cold Snap","Chill","Steam","Electrodynamics","Leap","Conserve Battery","Loop","FTL","Compile Driver","Conserve Battery","Glacier","Coolheaded","Self Repair","Coolheaded","Metamorphosis","Capacitor","Sweeping Beam","Turbo"]}],"is_beta":false,"boss_relics":[{"not_picked":["Runic Dome","Inserter"],"picked":"Cursed Key"},{"not_picked":["Lizard Tail","Tiny House"],"picked":"Eternal Feather"}],"items_purged_floors":[3,19,39,41,44],"is_endless":false,"potions_floor_spawned":[2,5,7,13,16,20,22,30,33,36,38,42],"ascension_level":6}