{"gold_per_floor":[20,20,40,40,56,56,76,76,130,140,15,35,46,58,58,159,159,159,159,159,159,159,159,58,58,58,58,58,58,58,58,58,58,58,58,58,58,58,58,58,58,58,58,58,58,58,58,58,58,58],"floor_reached":51,"playtime":9514,"items_purged":["Strike_R"],"score":702,"play_id":"1bcaf30a-6842-4924-8243-b5b042a4e3d9","local_time":"20181003193706","is_ascension_mode":false,"campfire_choices":[{"data":"Feed","floor":6,"key":"SMITH"},{"data":"Pommel Strike","floor":8,"key":"SMITH"},{"data":"Armaments","floor":15,"key":"SMITH"},{"data":"Discovery","floor":25,"key":"SMITH"},{"floor":32,"key":"REST"},{"data":"Demon Form","floor":42,"key":"SMITH"},{"data":"Heavy Blade","floor":46,"key":"SMITH"},{"data":"Inflame","floor":49,"key":"SMITH"}],"neow_cost":"NO_GOLD","seed_source_timestamp":6463539023076,"circlet_count":0,"master_deck":["Strike_R","Strike_R","Strike_R","Defend_R","Defend_R","Defend_R","Defend_R","Bash","Feed+1","Shrug It Off","Uppercut","Pommel Strike+1","Warcry","Armaments+1","Inflame+1","Demon Form+1","True Grit","True Grit+1","Ghostly Armor+1","Discovery+1","Reaper","Reaper","Heavy Blade+1"],"relics":["Burning Blood","PreservedInsect","Strawberry","Ectoplasm","Oddly Smooth Stone","Sozu","Bag of Preparation","Bottled Lightning"],"potions_floor_usage":[22,33,35,45],"damage_taken":[{"damage":10,"enemies":"Cultist","floor":1,"turns":5},{"damage":0,"enemies":"Small Slimes","floor":3,"turns":5},{"damage":7,"enemies":"2 Louse","floor":5,"turns":2},{"damage":8,"enemies":"2 Fungi Beasts","floor":7,"turns":4},{"damage":4,"enemies":"Large Slime","floor":10,"turns":7},{"damage":4,"enemies":"Looter","floor":12,"turns":5},{"damage":6,"enemies":"Lots of Slimes","floor":13,"turns":4},{"damage":0,"enemies":"2 Fungi Beasts","floor":14,"turns":3},{"damage":73,"enemies":"Hexaghost","floor":16,"turns":11},{"damage":0,"enemies":"Shell Parasite","floor":18,"turns":6},{"damage":10,"enemies":"Spheric Guardian","floor":20,"turns":7},{"damage":12,"enemies":"Cultist and Chosen","floor":21,"turns":7},{"damage":5,"enemies":"Centurion and Healer","floor":22,"turns":10},{"damage":4,"enemies":"Snake Plant","floor":28,"turns":9},{"damage":15,"enemies":"3 Cultists","floor":30,"turns":8},{"damage":7,"enemies":"Chosen and Byrds","floor":31,"turns":8},{"damage":116,"enemies":"Collector","floor":33,"turns":12},{"damage":26,"enemies":"3 Darklings","floor":35,"turns":15},{"damage":16,"enemies":"Orb Walker","floor":37,"turns":5},{"damage":22,"enemies":"3 Darklings","floor":39,"turns":10},{"damage":33,"enemies":"Giant Head","floor":40,"turns":8},{"damage":22,"enemies":"Reptomancer","floor":45,"turns":3},{"damage":50,"enemies":"4 Shapes","floor":47,"turns":7},{"damage":21,"enemies":"3 Darklings","floor":48,"turns":14},{"damage":165,"enemies":"Awakened One","floor":50,"turns":14}],"seed_played":"-5961168629317760053","potions_obtained":[{"floor":1,"key":"SneckoOil"},{"floor":7,"key":"AttackPotion"},{"floor":12,"key":"Energy Potion"},{"floor":14,"key":"Explosive Potion"},{"floor":16,"key":"Block Potion"},{"floor":20,"key":"Ancient Potion"},{"floor":31,"key":"Swift Potion"}],"is_trial":false,"path_per_floor":["M","$","M","?","M","R","M","R","T","M","$","M","M","M","R","B",null,"M","$","M","M","M","?","$","R","T","?","M","?","M","M","R","B",null,"M","?","M","?","M","E","?","R","T","$","M","R","M","M","R","B"],"character_chosen":"IRONCLAD","items_purchased":["Armaments","Discovery"],"campfire_rested":1,"item_purchase_floors":[11,24],"current_hp_per_floor":[79,79,86,86,88,88,90,90,97,103,103,108,112,116,116,49,116,120,120,120,118,119,119,119,119,119,92,98,98,93,92,134,24,141,121,121,111,111,141,114,114,114,114,114,102,102,76,136,136,17],"gold":58,"neow_bonus":"THREE_RARE_CARDS","is_prod":false,"is_daily":false,"chose_seed":false,"campfire_upgraded":7,"win_rate":0,"timestamp":1538588226,"path_taken":["M","?","M","?","M","R","M","R","T","?","?","M","M","M","R","BOSS","M","$","M","M","M","?","$","R","T","?","M","?","M","M","R","BOSS","M","?","M","?","?","E","?","R","T","?","M","R","M","M","R","BOSS"],"build_version":"2018-09-20","purchased_purges":1,"victory":true,"max_hp_per_floor":[83,83,86,86,89,89,93,93,100,104,104,108,112,116,116,116,116,120,120,124,128,128,128,128,128,128,133,137,137,141,141,141,141,141,141,141,141,141,141,141,141,141,141,141,145,145,145,145,145,149],"card_choices":[{"not_picked":["Bludgeon","Demon Form"],"picked":"Feed","floor":0},{"not_picked":["Seeing Red","Heavy Blade"],"picked":"Shrug It Off","floor":1},{"not_picked":["Clash","Feel No Pain"],"picked":"Uppercut","floor":3},{"not_picked":["Clash","Bloodletting","Twin Strike"],"picked":"SKIP","floor":5},{"not_picked":["Sever Soul","Shockwave"],"picked":"Pommel Strike","floor":7},{"not_picked":["Intimidate","Feel No Pain"],"picked":"Warcry","floor":10},{"not_picked":["Offering","Warcry"],"picked":"Inflame","floor":12},{"not_picked":["Clash","Sword Boomerang","Pommel Strike"],"picked":"SKIP","floor":13},{"not_picked":["Sword Boomerang","Havoc","Twin Strike"],"picked":"SKIP","floor":14},{"not_picked":["Bludgeon","Offering"],"picked":"Demon Form","floor":16},{"not_picked":["Havoc","Hemokinesis"],"picked":"True Grit","floor":18},{"not_picked":["Uppercut","Fire Breathing+1","Warcry"],"picked":"SKIP","floor":20},{"not_picked":["Dual Wield","Disarm"],"picked":"True Grit","floor":21},{"not_picked":["Flex","Searing Blow"],"picked":"Ghostly Armor+1","floor":22},{"not_picked":["Entrench","Blood for Blood+1","Perfected Strike"],"picked":"SKIP","floor":28},{"not_picked":["Warcry","Infernal Blade","Exhume"],"picked":"SKIP","floor":30},{"not_picked":["Rupture","Pommel Strike","Anger"],"picked":"SKIP","floor":31},{"not_picked":["Juggernaut","Brutality"],"picked":"Reaper","floor":33},{"not_picked":["Bloodletting+1","Blood for Blood","Carnage+1"],"picked":"SKIP","floor":35},{"not_picked":["Thunderclap+1","Power Through","Wild Strike"],"picked":"SKIP","floor":37},{"not_picked":["Havoc","Warcry+1"],"picked":"Heavy Blade","floor":39},{"not_picked":["Bludgeon","Wild Strike","Sword Boomerang+1"],"picked":"SKIP","floor":40},{"not_picked":["Infernal Blade","Searing Blow","Pommel Strike"],"picked":"SKIP","floor":45},{"not_picked":["Flex","Thunderclap+1","True Grit+1"],"picked":"SKIP","floor":47},{"not_picked":["Rupture+1","Body Slam+1","Sword Boomerang"],"picked":"SKIP","floor":48}],"player_experience":54642,"relics_obtained":[{"floor":9,"key":"Strawberry"},{"floor":26,"key":"Oddly Smooth Stone"},{"floor":40,"key":"Bag of Preparation"},{"floor":43,"key":"Bottled Lightning"}],"event_choices":[{"event_name":"WeMeetAgain","player_choice":"Potion","floor":4,"damage_taken":0},{"event_name":"Nest","player_choice":"Stole From Cult","floor":23,"damage_taken":0},{"event_name":"Forgotten Altar","player_choice":"Shed Blood","floor":27,"damage_taken":0},{"event_name":"The Woman in Blue","player_choice":"Bought 0 Potions","floor":29,"damage_taken":0},{"event_name":"Upgrade Shrine","player_choice":"Upgraded","floor":36,"damage_taken":0},{"event_name":"Duplicator","player_choice":"One dupe","floor":38,"damage_taken":0},{"event_name":"Falling","player_choice":"Removed Attack","floor":41,"damage_taken":0}],"is_beta":false,"boss_relics":[{"not_picked":["Snecko Eye","Runic Pyramid"],"picked":"Ectoplasm"},{"not_picked":["Calling Bell","Fusion Hammer"],"picked":"Sozu"}],"items_purged_floors":[11],"is_endless":false,"potions_floor_spawned":[1,7,12,14,16,20,21,31,40,47],"ascension_level":0}