{"gold_per_floor":[112,56,70,82,97,127,138,138,162,7,7,82,112,23,23,121,121,131,144,157,157,157],"floor_reached":22,"playtime":2677,"items_purged":["Strike_G"],"score":206,"play_id":"e5c08c49-5cb1-49b8-844b-397ef9768c91","local_time":"20190225045746","is_ascension_mode":true,"campfire_choices":[{"floor":8,"key":"REST"},{"floor":11,"key":"REST"},{"floor":15,"key":"REST"}],"neow_cost":"NONE","seed_source_timestamp":27147798396474,"circlet_count":0,"master_deck":["Defend_G","Defend_G","Defend_G","Defend_G","Defend_G","Strike_G","Strike_G","Strike_G","Strike_G","Survivor","Neutralize","Backflip","Backflip","Deadly Poison","Dagger Spray","Poisoned Stab","Noxious Fumes","Catalyst","PiercingWail","Bouncing Flask","After Image","Caltrops","Deflect+1","Catalyst"],"relics":["Ring of the Snake","Tough Bandages","Vajra","Regal Pillow","Happy Flower","Runic Pyramid"],"potions_floor_usage":[6,16,20,20,22],"damage_taken":[{"damage":5,"enemies":"Jaw Worm","floor":1,"turns":5},{"damage":7,"enemies":"Cultist","floor":3,"turns":5},{"damage":0,"enemies":"2 Louse","floor":4,"turns":3},{"damage":2,"enemies":"Large Slime","floor":5,"turns":8},{"damage":34,"enemies":"Lagavulin","floor":6,"turns":9},{"damage":5,"enemies":"2 Fungi Beasts","floor":7,"turns":3},{"damage":28,"enemies":"Gremlin Nob","floor":13,"turns":4},{"damage":3,"enemies":"Slime Boss","floor":16,"turns":9},{"damage":18,"enemies":"3 Byrds","floor":18,"turns":7},{"damage":0,"enemies":"Chosen","floor":19,"turns":3},{"damage":20,"enemies":"Shelled Parasite and Fungi","floor":20,"turns":5},{"damage":13,"enemies":"Colosseum Slavers","floor":22,"turns":2}],"seed_played":"-4256561092567285099","potions_obtained":[{"floor":5,"key":"Block Potion"},{"floor":6,"key":"PowerPotion"},{"floor":7,"key":"Strength Potion"},{"floor":16,"key":"Regen Potion"}],"is_trial":false,"path_per_floor":["M","?","M","M","M","E","M","R","T","$","R","?","E","$","R","B",null,"M","M","M","?","?"],"character_chosen":"THE_SILENT","items_purchased":["Catalyst","Bouncing Flask","Block Potion"],"campfire_rested":3,"item_purchase_floors":[10,14,14],"current_hp_per_floor":[72,72,65,65,63,29,24,47,47,47,77,66,38,38,76,73,77,59,59,54,40,27],"gold":157,"neow_bonus":"TEN_PERCENT_HP_BONUS","is_prod":false,"is_daily":false,"chose_seed":false,"campfire_upgraded":0,"win_rate":0,"timestamp":1551088666,"path_taken":["M","?","M","M","M","E","M","R","T","?","R","?","E","$","R","BOSS","M","M","M","?","?"],"build_version":"2019-01-23","purchased_purges":1,"victory":false,"max_hp_per_floor":[77,77,77,77,77,77,77,77,77,77,77,77,77,77,77,77,77,77,77,77,82,82],"card_choices":[{"not_picked":["Bane","Backstab"],"picked":"Backflip","floor":1},{"not_picked":["Finisher","Bane"],"picked":"Backflip","floor":3},{"not_picked":["Prepared","Expertise"],"picked":"Deadly Poison","floor":4},{"not_picked":["Well Laid Plans","Flying Knee"],"picked":"Dagger Spray","floor":5},{"not_picked":["Dodge and Roll","Sucker Punch"],"picked":"Poisoned Stab","floor":6},{"not_picked":["Backflip","Crippling Poison"],"picked":"Noxious Fumes","floor":7},{"not_picked":["Escape Plan","Acrobatics"],"picked":"PiercingWail","floor":13},{"not_picked":["Venomology","Phantasmal Killer"],"picked":"After Image","floor":16},{"not_picked":["Expertise","Backstab"],"picked":"Caltrops","floor":18},{"not_picked":["Sucker Punch","All Out Attack"],"picked":"Deflect+1","floor":19},{"not_picked":["Tactician","PiercingWail"],"picked":"Catalyst","floor":20}],"player_experience":456572,"relics_obtained":[{"floor":6,"key":"Vajra"},{"floor":9,"key":"Regal Pillow"},{"floor":13,"key":"Happy Flower"}],"event_choices":[{"damage_healed":0,"gold_gain":0,"player_choice":"Paid Gold","damage_taken":0,"relics_obtained":["Tough Bandages"],"max_hp_gain":0,"max_hp_loss":0,"event_name":"WeMeetAgain","floor":2,"gold_loss":56},{"damage_healed":0,"gold_gain":75,"player_choice":"Gather Gold","damage_taken":11,"max_hp_gain":0,"max_hp_loss":0,"event_name":"World of Goop","floor":12,"gold_loss":0},{"damage_healed":0,"gold_gain":0,"player_choice":"Shed Blood","damage_taken":19,"max_hp_gain":5,"max_hp_loss":0,"event_name":"Forgotten Altar","floor":21,"gold_loss":0},{"damage_healed":0,"gold_gain":0,"player_choice":"Fight","damage_taken":0,"max_hp_gain":0,"max_hp_loss":0,"event_name":"Colosseum","floor":22,"gold_loss":0}],"is_beta":false,"boss_relics":[{"not_picked":["White Beast Statue","Velvet Choker"],"picked":"Runic Pyramid"}],"items_purged_floors":[10],"is_endless":false,"potions_floor_spawned":[5,6,7,16],"killed_by":"Colosseum Slavers","ascension_level":1}