{"gold_per_floor":[115,125,175,175,191,191,266,266,292,309,16,16,28,28,28,128,128,147,147,165,182,201,201,216,73,100,100,100,100],"floor_reached":29,"playtime":2567,"items_purged":[],"score":215,"play_id":"8bc88f16-c513-466e-a545-397850d90159","local_time":"20180929180721","is_ascension_mode":false,"campfire_choices":[{"data":"Heavy Blade","floor":6,"key":"SMITH"},{"data":"Inflame","floor":8,"key":"SMITH"},{"data":"Uppercut","floor":12,"key":"SMITH"},{"data":"Armaments","floor":15,"key":"SMITH"},{"data":"Flame Barrier","floor":23,"key":"SMITH"},{"data":"Limit Break","floor":28,"key":"SMITH"}],"neow_cost":"TEN_PERCENT_HP_LOSS","seed_source_timestamp":7246708969625,"circlet_count":0,"master_deck":["Strike_R","Strike_R","Strike_R","Defend_R","Defend_R","Defend_R","Defend_R","Bash","Heavy Blade+1","Uppercut+1","Inflame+1","Shrug It Off","Armaments+1","Immolate","Shrug It Off+1","Rage+1","Flame Barrier+1","Limit Break+1","Impervious","Headbutt"],"relics":["Burning Blood","Ice Cream","Lizard Tail","Nloth\u0027s Gift","Regal Pillow"],"potions_floor_usage":[],"damage_taken":[{"damage":1,"enemies":"Jaw Worm","floor":1,"turns":5},{"damage":3,"enemies":"Small Slimes","floor":2,"turns":4},{"damage":3,"enemies":"2 Louse","floor":5,"turns":4},{"damage":12,"enemies":"Exordium Thugs","floor":10,"turns":5},{"damage":3,"enemies":"2 Fungi Beasts","floor":13,"turns":4},{"damage":50,"enemies":"Slime Boss","floor":16,"turns":15},{"damage":10,"enemies":"Chosen","floor":18,"turns":6},{"damage":16,"enemies":"2 Thieves","floor":20,"turns":3},{"damage":24,"enemies":"3 Cultists","floor":21,"turns":6},{"damage":22,"enemies":"Snecko","floor":22,"turns":5},{"damage":24,"enemies":"Shelled Parasite and Fungi","floor":24,"turns":8},{"damage":47,"enemies":"3 Cultists","floor":29,"turns":5}],"seed_played":"-948766532926510366","potions_obtained":[{"floor":2,"key":"Regen Potion"},{"floor":5,"key":"GamblersBrew"},{"floor":18,"key":"AttackPotion"}],"is_trial":false,"path_per_floor":["M","M","?","?","M","R","?","R","T","M","$","R","M","$","R","B",null,"M","?","M","M","M","R","M","$","T","?","R"],"character_chosen":"IRONCLAD","items_purchased":["Ice Cream","Impervious"],"campfire_rested":0,"item_purchase_floors":[11,25],"current_hp_per_floor":[72,72,72,72,72,72,61,61,61,55,55,55,58,58,58,14,72,68,68,58,40,24,24,42,42,42,42,42,0],"gold":100,"neow_bonus":"REMOVE_TWO","is_prod":false,"is_daily":false,"chose_seed":false,"campfire_upgraded":6,"win_rate":0,"timestamp":1538237241,"path_taken":["M","M","?","?","M","R","?","R","T","M","?","R","M","$","R","BOSS","M","?","M","M","?","R","M","$","T","?","R","M"],"build_version":"2018-09-20","purchased_purges":0,"victory":false,"max_hp_per_floor":[72,72,72,72,72,72,72,72,72,72,72,72,72,72,72,72,72,72,72,72,72,72,72,72,72,72,72,72,72],"card_choices":[{"not_picked":["Wild Strike","Sever Soul"],"picked":"Heavy Blade","floor":1},{"not_picked":["Evolve","Clothesline"],"picked":"Uppercut","floor":2},{"not_picked":["Spot Weakness","Shrug It Off"],"picked":"Inflame","floor":5},{"not_picked":["Evolve","Thunderclap"],"picked":"Shrug It Off","floor":10},{"not_picked":["Barricade","Wild Strike"],"picked":"Armaments","floor":13},{"not_picked":["Juggernaut","Offering"],"picked":"Immolate","floor":16},{"not_picked":["Bloodletting+1","Flex"],"picked":"Shrug It Off+1","floor":18},{"not_picked":["Shockwave","Heavy Blade+1"],"picked":"Rage+1","floor":20},{"not_picked":["Uppercut","Pummel+1"],"picked":"Flame Barrier","floor":21},{"not_picked":["Sword Boomerang","True Grit","Thunderclap"],"picked":"SKIP","floor":22},{"not_picked":["Fire Breathing+1","Anger"],"picked":"Limit Break","floor":24}],"player_experience":27313,"relics_obtained":[{"floor":9,"key":"Dream Catcher"},{"floor":26,"key":"Regal Pillow"}],"event_choices":[{"event_name":"Golden Wing","player_choice":"Gained Gold","floor":3,"damage_taken":0},{"event_name":"The Cleric","player_choice":"Leave","floor":4,"damage_taken":0},{"event_name":"World of Goop","player_choice":"Gather Gold","floor":7,"damage_taken":0},{"event_name":"N\u0027loth","player_choice":"Traded a Dream Catcher","floor":19,"damage_taken":0},{"event_name":"The Library","player_choice":"Read","floor":27,"damage_taken":0}],"is_beta":false,"boss_relics":[{"not_picked":["White Beast Statue","Black Star"],"picked":"Lizard Tail"}],"items_purged_floors":[],"is_endless":false,"potions_floor_spawned":[2,5,18,21],"killed_by":"3 Cultists","ascension_level":0}