{"gold_per_floor":[111,111,36,111,111,111,129,147,171,171,171,188,201,218,218,315,315,328,328,40,40,53,53,53,53,53,79,93,111,140,156,156,156],"floor_reached":33,"playtime":1279,"items_purged":["Strike_B","Strike_B"],"score":343,"play_id":"e06d5686-7404-40a1-ae97-4e2e361e0420","local_time":"20181209125652","is_ascension_mode":true,"campfire_choices":[{"data":"Dualcast","floor":6,"key":"SMITH"},{"data":"Melter","floor":15,"key":"SMITH"},{"data":"Gash","floor":23,"key":"SMITH"},{"data":"Reboot","floor":25,"key":"SMITH"},{"data":"Self Repair","floor":32,"key":"SMITH"}],"neow_cost":"NONE","seed_source_timestamp":577459555171352,"circlet_count":0,"master_deck":["Defend_B","Defend_B","Defend_B","Defend_B","Zap+1","Dualcast+1","Gash+1","Go for the Eyes","Leap","BootSequence","Coolheaded","Melter+1","Reboot+1","Gash","Hello World","Beam Cell","Chill","Sweeping Beam","Beam Cell","Self Repair+1"],"relics":["Cracked Core","Anchor","Blood Vial","Dream Catcher","Black Star","Vajra","MutagenicStrength","Mercury Hourglass","Cables","Blue Candle","Shuriken","Strawberry"],"potions_floor_usage":[16,16,29,33,33],"damage_taken":[{"damage":2,"enemies":"Jaw Worm","floor":1,"turns":4},{"damage":0,"enemies":"Small Slimes","floor":7,"turns":3},{"damage":0,"enemies":"Cultist","floor":8,"turns":4},{"damage":0,"enemies":"Looter","floor":12,"turns":3},{"damage":0,"enemies":"Blue Slaver","floor":13,"turns":4},{"damage":0,"enemies":"2 Fungi Beasts","floor":14,"turns":5},{"damage":3,"enemies":"The Guardian","floor":16,"turns":12},{"damage":0,"enemies":"Chosen","floor":18,"turns":4},{"damage":0,"enemies":"Spheric Guardian","floor":22,"turns":2},{"damage":9,"enemies":"Colosseum Slavers","floor":24,"turns":4},{"damage":4,"enemies":"Book of Stabbing","floor":27,"turns":5},{"damage":0,"enemies":"Centurion and Healer","floor":28,"turns":5},{"damage":0,"enemies":"Sentry and Sphere","floor":29,"turns":3},{"damage":12,"enemies":"Slavers","floor":30,"turns":4},{"damage":1,"enemies":"Shelled Parasite and Fungi","floor":31,"turns":3},{"damage":79,"enemies":"Collector","floor":33,"turns":7}],"seed_played":"-4655588364403495603","potions_obtained":[{"floor":12,"key":"AttackPotion"},{"floor":14,"key":"AttackPotion"},{"floor":16,"key":"FearPotion"},{"floor":27,"key":"AttackPotion"},{"floor":28,"key":"LiquidBronze"},{"floor":29,"key":"GamblersBrew"},{"floor":30,"key":"SpeedPotion"}],"is_trial":false,"path_per_floor":["M","?","$","?","?","R","M","M","T","?","?","M","M","M","R","B",null,"M","?","$","?","M","R","?","R","T","E","M","M","E","M","R","B"],"character_chosen":"DEFECT","items_purchased":["Vajra","Hello World"],"campfire_rested":0,"item_purchase_floors":[20,20],"current_hp_per_floor":[73,66,66,55,55,55,55,55,55,55,55,57,59,61,61,60,75,75,75,75,75,75,75,66,66,66,64,66,68,65,66,66,0],"gold":156,"neow_bonus":"RANDOM_COMMON_RELIC","is_prod":false,"is_daily":false,"chose_seed":false,"campfire_upgraded":5,"win_rate":0,"timestamp":1544356612,"path_taken":["M","?","$","?","?","R","M","M","T","?","?","?","M","M","R","BOSS","M","?","$","?","M","R","?","R","T","E","M","M","E","M","R","BOSS"],"build_version":"2018-12-06","purchased_purges":2,"victory":false,"max_hp_per_floor":[75,75,75,75,75,75,75,75,75,75,75,75,75,75,75,75,75,75,75,75,75,75,75,75,75,75,75,75,75,82,82,82,82],"card_choices":[{"not_picked":["Stack","Reprogram"],"picked":"Gash","floor":1},{"not_picked":["Conserve Battery","Reprogram"],"picked":"Go for the Eyes","floor":7},{"not_picked":["Redo","Rebound"],"picked":"Leap","floor":8},{"not_picked":["Steam Power","Fusion"],"picked":"BootSequence","floor":12},{"not_picked":["BootSequence","Aggregate"],"picked":"Coolheaded","floor":13},{"not_picked":["BootSequence","Consume"],"picked":"Melter","floor":14},{"not_picked":["Hyperbeam","Meteor Strike"],"picked":"Reboot","floor":16},{"not_picked":["Redo","Sunder","Reprogram+1"],"picked":"SKIP","floor":18},{"not_picked":["Steam+1","Reprogram+1"],"picked":"Beam Cell","floor":22},{"not_picked":["Doom and Gloom+1","Heatsinks"],"picked":"Chill","floor":27},{"not_picked":["Rebound+1","Cold Snap+1"],"picked":"Sweeping Beam","floor":28},{"not_picked":["Recycle","Barrage+1","Coolheaded"],"picked":"SKIP","floor":29},{"not_picked":["Turbo+1","Biased Cognition"],"picked":"Beam Cell","floor":30},{"not_picked":["Cold Snap","Go for the Eyes+1"],"picked":"Self Repair","floor":31}],"player_experience":375343,"relics_obtained":[{"floor":9,"key":"Blood Vial"},{"floor":26,"key":"Mercury Hourglass"},{"floor":27,"key":"Cables"},{"floor":27,"key":"Blue Candle"},{"floor":30,"key":"Shuriken"},{"floor":30,"key":"Strawberry"}],"event_choices":[{"cards_removed":["Strike_B"],"damage_healed":0,"gold_gain":0,"player_choice":"Card Removal","damage_taken":7,"max_hp_gain":0,"max_hp_loss":0,"event_name":"Golden Wing","floor":2,"gold_loss":0},{"damage_healed":0,"gold_gain":75,"player_choice":"Gather Gold","damage_taken":11,"max_hp_gain":0,"max_hp_loss":0,"event_name":"World of Goop","floor":4,"gold_loss":0},{"damage_healed":0,"gold_gain":0,"player_choice":"Grow","damage_taken":0,"max_hp_gain":0,"max_hp_loss":0,"event_name":"Living Wall","floor":5,"gold_loss":0,"cards_upgraded":["Zap"]},{"damage_healed":0,"gold_gain":0,"player_choice":"Searched \u00271\u0027 times","damage_taken":0,"relics_obtained":["Dream Catcher"],"max_hp_gain":0,"max_hp_loss":0,"event_name":"Dead Adventurer","floor":10,"gold_loss":0},{"cards_removed":["Strike_B"],"damage_healed":0,"gold_gain":0,"player_choice":"Purged","damage_taken":0,"max_hp_gain":0,"max_hp_loss":0,"event_name":"Purifier","floor":11,"gold_loss":0},{"damage_healed":0,"gold_gain":0,"player_choice":"Read","damage_taken":0,"max_hp_gain":0,"max_hp_loss":0,"event_name":"The Library","floor":19,"gold_loss":0,"cards_obtained":["Gash"]},{"damage_healed":0,"gold_gain":0,"player_choice":"Inject Mutagens","damage_taken":0,"relics_obtained":["MutagenicStrength"],"max_hp_gain":0,"max_hp_loss":0,"event_name":"Drug Dealer","floor":21,"gold_loss":0},{"damage_healed":0,"gold_gain":0,"player_choice":"Fight","damage_taken":0,"max_hp_gain":0,"max_hp_loss":0,"event_name":"Colosseum","floor":24,"gold_loss":0},{"damage_healed":0,"gold_gain":0,"player_choice":"Fled From Nobs","damage_taken":0,"max_hp_gain":0,"max_hp_loss":0,"event_name":"Colosseum","floor":24,"gold_loss":0}],"is_beta":false,"boss_relics":[{"not_picked":["White Beast Statue","Pandora\u0027s Box"],"picked":"Black Star"}],"items_purged_floors":[3,20],"is_endless":false,"potions_floor_spawned":[12,14,16,24,27,28,29,30],"killed_by":"Collector","ascension_level":1}