{"gold_per_floor":[113,38,56,5,20,20,46,57,57,86,86,102,102,115,115,115],"floor_reached":16,"playtime":986,"items_purged":["Strike_R"],"score":190,"play_id":"cf7216b6-68f3-4f14-85e5-bbc403401523","local_time":"20190205175630","is_ascension_mode":true,"campfire_choices":[{"data":"Bash","floor":6,"key":"SMITH"},{"floor":11,"key":"REST"},{"data":"Disarm","floor":13,"key":"SMITH"},{"data":"Armaments","floor":15,"key":"SMITH"}],"neow_cost":"NONE","seed_source_timestamp":2249329188686867,"circlet_count":0,"master_deck":["AscendersBane","Strike_R","Strike_R","Strike_R","Strike_R","Defend_R","Defend_R","Defend_R","Defend_R","Bash+1","Clothesline","Armaments+1","Disarm+1","Cleave","Pummel","Pummel"],"relics":["Burning Blood","Ginger","Matryoshka","Singing Bowl"],"potions_floor_usage":[7,10,16],"damage_taken":[{"damage":1,"enemies":"Cultist","floor":1,"turns":4},{"damage":4,"enemies":"Small Slimes","floor":3,"turns":5},{"damage":4,"enemies":"2 Louse","floor":5,"turns":3},{"damage":48,"enemies":"3 Sentries","floor":7,"turns":12},{"damage":12,"enemies":"Exordium Thugs","floor":8,"turns":5},{"damage":13,"enemies":"Gremlin Nob","floor":10,"turns":4},{"damage":3,"enemies":"Looter","floor":12,"turns":4},{"damage":4,"enemies":"Large Slime","floor":14,"turns":6},{"damage":61,"enemies":"Hexaghost","floor":16,"turns":16}],"seed_played":"432191031521710842","potions_obtained":[{"floor":1,"key":"GamblersBrew"},{"floor":8,"key":"EssenceOfSteel"}],"is_trial":false,"path_per_floor":["M","$","M","$","M","R","E","M","T","E","R","M","R","M","R","B"],"character_chosen":"IRONCLAD","items_purchased":["Poison Potion"],"campfire_rested":1,"item_purchase_floors":[4],"current_hp_per_floor":[80,80,82,82,82,82,40,34,34,29,54,59,59,61,61,0],"gold":115,"neow_bonus":"TEN_PERCENT_HP_BONUS","is_prod":false,"is_daily":false,"chose_seed":false,"campfire_upgraded":3,"win_rate":0,"timestamp":1549407390,"path_taken":["M","$","M","?","M","R","E","M","T","E","R","M","R","M","R","BOSS"],"build_version":"2019-01-23","purchased_purges":1,"victory":false,"max_hp_per_floor":[82,82,82,82,82,82,82,82,82,84,84,86,86,86,86,86],"card_choices":[{"not_picked":["Entrench","Reckless Charge"],"picked":"Clothesline","floor":1},{"not_picked":["Flex","Thunderclap"],"picked":"Armaments","floor":3},{"not_picked":["Impervious","Combust"],"picked":"Disarm","floor":5},{"not_picked":["Heavy Blade","Searing Blow"],"picked":"Cleave","floor":7},{"not_picked":["Flex","Bloodletting"],"picked":"Pummel","floor":8},{"not_picked":["Bloodletting","Hemokinesis","Headbutt"],"picked":"Singing Bowl","floor":10},{"not_picked":["Spot Weakness","Body Slam","Entrench"],"picked":"Singing Bowl","floor":12},{"not_picked":["Wild Strike","Searing Blow"],"picked":"Pummel","floor":14}],"player_experience":525364,"relics_obtained":[{"floor":7,"key":"Ginger"},{"floor":9,"key":"Matryoshka"},{"floor":10,"key":"Singing Bowl"}],"event_choices":[],"is_beta":false,"boss_relics":[],"items_purged_floors":[2],"is_endless":false,"potions_floor_spawned":[1,8],"killed_by":"Hexaghost","ascension_level":14}