{"gold_per_floor":[19,36,36,51,64,91,91,101,101,115,148,129,129,143,143,248,248,259,272,288,305,320,320,320,320,350,367,379,62,81,92,92,192,192,205,220,14,29,29,29,56,56,56,83,98,0,14,31,31,31],"floor_reached":51,"playtime":6544,"items_purged":["Rebound"],"score":706,"play_id":"06590b90-5ad0-4367-b5d9-6dbff33c40df","local_time":"20181011213830","is_ascension_mode":false,"campfire_choices":[{"data":"Zap","floor":7.0,"key":"SMITH"},{"data":"Coolheaded","floor":13.0,"key":"SMITH"},{"floor":15.0,"key":"REST"},{"data":"Seek","floor":23.0,"key":"SMITH"},{"data":"Buffer","floor":32,"key":"SMITH"},{"data":"Echo Form","floor":42,"key":"SMITH"},{"data":"Machine Learning","floor":49,"key":"SMITH"}],"neow_cost":"NO_GOLD","seed_source_timestamp":0,"circlet_count":0,"master_deck":["Strike_B+1","Strike_B+1","Strike_B+1","Strike_B+1","Defend_B+1","Defend_B+1","Defend_B+1","Defend_B+1","Zap+1","Dualcast","Rebound","Glacier","Hologram","Genetic Algorithm","Cold Snap","Go for the Eyes","Coolheaded+1","Chill","Seek+1","Conserve Battery","Self Repair","Blizzard+1","Buffer+1","Blizzard+1","Cold Snap","FTL","Cold Snap+1","Echo Form+1","Defragment+1","Coolheaded","Hologram+1","Chill+1","White Noise+1","Machine Learning+1"],"special_seed":0,"relics":["Cracked Core","The Courier","Incense Burner","Pear","Nuclear Battery","Tiny Chest","DollysMirror","Black Star","Dodecahedron","Gambling Chip","Unceasing Top","Bottled Flame","Darkstone Periapt","Kunai","Red Mask"],"potions_floor_usage":[33,50,50],"damage_taken":[{"damage":1.0,"enemies":"Jaw Worm","floor":1.0,"turns":4.0},{"damage":2.0,"enemies":"2 Louse","floor":2.0,"turns":3.0},{"damage":0.0,"enemies":"Cultist","floor":4.0,"turns":3.0},{"damage":3.0,"enemies":"3 Louse","floor":5.0,"turns":4.0},{"damage":20.0,"enemies":"3 Sentries","floor":6.0,"turns":8.0},{"damage":4.0,"enemies":"Lots of Slimes","floor":8.0,"turns":4.0},{"damage":0.0,"enemies":"2 Fungi Beasts","floor":10.0,"turns":4.0},{"damage":13.0,"enemies":"Gremlin Nob","floor":11.0,"turns":4.0},{"damage":0.0,"enemies":"Exordium Thugs","floor":12.0,"turns":4.0},{"damage":6.0,"enemies":"Large Slime","floor":14.0,"turns":4.0},{"damage":42.0,"enemies":"Slime Boss","floor":16.0,"turns":19.0},{"damage":11.0,"enemies":"Chosen","floor":18.0,"turns":7.0},{"damage":6.0,"enemies":"3 Byrds","floor":19.0,"turns":7.0},{"damage":12.0,"enemies":"Snake Plant","floor":20.0,"turns":6.0},{"damage":11.0,"enemies":"Centurion and Healer","floor":21.0,"turns":14.0},{"damage":6.0,"enemies":"Snecko","floor":22.0,"turns":11.0},{"damage":3,"enemies":"Snake Plant","floor":27,"turns":5},{"damage":0,"enemies":"Centurion and Healer","floor":28,"turns":5},{"damage":0,"enemies":"Shelled Parasite and Fungi","floor":30,"turns":7},{"damage":2,"enemies":"Chosen and Byrds","floor":31,"turns":7},{"damage":60,"enemies":"Champ","floor":33,"turns":17},{"damage":8,"enemies":"3 Darklings","floor":35,"turns":4},{"damage":6,"enemies":"Orb Walker","floor":36,"turns":6},{"damage":0,"enemies":"4 Shapes","floor":38,"turns":6},{"damage":2,"enemies":"Nemesis","floor":41,"turns":9},{"damage":3,"enemies":"Giant Head","floor":44,"turns":13},{"damage":0,"enemies":"Transient","floor":45,"turns":5},{"damage":0,"enemies":"Sphere and 2 Shapes","floor":47,"turns":4},{"damage":0,"enemies":"4 Shapes","floor":48,"turns":2},{"damage":2,"enemies":"Awakened One","floor":50,"turns":12}],"seed_played":"4492658693799635222","potions_obtained":[{"floor":1.0,"key":"SneckoOil"},{"floor":8.0,"key":"Weak Potion"},{"floor":12.0,"key":"Weak Potion"},{"floor":14.0,"key":"SmokeBomb"},{"floor":16.0,"key":"AttackPotion"},{"floor":22.0,"key":"GamblersBrew"},{"floor":27,"key":"Weak Potion"},{"floor":31,"key":"Fire Potion"},{"floor":33,"key":"SpeedPotion"},{"floor":36,"key":"FocusPotion"},{"floor":38,"key":"Ancient Potion"}],"is_trial":false,"path_per_floor":["M","M","?","M","M","E","R","M","T","M","E","M","R","M","R","B",null,"M","M","M","M","M","R","?","?","T","M","M","$","M","M","R","B",null,"M","M","$","M","$","?","E","R","T","E","M","?","M","M","R","B"],"character_chosen":"DEFECT","items_purchased":["DollysMirror","Cold Snap","FTL","Dodecahedron"],"campfire_rested":1,"item_purchase_floors":[29,29,29,37],"current_hp_per_floor":[88,86,68,68,65,45,45,41,41,41,38,38,38,32,61,19,99,88,82,77,73,74,74,74,74,74,78,85,85,92,97,97,44,99,98,99,99,99,99,94,94,94,94,94,94,94,94,94,94,92],"gold":31,"neow_bonus":"TWENTY_PERCENT_HP_BONUS","is_prod":false,"is_daily":false,"chose_seed":false,"campfire_upgraded":6,"win_rate":0,"timestamp":1539286710,"path_taken":["M","M","?","M","M","E","R","M","T","M","E","M","R","M","R","BOSS","M","?","M","M","M","R","?","?","T","M","M","$","M","M","R","BOSS","M","M","$","M","?","?","E","R","T","E","M","?","?","M","R","BOSS"],"build_version":"2018-10-04","purchased_purges":1,"victory":true,"max_hp_per_floor":[89,89,89,89,89,89,89,89,89,89,99,99,99,99,99,99,99,99,99,99,99,99,99,99,99,99,99,99,99,99,99,99,99,99,99,99,99,99,99,94,94,94,94,94,94,94,94,94,94,94],"card_choices":[{"not_picked":["Undo","Stack"],"picked":"Rebound","floor":1.0},{"not_picked":["Stack","Sweeping Beam","Rebound"],"picked":"SKIP","floor":2.0},{"not_picked":["Cold Snap","Go for the Eyes"],"picked":"Glacier","floor":4.0},{"not_picked":["Beam Cell","Stack","Rebound"],"picked":"SKIP","floor":5.0},{"not_picked":["Consume","FTL"],"picked":"Hologram","floor":6.0},{"not_picked":["Leap","Capacitor"],"picked":"Genetic Algorithm","floor":8.0},{"not_picked":["Consume","Redo"],"picked":"Cold Snap","floor":10.0},{"not_picked":["Sweeping Beam","All For One"],"picked":"Go for the Eyes","floor":11.0},{"not_picked":["Stack","Barrage"],"picked":"Coolheaded","floor":12.0},{"not_picked":["Lockon","Undo"],"picked":"Chill","floor":14.0},{"not_picked":["Fission","Hyperbeam"],"picked":"Seek","floor":16.0},{"not_picked":["Redo","Leap"],"picked":"Conserve Battery","floor":18.0},{"not_picked":["Conserve Battery","Stack"],"picked":"Self Repair","floor":19.0},{"not_picked":["Redo","Recycle","Beam Cell"],"picked":"SKIP","floor":20.0},{"not_picked":["Go for the Eyes","Stack"],"picked":"Rebound","floor":21.0},{"not_picked":["Leap","Turbo"],"picked":"Blizzard+1","floor":22.0},{"not_picked":["Doom and Gloom","Steam","White Noise"],"picked":"SKIP","floor":27},{"not_picked":["Redo","Stack"],"picked":"Buffer","floor":28},{"not_picked":["Sweeping Beam","Barrage+1","Gash+1"],"picked":"SKIP","floor":30},{"not_picked":["Steam Power","Turbo"],"picked":"Cold Snap+1","floor":31},{"not_picked":["Thunder Strike","Hyperbeam"],"picked":"Echo Form","floor":33},{"not_picked":["Conserve Battery","Turbo+1"],"picked":"Defragment+1","floor":35},{"not_picked":["Barrage","Beam Cell"],"picked":"Coolheaded","floor":36},{"not_picked":["Rebound+1","Compile Driver"],"picked":"Hologram+1","floor":38},{"not_picked":["Rebound+1","Steam"],"picked":"Chill+1","floor":41},{"not_picked":["Barrage","Hello World"],"picked":"White Noise+1","floor":44},{"not_picked":["Compile Driver","Tempest","Darkness"],"picked":"SKIP","floor":45},{"not_picked":["Compile Driver","Tempest","Darkness"],"picked":"SKIP","floor":45},{"not_picked":["FTL+1","Auto Shields","Leap"],"picked":"SKIP","floor":47},{"not_picked":["Rebound","Stack+1"],"picked":"Machine Learning","floor":48}],"player_experience":137953,"relics_obtained":[{"floor":6.0,"key":"The Courier"},{"floor":9.0,"key":"Incense Burner"},{"floor":11.0,"key":"Pear"},{"floor":26,"key":"Tiny Chest"},{"floor":41,"key":"Gambling Chip"},{"floor":41,"key":"Unceasing Top"},{"floor":43,"key":"Bottled Flame"},{"floor":44,"key":"Darkstone Periapt"},{"floor":44,"key":"Kunai"}],"event_choices":[{"event_name":"Shining Light","player_choice":"Entered Light","floor":3.0,"damage_taken":0.0},{"event_name":"Back to Basics","player_choice":"Simplicity","floor":24.0,"damage_taken":0.0},{"event_name":"N\u0027loth","player_choice":"Ignored","floor":25.0,"damage_taken":0.0},{"event_name":"Winding Halls","player_choice":"Max HP","floor":40,"damage_taken":0},{"event_name":"Tomb of Lord Red Mask","player_choice":"Paid","floor":46,"damage_taken":0}],"is_beta":false,"boss_relics":[{"not_picked":["Ectoplasm","Cursed Key"],"picked":"Nuclear Battery"},{"not_picked":["Philosopher\u0027s Stone","Snecko Eye"],"picked":"Black Star"}],"items_purged_floors":[29],"is_endless":false,"potions_floor_spawned":[1,8,12,14,16,22,27,28,31,33,36,38,41,47,48],"ascension_level":0}