{"gold_per_floor":[110,126,141,161,180,214,224,224,224,236,206,237,255,286,286,286],"floor_reached":16,"playtime":2234,"items_purged":[],"score":126,"play_id":"be656636-f2f9-46cc-93e5-24e9cd4b4377","local_time":"20190303234954","is_ascension_mode":false,"campfire_choices":[{"floor":8,"key":"REST"},{"floor":15,"key":"REST"}],"neow_cost":"NONE","seed_source_timestamp":1661780549753544,"circlet_count":0,"master_deck":["Strike_R","Strike_R","Strike_R","Strike_R","Strike_R","Defend_R","Defend_R","Defend_R","Defend_R","Bash","Shrug It Off","True Grit","Fiend Fire","Headbutt","Limit Break","Shrug It Off","Power Through","Headbutt","Shockwave","Clothesline","Armaments"],"relics":["Burning Blood","WingedGreaves","Darkstone Periapt","Potion Belt","Matryoshka"],"potions_floor_usage":[12,13,14,16],"damage_taken":[{"damage":1,"enemies":"Cultist","floor":1,"turns":3},{"damage":2,"enemies":"2 Louse","floor":2,"turns":4},{"damage":0,"enemies":"Small Slimes","floor":3,"turns":3},{"damage":1,"enemies":"Exordium Wildlife","floor":4,"turns":4},{"damage":4,"enemies":"Exordium Thugs","floor":5,"turns":5},{"damage":47,"enemies":"Lagavulin","floor":6,"turns":10},{"damage":9,"enemies":"2 Fungi Beasts","floor":7,"turns":4},{"damage":1,"enemies":"3 Louse","floor":10,"turns":5},{"damage":32,"enemies":"Gremlin Nob","floor":12,"turns":5},{"damage":0,"enemies":"Gremlin Gang","floor":13,"turns":8},{"damage":13,"enemies":"3 Sentries","floor":14,"turns":8},{"damage":69,"enemies":"Slime Boss","floor":16,"turns":18}],"seed_played":"9156528596805263246","potions_obtained":[{"floor":4,"key":"SmokeBomb"},{"floor":5,"key":"SneckoOil"},{"floor":6,"key":"Fire Potion"},{"floor":11,"key":"GamblersBrew"},{"floor":11,"key":"SmokeBomb"},{"floor":12,"key":"SkillPotion"},{"floor":13,"key":"Fire Potion"}],"is_trial":false,"path_per_floor":["M","M","M","M","M","E","M","R","T","M","?","E","M","E","R","B"],"character_chosen":"IRONCLAD","items_purchased":[],"campfire_rested":2,"item_purchase_floors":[],"current_hp_per_floor":[88,88,88,88,88,47,44,70,70,75,75,49,55,48,74,5],"gold":286,"neow_bonus":"TEN_PERCENT_HP_BONUS","is_prod":false,"is_daily":false,"chose_seed":false,"campfire_upgraded":0,"win_rate":0.0,"timestamp":1551674994,"path_taken":["M","M","M","M","M","E","?","R","T","M","?","E","?","E","R","BOSS"],"build_version":"2019-01-23","purchased_purges":0,"victory":false,"max_hp_per_floor":[88,88,88,88,88,88,88,88,88,88,88,88,88,88,88,88],"card_choices":[{"not_picked":["True Grit","Armaments"],"picked":"Shrug It Off","floor":1},{"not_picked":["Anger","Entrench"],"picked":"True Grit","floor":2},{"not_picked":["Flex","Twin Strike"],"picked":"Fiend Fire","floor":3},{"not_picked":["Thunderclap","Rage"],"picked":"Headbutt","floor":4},{"not_picked":["Warcry","Clothesline"],"picked":"Limit Break","floor":5},{"not_picked":["Perfected Strike","Flex"],"picked":"Shrug It Off","floor":6},{"not_picked":["Wild Strike","Flex"],"picked":"Power Through","floor":7},{"not_picked":["Perfected Strike","Warcry"],"picked":"Headbutt","floor":10},{"not_picked":["Dual Wield","Juggernaut"],"picked":"Shockwave","floor":12},{"not_picked":["Warcry","Heavy Blade"],"picked":"Clothesline","floor":13},{"not_picked":["Fiend Fire","Hemokinesis"],"picked":"Armaments","floor":14}],"player_experience":58096,"relics_obtained":[{"floor":6,"key":"WingedGreaves"},{"floor":9,"key":"Darkstone Periapt"},{"floor":12,"key":"Potion Belt"},{"floor":14,"key":"Matryoshka"}],"event_choices":[{"damage_healed":0,"gold_gain":0,"player_choice":"Bought 2 Potions","damage_taken":0,"max_hp_gain":0,"max_hp_loss":0,"event_name":"The Woman in Blue","floor":11,"gold_loss":0}],"is_beta":false,"boss_relics":[],"items_purged_floors":[],"is_endless":false,"potions_floor_spawned":[4,5,6,12,13],"killed_by":"Slime Boss","ascension_level":0}