{"gold_per_floor":[119,69,69,89,89,100,200,230,256,272,282,300,300,319,319,423,423,440,355,375,67,117,146,146],"floor_reached":24,"playtime":2591,"items_purged":[],"score":308,"play_id":"15bbf453-c3c9-420c-9a8c-0e6f2905d50e","local_time":"20181221062833","is_ascension_mode":true,"campfire_choices":[{"data":"Zap","floor":15,"key":"SMITH"}],"neow_cost":"NONE","seed_source_timestamp":734872258684306,"circlet_count":0,"master_deck":["Strike_B","Strike_B","Defend_B","Defend_B","Defend_B","Defend_B","Zap+1","Dualcast","Hologram","Conserve Battery","Rip and Tear","FTL","Cold Snap","Glacier","Echo Form+1","Auto Shields","Coolheaded","Ball Lightning"],"relics":["Cracked Core","Oddly Smooth Stone","Boot","Frozen Egg 2","Sozu","Omamori","Ice Cream","Vajra"],"potions_floor_usage":[8,16,23,23],"damage_taken":[{"damage":3,"enemies":"Jaw Worm","floor":1,"turns":4},{"damage":0,"enemies":"Small Slimes","floor":4,"turns":3},{"damage":1,"enemies":"2 Louse","floor":6,"turns":3},{"damage":64,"enemies":"Gremlin Nob","floor":8,"turns":6},{"damage":0,"enemies":"Red Slaver","floor":10,"turns":3},{"damage":6,"enemies":"Exordium Wildlife","floor":11,"turns":3},{"damage":2,"enemies":"Looter","floor":12,"turns":3},{"damage":0,"enemies":"Blue Slaver","floor":14,"turns":4},{"damage":0,"enemies":"The Guardian","floor":16,"turns":13},{"damage":6,"enemies":"Shell Parasite","floor":18,"turns":8},{"damage":4,"enemies":"Chosen","floor":20,"turns":4},{"damage":63,"enemies":"Gremlin Leader","floor":23,"turns":14},{"damage":20,"enemies":"3 Cultists","floor":24,"turns":4}],"seed_played":"7707762045949326048","potions_obtained":[{"floor":6,"key":"Energy Potion"},{"floor":8,"key":"Dexterity Potion"},{"floor":10,"key":"PowerPotion"},{"floor":12,"key":"Swift Potion"}],"is_trial":false,"path_per_floor":["M","?","?","M","?","M","?","E","T","M","M","M","T","M","R","B",null,"M","?","M","$","?","E","M"],"character_chosen":"DEFECT","items_purchased":["Ice Cream"],"campfire_rested":0,"item_purchase_floors":[21],"current_hp_per_floor":[79,79,84,84,77,76,76,12,12,12,6,4,4,4,4,4,87,81,81,77,77,77,14,0],"gold":146,"neow_bonus":"TEN_PERCENT_HP_BONUS","is_prod":false,"is_daily":false,"chose_seed":false,"campfire_upgraded":1,"win_rate":0,"timestamp":1545395313,"path_taken":["M","?","?","M","?","M","?","E","T","M","M","?","?","M","R","BOSS","M","?","M","$","?","E","M"],"build_version":"2018-12-20","purchased_purges":0,"victory":false,"max_hp_per_floor":[82,82,87,87,87,87,87,87,87,87,87,87,87,87,87,87,87,87,87,87,87,87,87,87],"card_choices":[{"not_picked":["Barrage","Turbo"],"picked":"Hologram","floor":1},{"not_picked":["Turbo","Sunder"],"picked":"Conserve Battery","floor":4},{"not_picked":["Reprogram","Turbo"],"picked":"Rip and Tear","floor":6},{"not_picked":["Barrage","All For One"],"picked":"FTL","floor":8},{"not_picked":["Beam Cell","Leap"],"picked":"Cold Snap","floor":10},{"not_picked":["Barrage","Steam","Double Energy"],"picked":"SKIP","floor":11},{"not_picked":["Compile Driver","Conserve Battery"],"picked":"Glacier","floor":12},{"not_picked":["Redo","Barrage","Stack"],"picked":"SKIP","floor":14},{"not_picked":["Biased Cognition+1","Hyperbeam"],"picked":"Echo Form+1","floor":16},{"not_picked":["Static Discharge+1","Sunder"],"picked":"Auto Shields","floor":18},{"not_picked":["Leap","Hologram"],"picked":"Coolheaded","floor":20},{"not_picked":["Amplify","Beam Cell"],"picked":"Ball Lightning","floor":23}],"player_experience":350099,"relics_obtained":[{"floor":8,"key":"Oddly Smooth Stone"},{"floor":9,"key":"Boot"},{"floor":13,"key":"Frozen Egg 2"},{"floor":23,"key":"Vajra"}],"event_choices":[{"cards_removed":["Strike_B"],"damage_healed":0,"gold_gain":0,"player_choice":"Card Removal","damage_taken":0,"max_hp_gain":0,"max_hp_loss":0,"event_name":"The Cleric","floor":2,"gold_loss":50},{"damage_healed":0,"gold_gain":0,"player_choice":"Donut","damage_taken":0,"max_hp_gain":5,"max_hp_loss":0,"event_name":"Big Fish","floor":3,"gold_loss":0},{"cards_removed":["Strike_B"],"damage_healed":0,"gold_gain":0,"player_choice":"Card Removal","damage_taken":7,"max_hp_gain":0,"max_hp_loss":0,"event_name":"Golden Wing","floor":5,"gold_loss":0},{"damage_healed":0,"gold_gain":100,"player_choice":"Pray","damage_taken":0,"max_hp_gain":0,"max_hp_loss":0,"event_name":"Golden Shrine","floor":7,"gold_loss":0},{"damage_healed":0,"gold_gain":0,"player_choice":"Obtained Relic","damage_taken":0,"relics_obtained":["Omamori"],"max_hp_gain":0,"max_hp_loss":0,"event_name":"Addict","floor":19,"gold_loss":85},{"damage_healed":0,"gold_gain":100,"player_choice":"Bet on Murderer","damage_taken":0,"max_hp_gain":0,"max_hp_loss":0,"event_name":"The Joust","floor":22,"gold_loss":50}],"is_beta":false,"boss_relics":[{"not_picked":["Runic Dome","Calling Bell"],"picked":"Sozu"}],"items_purged_floors":[],"is_endless":false,"potions_floor_spawned":[6,8,10,12,14,18,23],"killed_by":"3 Cultists","ascension_level":3}