{"gold_per_floor":[109,126,47,64,78,113,128,146,146,146,146,146,160,160,160,261,261,280,294,139,139,58,58,92,107,133,133,61,77,77],"floor_reached":30,"playtime":1611,"items_purged":["Strike_G"],"score":252,"play_id":"0f54d5aa-5b40-4406-abe3-ff155ca37f27","local_time":"20180722122835","is_ascension_mode":false,"campfire_choices":[{"floor":10,"key":"REST"},{"floor":12,"key":"REST"},{"data":"Backstab","floor":15,"key":"SMITH"},{"floor":23,"key":"REST"},{"floor":27,"key":"REST"}],"neow_cost":"NONE","seed_source_timestamp":759345688511145,"circlet_count":0,"master_deck":["Defend_G","Defend_G","Defend_G","Defend_G","Defend_G","Strike_G","Strike_G","Strike_G","Strike_G","Survivor","Neutralize","Backstab+1","Backflip","Caltrops","Poisoned Stab","Quick Slash","Poisoned Stab","Sucker Punch","Dagger Throw","Infinite Blades","Burst","Sucker Punch","PiercingWail","Infinite Blades","Backstab","Sucker Punch+1","Dagger Spray","Footwork","Backflip+1"],"relics":["Ring of the Serpent","Bag of Marbles","Gremlin Horn","Mummified Hand","Oddly Smooth Stone","Juzu Bracelet"],"potions_floor_usage":[6,8,16,16,16,25],"damage_taken":[{"damage":4,"enemies":"Cultist","floor":1,"turns":4},{"damage":0,"enemies":"Jaw Worm","floor":2,"turns":2},{"damage":0,"enemies":"Small Slimes","floor":4,"turns":2},{"damage":0,"enemies":"3 Louse","floor":5,"turns":4},{"damage":19,"enemies":"Lagavulin","floor":6,"turns":8},{"damage":0,"enemies":"Large Slime","floor":7,"turns":5},{"damage":11,"enemies":"Gremlin Gang","floor":8,"turns":6},{"damage":0,"enemies":"Exordium Thugs","floor":13,"turns":3},{"damage":34,"enemies":"Hexaghost","floor":16,"turns":9},{"damage":21,"enemies":"Spheric Guardian","floor":18,"turns":5},{"damage":7,"enemies":"3 Byrds","floor":19,"turns":5},{"damage":37,"enemies":"Book of Stabbing","floor":24,"turns":7},{"damage":11,"enemies":"Snake Plant","floor":25,"turns":3},{"damage":20,"enemies":"Cultist and Chosen","floor":29,"turns":7},{"damage":6,"enemies":"Slavers","floor":30,"turns":1}],"seed_played":"-7672133026671910178","potions_obtained":[{"floor":1,"key":"SteroidPotion"},{"floor":4,"key":"PowerPotion"},{"floor":6,"key":"SteroidPotion"},{"floor":7,"key":"SteroidPotion"},{"floor":13,"key":"Regen Potion"},{"floor":19,"key":"GamblersBrew"},{"floor":24,"key":"EssenceOfSteel"},{"floor":29,"key":"Swift Potion"}],"is_trial":false,"path_per_floor":["M","M","$","M","M","E","M","M","T","R","?","R","M","?","R","B",null,"M","M","$","?","$","R","E","M","T","R","$","M"],"character_chosen":"THE_SILENT","items_purchased":["Caltrops","Infinite Blades","Backstab","Footwork"],"campfire_rested":4,"item_purchase_floors":[3,20,22,28],"current_hp_per_floor":[66,66,66,66,66,47,47,36,36,57,57,70,70,70,70,41,70,49,42,42,29,29,51,14,3,3,25,25,5,0],"gold":77,"neow_bonus":"RANDOM_COMMON_RELIC","is_prod":false,"is_daily":false,"chose_seed":false,"campfire_upgraded":1,"win_rate":0.0,"timestamp":1532255315,"path_taken":["M","M","?","M","M","E","?","M","T","R","?","R","M","?","R","BOSS","M","M","$","?","$","R","E","M","T","R","?","M","E"],"build_version":"2018-07-19v2","purchased_purges":1,"victory":false,"max_hp_per_floor":[70,70,70,70,70,70,70,70,70,70,70,70,70,70,70,70,70,70,70,70,75,75,75,75,75,75,75,75,75,75],"card_choices":[{"not_picked":["Caltrops","PiercingWail"],"picked":"Backstab","floor":1},{"not_picked":["Dash","Finisher"],"picked":"Backflip","floor":2},{"not_picked":["Deadly Poison","Deflect"],"picked":"Poisoned Stab","floor":4},{"not_picked":["Outmaneuver","Underhanded Strike"],"picked":"Quick Slash","floor":5},{"not_picked":["Calculated Gamble","Quick Slash"],"picked":"Poisoned Stab","floor":6},{"not_picked":["Dodge and Roll","Deadly Poison"],"picked":"Sucker Punch","floor":7},{"not_picked":["Finisher","Prepared"],"picked":"Dagger Throw","floor":8},{"not_picked":["Predator","Outmaneuver"],"picked":"Infinite Blades","floor":13},{"not_picked":["Phantasmal Killer","Glass Knife"],"picked":"Burst","floor":16},{"not_picked":["Finisher","Terror"],"picked":"Sucker Punch","floor":18},{"not_picked":["Calculated Gamble","Quick Slash"],"picked":"PiercingWail","floor":19},{"not_picked":["Escape Plan+1","Masterful Stab"],"picked":"Sucker Punch+1","floor":24},{"not_picked":["Terror","Crippling Poison"],"picked":"Dagger Spray","floor":25},{"not_picked":["Deadly Poison","Distraction"],"picked":"Backflip+1","floor":29}],"player_experience":8599,"relics_obtained":[{"floor":6,"key":"Gremlin Horn"},{"floor":9,"key":"Mummified Hand"},{"floor":24,"key":"Oddly Smooth Stone"},{"floor":26,"key":"Juzu Bracelet"}],"event_choices":[{"event_name":"Shining Light","player_choice":"Ignored","floor":11,"damage_taken":0},{"event_name":"Golden Idol","player_choice":"Ignored","floor":14,"damage_taken":0},{"event_name":"Forgotten Altar","player_choice":"Shed Blood","floor":21,"damage_taken":0}],"is_beta":false,"boss_relics":[{"not_picked":["Ectoplasm","Cursed Key"],"picked":"Ring of the Serpent"}],"items_purged_floors":[20],"is_endless":false,"potions_floor_spawned":[1,4,6,7,13,19,24,29],"killed_by":"Slavers","ascension_level":0}