{"gold_per_floor":[11,26,41,216,231,259,259,290,290,290,290,290,306,325,325,420,420,431,446,721,392,403,403,403],"floor_reached":24,"playtime":2226,"items_purged":["Regret"],"score":208,"play_id":"13621d4a-6769-487d-9e77-86837bd8e6fd","local_time":"20190220101142","is_ascension_mode":false,"campfire_choices":[{"floor":7,"key":"REST"},{"data":"Zap","floor":12,"key":"SMITH"},{"data":"Redo","floor":15,"key":"SMITH"},{"data":"Self Repair","floor":23,"key":"SMITH"}],"neow_cost":"NO_GOLD","seed_source_timestamp":78261532350447,"circlet_count":0,"master_deck":["Strike_B","Strike_B","Defend_B","Defend_B","Defend_B","Defend_B","Zap+1","Dualcast","Go for the Eyes","Self Repair+1","Echo Form","Doubt","Doom and Gloom","Reboot","Redo+1","Reboot","Steam Power+1","Rebound+1","Ball Lightning+1"],"relics":["Cracked Core","Molten Egg 2","Kunai","Meat on the Bone","Shuriken","Eternal Feather","Matryoshka"],"potions_floor_usage":[8,8,16,22,24],"damage_taken":[{"damage":2,"enemies":"2 Louse","floor":1,"turns":3},{"damage":2,"enemies":"Small Slimes","floor":2,"turns":4},{"damage":1,"enemies":"Jaw Worm","floor":3,"turns":3},{"damage":12,"enemies":"3 Louse","floor":5,"turns":4},{"damage":45,"enemies":"3 Sentries","floor":6,"turns":5},{"damage":12,"enemies":"Lagavulin","floor":8,"turns":6},{"damage":13,"enemies":"Lots of Slimes","floor":13,"turns":3},{"damage":27,"enemies":"Large Slime","floor":14,"turns":6},{"damage":38,"enemies":"Hexaghost","floor":16,"turns":10},{"damage":29,"enemies":"Spheric Guardian","floor":18,"turns":5},{"damage":43,"enemies":"Shell Parasite","floor":19,"turns":7},{"damage":34,"enemies":"Sentry and Sphere","floor":22,"turns":4},{"damage":30,"enemies":"Cultist and Chosen","floor":24,"turns":4}],"seed_played":"-3751308664243770172","potions_obtained":[{"floor":2,"key":"EssenceOfSteel"},{"floor":3,"key":"SteroidPotion"},{"floor":8,"key":"Dexterity Potion"},{"floor":16,"key":"FearPotion"},{"floor":18,"key":"Energy Potion"},{"floor":19,"key":"SneckoOil"}],"is_trial":false,"path_per_floor":["M","M","M","?","M","E","R","E","T","?","T","R","M","M","R","B",null,"M","M","?","$","M","R","M"],"character_chosen":"DEFECT","items_purchased":["Matryoshka"],"campfire_rested":1,"item_purchase_floors":[21],"current_hp_per_floor":[73,71,75,75,75,37,59,54,54,59,59,59,53,52,52,33,80,58,41,41,41,19,28,0],"gold":403,"neow_bonus":"REMOVE_TWO","is_prod":false,"is_daily":false,"chose_seed":false,"campfire_upgraded":3,"win_rate":0.0,"timestamp":1550675502,"path_taken":["M","M","M","?","M","E","R","E","T","?","?","R","M","M","R","BOSS","M","M","?","$","M","R","?"],"build_version":"2019-01-23","purchased_purges":1,"victory":false,"max_hp_per_floor":[75,75,75,75,75,75,75,75,75,80,80,80,80,80,80,80,80,80,80,80,80,80,80,80],"card_choices":[{"not_picked":["Barrage","Coolheaded"],"picked":"Go for the Eyes","floor":1},{"not_picked":["Barrage","Rebound"],"picked":"Self Repair","floor":2},{"not_picked":["Coolheaded","Self Repair"],"picked":"Echo Form","floor":3},{"not_picked":["Aggregate","Barrage"],"picked":"Doom and Gloom","floor":5},{"not_picked":["Reprogram","Recycle","Go for the Eyes"],"picked":"SKIP","floor":6},{"not_picked":["Heatsinks","Cold Snap+1","Storm"],"picked":"SKIP","floor":8},{"not_picked":["Barrage+1","Cold Snap+1"],"picked":"Reboot","floor":13},{"not_picked":["Barrage+1","Capacitor"],"picked":"Redo","floor":14},{"not_picked":["Core Surge+1","Amplify"],"picked":"Reboot","floor":16},{"not_picked":["Streamline+1","Compile Driver+1"],"picked":"Steam Power+1","floor":18},{"not_picked":["Conserve Battery","Go for the Eyes+1"],"picked":"Rebound+1","floor":19},{"not_picked":["Gash+1","Glacier"],"picked":"Ball Lightning+1","floor":22}],"player_experience":114090,"relics_obtained":[{"floor":6,"key":"Molten Egg 2"},{"floor":8,"key":"Kunai"},{"floor":9,"key":"Meat on the Bone"},{"floor":11,"key":"Shuriken"}],"event_choices":[{"damage_healed":0,"gold_gain":175,"player_choice":"AGREE","damage_taken":0,"max_hp_gain":0,"max_hp_loss":0,"event_name":"Liars Game","floor":4,"gold_loss":0,"cards_obtained":["Doubt"]},{"damage_healed":0,"gold_gain":0,"player_choice":"Donut","damage_taken":0,"max_hp_gain":5,"max_hp_loss":0,"event_name":"Big Fish","floor":10,"gold_loss":0},{"damage_healed":0,"gold_gain":275,"player_choice":"Desecrate","damage_taken":0,"max_hp_gain":0,"max_hp_loss":0,"event_name":"Golden Shrine","floor":20,"gold_loss":0,"cards_obtained":["Regret"]}],"is_beta":false,"boss_relics":[{"not_picked":["Sozu","Astrolabe"],"picked":"Eternal Feather"}],"items_purged_floors":[21],"is_endless":false,"potions_floor_spawned":[2,3,8,16,18,19],"killed_by":"Cultist and Chosen","ascension_level":0}