{"gold_per_floor":[114,127,127,127,29,61,61,7,58,71,71,71,71,92,92,218,218,238,238,256,256,171,171,171,194,218,218,238,238,238,261,261,261],"floor_reached":33,"playtime":1509,"items_purged":["Defend_B"],"score":243,"play_id":"deb52d09-92ee-4dbc-8c4f-b41f9f5b8bee","local_time":"20180805190413","is_ascension_mode":false,"campfire_choices":[{"data":"Zap","floor":7,"key":"SMITH"},{"data":"Streamline","floor":11,"key":"SMITH"},{"data":"Self Repair","floor":13,"key":"SMITH"},{"data":"Conserve Battery","floor":15,"key":"SMITH"},{"data":"Echo Form","floor":23,"key":"SMITH"},{"data":"Go for the Eyes","floor":27,"key":"SMITH"},{"floor":30,"key":"REST"},{"floor":32,"key":"REST"}],"neow_cost":"NONE","seed_source_timestamp":122281760483321,"circlet_count":0,"master_deck":["Strike_B","Strike_B","Strike_B","Strike_B","Defend_B","Defend_B","Defend_B","Zap+1","Conserve Battery+1","Streamline+1","Self Repair+1","Steam","Auto Shields+1","Turbo+1","BootSequence+1","Injury","Electrodynamics","Go for the Eyes+1","Echo Form+1","Sweeping Beam+1","Rip and Tear","Double Energy+1"],"relics":["Cracked Core","Toxic Egg 2","Orichalcum","Golden Idol","Philosopher\u0027s Stone","StoneCalendar","Ancient Tea Set"],"potions_floor_usage":[16,25,32],"damage_taken":[{"damage":6,"enemies":"Jaw Worm","floor":1,"turns":4},{"damage":2,"enemies":"2 Louse","floor":2,"turns":3},{"damage":10,"enemies":"3 Sentries","floor":6,"turns":7},{"damage":0,"enemies":"Cultist","floor":10,"turns":4},{"damage":0,"enemies":"2 Fungi Beasts","floor":14,"turns":3},{"damage":59,"enemies":"Slime Boss","floor":16,"turns":15},{"damage":14,"enemies":"Shell Parasite","floor":18,"turns":8},{"damage":41,"enemies":"Spheric Guardian","floor":20,"turns":6},{"damage":16,"enemies":"Snecko","floor":25,"turns":6},{"damage":43,"enemies":"Slaver and Parasite","floor":28,"turns":7},{"damage":27,"enemies":"Cultist and Chosen","floor":31,"turns":6},{"damage":71,"enemies":"Automaton","floor":33,"turns":6}],"seed_played":"6629147309909808250","potions_obtained":[{"floor":6,"key":"Explosive Potion"},{"floor":16,"key":"Regen Potion"},{"floor":25,"key":"GamblersBrew"},{"floor":31,"key":"Fruit Juice"}],"is_trial":false,"path_per_floor":["M","M","?","?","$","E","R","$","T","M","R","?","R","M","R","B",null,"M","?","M","?","?","R","?","M","T","R","M","?","R","M","R"],"character_chosen":"DEFECT","items_purchased":["Steam","Turbo+1"],"campfire_rested":2,"item_purchase_floors":[5,8],"current_hp_per_floor":[69,67,60,75,75,72,72,72,72,75,75,75,75,75,75,26,75,71,71,40,40,40,40,40,46,46,46,13,13,35,18,45,0],"gold":261,"neow_bonus":"THREE_CARDS","is_prod":false,"is_daily":false,"chose_seed":false,"campfire_upgraded":6,"win_rate":0,"timestamp":1533488653,"path_taken":["M","M","?","?","?","E","R","?","T","M","R","?","R","M","R","BOSS","M","?","M","?","?","R","?","M","T","R","?","?","R","M","R","BOSS"],"build_version":"2018-08-02","purchased_purges":1,"victory":false,"max_hp_per_floor":[75,75,75,75,75,75,75,75,75,75,75,75,75,75,75,75,75,75,75,75,75,75,75,75,75,75,75,75,75,75,75,80,80],"card_choices":[{"not_picked":["Compile Driver","Leap"],"picked":"Conserve Battery","floor":0},{"not_picked":["Conserve Battery","Loop"],"picked":"Streamline","floor":1},{"not_picked":["Glacier","Genetic Algorithm"],"picked":"Self Repair","floor":2},{"not_picked":["Skim","Recycle"],"picked":"Auto Shields","floor":6},{"not_picked":["Genetic Algorithm+1","Barrage"],"picked":"BootSequence+1","floor":10},{"not_picked":["Conserve Battery+1","Turbo+1","Doom and Gloom"],"picked":"SKIP","floor":14},{"not_picked":["Meteor Strike","Core Surge"],"picked":"Electrodynamics","floor":16},{"not_picked":["Force Field+1","Conserve Battery+1"],"picked":"Go for the Eyes","floor":18},{"not_picked":["Double Energy+1","Self Repair"],"picked":"Sweeping Beam+1","floor":20},{"not_picked":["Consume+1","Auto Shields+1","Steam+1"],"picked":"SKIP","floor":25},{"not_picked":["Skim+1","Scrape","Barrage"],"picked":"SKIP","floor":28},{"not_picked":["Rip and Tear","BootSequence+1"],"picked":"Double Energy+1","floor":31}],"player_experience":114662,"relics_obtained":[{"floor":6,"key":"Toxic Egg 2"},{"floor":9,"key":"Orichalcum"},{"floor":26,"key":"Ancient Tea Set"}],"event_choices":[{"event_name":"Golden Wing","player_choice":"Card Removal","floor":3,"damage_taken":0},{"event_name":"Big Fish","player_choice":"Banana","floor":4,"damage_taken":0},{"event_name":"Golden Idol","player_choice":"Take Wound","floor":12,"damage_taken":0},{"event_name":"Match and Keep!","player_choice":"1 cards matched","floor":19,"damage_taken":0},{"event_name":"The Library","player_choice":"Read","floor":21,"damage_taken":0},{"event_name":"Addict","player_choice":"Obtained Relic","floor":22,"damage_taken":0},{"event_name":"Vampires","player_choice":"Ignored","floor":24,"damage_taken":0},{"event_name":"Ghosts","player_choice":"Ignored","floor":29,"damage_taken":0}],"is_beta":false,"boss_relics":[{"not_picked":["FrozenCore","White Beast Statue"],"picked":"Philosopher\u0027s Stone"}],"items_purged_floors":[5],"is_endless":false,"potions_floor_spawned":[6,16,25,31],"killed_by":"Automaton","ascension_level":0}