{"gold_per_floor":[119,119,136,146,146,146,181,106,132,161,173,185,230,274,286,401,413,445,556,9,9,20,20,38,38,38,38,51,51,51,51,51,155,155,172,225,236,252,61,61,61,61,61,61,61,0,32,49,49,49,49,49,49,74,74],"floor_reached":55,"playtime":7182,"items_purged":["Strike_B"],"score":948,"play_id":"41c3d40b-0c0e-4317-a3fa-e4a87a407191","local_time":"20190224204236","is_ascension_mode":true,"campfire_choices":[{"data":"Beam Cell","floor":6,"key":"SMITH"},{"floor":15,"key":"REST"},{"data":"Strike_B","floor":23,"key":"PURGE"},{"data":"Zap","floor":25,"key":"SMITH"},{"data":"Doubt","floor":27,"key":"PURGE"},{"data":"Defragment","floor":29,"key":"SMITH"},{"floor":32,"key":"REST"},{"data":"Lockon","floor":40,"key":"PURGE"},{"data":"Parasite","floor":44,"key":"PURGE"},{"floor":45,"key":"RECALL"},{"floor":49,"key":"REST"},{"data":"Go for the Eyes","floor":52,"key":"SMITH"}],"neow_cost":"NONE","seed_source_timestamp":1004838570974684,"circlet_count":0,"master_deck":["Defend_B","Defend_B","Defend_B","Defend_B","Zap+1","Dualcast","Gash","Gash","Beam Cell+1","Conserve Battery","Gash","Undo","Coolheaded","All For One","Consume","Coolheaded","Rebound+1","Skim","Defragment+1","Go for the Eyes+1","Buffer","Coolheaded+1","All For One","Panache","Gash","Reinforced Body+1","Conserve Battery+1"],"relics":["FrozenCore","Boot","MawBank","WingedGreaves","Blood Vial","Cursed Key","Peace Pipe","Lee\u0027s Waffle","Enchiridion","Ornamental Fan","DataDisk","Shovel","DollysMirror","Red Mask","Pear","Happy Flower"],"potions_floor_usage":[7,7,13,33,47,54,55],"damage_taken":[{"damage":0,"enemies":"2 Louse","floor":1,"turns":2},{"damage":0,"enemies":"Small Slimes","floor":3,"turns":3},{"damage":0,"enemies":"Cultist","floor":4,"turns":2},{"damage":51,"enemies":"3 Sentries","floor":7,"turns":12},{"damage":4,"enemies":"Large Slime","floor":10,"turns":6},{"damage":8,"enemies":"Lagavulin","floor":13,"turns":5},{"damage":28,"enemies":"3 Sentries","floor":14,"turns":8},{"damage":18,"enemies":"Hexaghost","floor":16,"turns":10},{"damage":8,"enemies":"Spheric Guardian","floor":18,"turns":4},{"damage":0,"enemies":"Chosen","floor":22,"turns":3},{"damage":12,"enemies":"Snake Plant","floor":24,"turns":4},{"damage":0,"enemies":"3 Cultists","floor":28,"turns":4},{"damage":27,"enemies":"Collector","floor":33,"turns":9},{"damage":0,"enemies":"3 Darklings","floor":35,"turns":7},{"damage":18,"enemies":"2 Orb Walkers","floor":36,"turns":5},{"damage":0,"enemies":"3 Shapes","floor":37,"turns":4},{"damage":0,"enemies":"Writhing Mass","floor":38,"turns":7},{"damage":5,"enemies":"Nemesis","floor":47,"turns":5},{"damage":9,"enemies":"3 Darklings","floor":48,"turns":3},{"damage":10,"enemies":"Donu and Deca","floor":50,"turns":8},{"damage":59,"enemies":"Shield and Spear","floor":54,"turns":7},{"damage":46,"enemies":"The Heart","floor":55,"turns":3}],"seed_played":"-802023627036146111","potions_obtained":[{"floor":1,"key":"SteroidPotion"},{"floor":3,"key":"Dexterity Potion"},{"floor":4,"key":"Regen Potion"},{"floor":18,"key":"GamblersBrew"},{"floor":24,"key":"SkillPotion"},{"floor":36,"key":"GamblersBrew"},{"floor":37,"key":"Regen Potion"},{"floor":54,"key":"Swift Potion"}],"is_trial":false,"path_per_floor":["M","?","M","M","?","R","E","$","T","M","?","?","E","E","R","B",null,"M","?","$","?","M","R","M","R","T","R","M","R","?","?","R","B",null,"M","?","M","M","$","R","$","?","T","R","R","?","E","M","R","B",null,"R","$","E","B"],"character_chosen":"DEFECT","items_purchased":["Coolheaded","Peace Pipe","Lee\u0027s Waffle","DollysMirror"],"campfire_rested":3,"item_purchase_floors":[20,20,20,39],"current_hp_per_floor":[68,61,61,61,61,61,25,25,25,21,46,46,38,10,32,16,60,54,54,82,66,68,68,58,58,58,58,60,60,60,60,82,55,75,77,61,63,65,65,65,65,65,65,65,65,65,72,65,89,79,87,87,87,44,0],"gold":74,"neow_bonus":"THREE_CARDS","is_prod":false,"is_daily":false,"chose_seed":false,"campfire_upgraded":4,"win_rate":0,"timestamp":1551058956,"path_taken":["M","?","M","M","?","R","E","$","T","M","?","?","E","E","R","BOSS","M","?","$","?","M","R","M","R","T","R","M","R","?","?","R","BOSS","M","?","M","M","$","R","$","?","T","R","R","?","E","M","R","BOSS","R","$","E","BOSS"],"build_version":"2019-01-23","purchased_purges":1,"victory":false,"max_hp_per_floor":[75,75,75,75,75,75,75,75,75,75,75,75,75,75,75,75,75,75,75,82,82,82,82,82,82,82,82,82,82,82,82,82,82,82,82,82,82,82,82,82,82,82,82,79,79,79,89,89,89,89,89,89,89,89,89],"card_choices":[{"not_picked":["Conserve Battery","Redo"],"picked":"Gash","floor":0},{"not_picked":["Melter","White Noise"],"picked":"Lockon","floor":1},{"not_picked":["Streamline","Rebound"],"picked":"Gash","floor":3},{"not_picked":["Lockon","Conserve Battery"],"picked":"Beam Cell","floor":4},{"not_picked":["Sunder","Leap"],"picked":"Conserve Battery","floor":7},{"not_picked":["Hologram","Creative AI"],"picked":"Gash","floor":10},{"not_picked":["Rip and Tear","Conserve Battery"],"picked":"Undo","floor":13},{"not_picked":["Capacitor","Conserve Battery"],"picked":"Coolheaded","floor":14},{"not_picked":["Meteor Strike","Fission"],"picked":"All For One","floor":16},{"not_picked":["Redo","Turbo+1"],"picked":"Consume","floor":18},{"not_picked":["Barrage","BootSequence"],"picked":"Rebound+1","floor":22},{"not_picked":["Conserve Battery","Rebound"],"picked":"Skim","floor":24},{"not_picked":["Turbo+1","Coolheaded"],"picked":"Defragment","floor":28},{"not_picked":["Fission","Meteor Strike"],"picked":"Buffer","floor":33},{"not_picked":["Rebound","Genetic Algorithm"],"picked":"Coolheaded+1","floor":35},{"not_picked":["Chill","Consume+1","Steam+1"],"picked":"SKIP","floor":37},{"not_picked":["Ball Lightning","Leap+1","Reboot"],"picked":"SKIP","floor":38},{"not_picked":["Violence","Dark Shackles"],"picked":"Panache","floor":42},{"not_picked":["Doom and Gloom+1","BootSequence"],"picked":"Gash","floor":47},{"not_picked":["Stack+1","Consume"],"picked":"Reinforced Body+1","floor":48},{"not_picked":["Heatsinks","Rebound+1"],"picked":"Conserve Battery+1","floor":54}],"player_experience":603138,"relics_obtained":[{"floor":7,"key":"Boot"},{"floor":9,"key":"MawBank"},{"floor":13,"key":"WingedGreaves"},{"floor":14,"key":"Blood Vial"},{"floor":21,"key":"Enchiridion"},{"floor":26,"key":"Ornamental Fan"},{"floor":36,"key":"Shovel"},{"floor":47,"key":"Pear"},{"floor":54,"key":"Happy Flower"}],"event_choices":[{"cards_removed":["Strike_B"],"damage_healed":0,"gold_gain":0,"player_choice":"Card Removal","damage_taken":7,"max_hp_gain":0,"max_hp_loss":0,"event_name":"Golden Wing","floor":2,"gold_loss":0},{"damage_healed":0,"gold_gain":0,"player_choice":"Ignored","damage_taken":0,"max_hp_gain":0,"max_hp_loss":0,"event_name":"Liars Game","floor":5,"gold_loss":0},{"damage_healed":25,"gold_gain":0,"player_choice":"Banana","damage_taken":0,"max_hp_gain":0,"max_hp_loss":0,"event_name":"Big Fish","floor":11,"gold_loss":0},{"cards_removed":["Strike_B"],"damage_healed":0,"gold_gain":0,"player_choice":"Forget","damage_taken":0,"max_hp_gain":0,"max_hp_loss":0,"event_name":"Living Wall","floor":12,"gold_loss":0},{"damage_healed":0,"gold_gain":99,"player_choice":"Stole From Cult","damage_taken":0,"max_hp_gain":0,"max_hp_loss":0,"event_name":"Nest","floor":19,"gold_loss":0},{"damage_healed":0,"gold_gain":0,"player_choice":"Obtained Book","damage_taken":16,"max_hp_gain":0,"max_hp_loss":0,"event_name":"Cursed Tome","floor":21,"gold_loss":0},{"damage_healed":0,"gold_gain":0,"player_choice":"Read","damage_taken":0,"max_hp_gain":0,"max_hp_loss":0,"event_name":"The Library","floor":30,"gold_loss":0,"cards_obtained":["Go for the Eyes"]},{"damage_healed":0,"gold_gain":0,"player_choice":"Gave Potion","damage_taken":0,"relics_obtained":["DataDisk"],"max_hp_gain":0,"max_hp_loss":0,"event_name":"WeMeetAgain","floor":31,"gold_loss":0},{"damage_healed":0,"gold_gain":0,"player_choice":"Fight","damage_taken":0,"max_hp_gain":0,"max_hp_loss":0,"event_name":"Mysterious Sphere","floor":36,"gold_loss":0},{"damage_healed":0,"gold_gain":0,"player_choice":"Memory 1","damage_taken":0,"max_hp_gain":0,"max_hp_loss":0,"event_name":"SensoryStone","floor":42,"gold_loss":0},{"damage_healed":0,"gold_gain":0,"player_choice":"Paid","damage_taken":0,"relics_obtained":["Red Mask"],"max_hp_gain":0,"max_hp_loss":0,"event_name":"Tomb of Lord Red Mask","floor":46,"gold_loss":61}],"is_beta":false,"boss_relics":[{"not_picked":["Inserter","Philosopher\u0027s Stone"],"picked":"Cursed Key"},{"not_picked":["Tiny House","Lizard Tail"],"picked":"FrozenCore"}],"items_purged_floors":[8],"is_endless":false,"potions_floor_spawned":[1,3,4,18,24,36,37,54],"killed_by":"The Heart","ascension_level":8}