{"gold_per_floor":[115,115,133,148,27,27,61,61,61,23,42,42,60,70,70,173,173,190,190,290,303,303,303,303,75,75,75,85,12,12,25,25,123,123,140,140,155,165,179,179,210,210,235,235,249,249,249,262,262,262],"floor_reached":51,"playtime":12085,"items_purged":["Underhanded Strike","Strike_G"],"score":809,"play_id":"58690b11-386f-4ffd-8573-1e88a4d316d3","local_time":"20181223220441","is_ascension_mode":true,"campfire_choices":[{"data":"Neutralize","floor":6,"key":"SMITH"},{"data":"Noxious Fumes","floor":8,"key":"SMITH"},{"data":"Backflip","floor":12,"key":"SMITH"},{"data":"Bouncing Flask","floor":15,"key":"SMITH"},{"data":"After Image","floor":23,"key":"SMITH"},{"data":"Footwork","floor":27,"key":"SMITH"},{"data":"Catalyst","floor":32,"key":"SMITH"},{"data":"Backflip","floor":40,"key":"SMITH"},{"data":"Malaise","floor":42,"key":"SMITH"},{"floor":47,"key":"REST"},{"data":"Well Laid Plans","floor":49,"key":"SMITH"}],"neow_cost":"NONE","seed_source_timestamp":36132031811811,"circlet_count":0,"master_deck":["Defend_G","Defend_G","Defend_G","Defend_G","Strike_G","Strike_G","Strike_G","Survivor","Neutralize+1","All Out Attack","Noxious Fumes+1","Well Laid Plans+1","Backflip+1","Caltrops","Backstab","Bouncing Flask+1","Backflip+1","After Image+1","Deadly Poison","Deflect+1","Caltrops","Footwork+1","Flying Knee","Blur+1","Catalyst+1","Flying Knee","Adrenaline+1","Bane+1","Sucker Punch+1","Cloak And Dagger+1","Malaise+1","Regret","Adrenaline+1","Noxious Fumes+1"],"relics":["Ring of the Snake","NeowsBlessing","Lantern","Matryoshka","Philosopher\u0027s Stone","Strawberry","Smiling Mask","Bag of Preparation","Bottled Tornado","Cursed Key","Ice Cream","PreservedInsect"],"potions_floor_usage":[7,16,33,33,33,35,41,48],"damage_taken":[{"damage":0,"enemies":"Jaw Worm","floor":1,"turns":1},{"damage":0,"enemies":"Cultist","floor":3,"turns":1},{"damage":0,"enemies":"Small Slimes","floor":4,"turns":1},{"damage":7,"enemies":"3 Sentries","floor":7,"turns":8},{"damage":4,"enemies":"Red Slaver","floor":11,"turns":5},{"damage":3,"enemies":"Exordium Wildlife","floor":13,"turns":3},{"damage":0,"enemies":"3 Louse","floor":14,"turns":2},{"damage":54,"enemies":"Slime Boss","floor":16,"turns":9},{"damage":0,"enemies":"Chosen","floor":18,"turns":4},{"damage":0,"enemies":"Spheric Guardian","floor":21,"turns":3},{"damage":0,"enemies":"Snecko","floor":28,"turns":5},{"damage":0,"enemies":"Cultist and Chosen","floor":31,"turns":6},{"damage":18,"enemies":"Automaton","floor":33,"turns":11},{"damage":17,"enemies":"3 Darklings","floor":35,"turns":6},{"damage":2,"enemies":"Orb Walker","floor":37,"turns":4},{"damage":4,"enemies":"Transient","floor":38,"turns":5},{"damage":0,"enemies":"3 Darklings","floor":39,"turns":5},{"damage":3,"enemies":"Nemesis","floor":41,"turns":7},{"damage":28,"enemies":"4 Shapes","floor":45,"turns":5},{"damage":1,"enemies":"Jaw Worm Horde","floor":48,"turns":4},{"damage":12,"enemies":"Time Eater","floor":50,"turns":11}],"seed_played":"8527103693574675787","potions_obtained":[{"floor":1,"key":"GhostInAJar"},{"floor":7,"key":"EntropicBrew"},{"floor":18,"key":"Explosive Potion"},{"floor":31,"key":"Dexterity Potion"},{"floor":33,"key":"Poison Potion"},{"floor":37,"key":"Ancient Potion"},{"floor":38,"key":"GhostInAJar"},{"floor":41,"key":"EssenceOfSteel"},{"floor":45,"key":"Explosive Potion"}],"is_trial":false,"path_per_floor":["M","?","M","M","$","R","E","R","T","$","M","R","M","M","R","B",null,"M","?","?","M","?","R","?","$","T","R","M","$","T","M","R","B",null,"M","?","M","M","M","R","E","R","T","?","M","?","R","M","R","B",null],"character_chosen":"THE_SILENT","items_purchased":["Backflip","Caltrops","Footwork","Flying Knee","Catalyst"],"campfire_rested":1,"item_purchase_floors":[5,10,25,25,29],"current_hp_per_floor":[70,70,70,70,70,70,63,63,63,63,59,59,56,56,56,2,53,53,53,53,53,40,40,40,40,47,47,47,47,47,47,47,44,73,56,56,54,50,50,50,47,47,47,47,19,19,42,41,41,29],"gold":262,"neow_bonus":"THREE_ENEMY_KILL","is_prod":false,"is_daily":false,"chose_seed":false,"campfire_upgraded":10,"win_rate":0,"timestamp":1545599081,"path_taken":["M","?","M","?","?","R","E","R","T","$","?","R","M","M","R","BOSS","M","?","?","?","?","R","?","$","T","R","?","$","?","M","R","BOSS","M","?","M","?","M","R","E","R","T","?","M","?","R","M","R","BOSS"],"build_version":"2018-12-20","purchased_purges":2,"victory":true,"max_hp_per_floor":[70,70,70,70,70,70,70,70,70,70,70,70,70,70,70,70,70,70,70,70,70,75,75,75,75,82,82,82,82,82,82,82,82,82,82,82,82,82,82,82,82,82,82,78,78,78,78,78,78,78],"card_choices":[{"not_picked":["Infinite Blades","Slice"],"picked":"All Out Attack","floor":1},{"not_picked":["Sucker Punch","Dodge and Roll"],"picked":"Noxious Fumes","floor":3},{"not_picked":["Outmaneuver","Heel Hook"],"picked":"Well Laid Plans","floor":4},{"not_picked":["Quick Slash","Prepared","Expertise"],"picked":"SKIP","floor":7},{"not_picked":["Infinite Blades","All Out Attack"],"picked":"Backstab","floor":11},{"not_picked":["Riddle With Holes","Well Laid Plans"],"picked":"Bouncing Flask","floor":13},{"not_picked":["Escape Plan","Cloak And Dagger"],"picked":"Backflip","floor":14},{"not_picked":["Doppelganger","Malaise"],"picked":"After Image","floor":16},{"not_picked":["Backflip","Caltrops"],"picked":"Deadly Poison","floor":18},{"not_picked":["Heel Hook","Dagger Throw+1"],"picked":"Deflect+1","floor":21},{"not_picked":["Outmaneuver","Grand Finale"],"picked":"Blur+1","floor":28},{"not_picked":["Blur","Outmaneuver"],"picked":"Flying Knee","floor":31},{"not_picked":["Bullet Time","Wraith Form v2"],"picked":"Adrenaline","floor":33},{"not_picked":["Blade Dance+1","Dagger Throw+1","Skewer+1"],"picked":"SKIP","floor":35},{"not_picked":["Deadly Poison+1","Bouncing Flask"],"picked":"Bane+1","floor":37},{"not_picked":["Dagger Throw+1","Bane"],"picked":"Sucker Punch+1","floor":38},{"not_picked":["Underhanded Strike+1","Flechettes"],"picked":"Cloak And Dagger+1","floor":39},{"not_picked":["Poisoned Stab","Skewer"],"picked":"Malaise","floor":41},{"not_picked":["PiercingWail+1","Deadly Poison","Prepared"],"picked":"SKIP","floor":45},{"not_picked":["Blade Dance","PiercingWail+1"],"picked":"Noxious Fumes+1","floor":48}],"player_experience":440483,"relics_obtained":[{"floor":7,"key":"Lantern"},{"floor":9,"key":"Matryoshka"},{"floor":26,"key":"Strawberry"},{"floor":26,"key":"Smiling Mask"},{"floor":30,"key":"Bag of Preparation"},{"floor":30,"key":"Bottled Tornado"},{"floor":41,"key":"Ice Cream"},{"floor":43,"key":"PreservedInsect"}],"event_choices":[{"damage_healed":0,"gold_gain":0,"cards_transformed":["Strike_G"],"player_choice":"Transformed","damage_taken":0,"max_hp_gain":0,"max_hp_loss":0,"event_name":"Transmorgrifier","floor":2,"gold_loss":0,"cards_obtained":["Underhanded Strike"]},{"damage_healed":0,"gold_gain":0,"player_choice":"Ignored","damage_taken":0,"max_hp_gain":0,"max_hp_loss":0,"event_name":"Ghosts","floor":19,"gold_loss":0},{"damage_healed":0,"gold_gain":100,"player_choice":"Pray","damage_taken":0,"max_hp_gain":0,"max_hp_loss":0,"event_name":"Golden Shrine","floor":20,"gold_loss":0},{"damage_healed":0,"gold_gain":0,"player_choice":"Shed Blood","damage_taken":18,"max_hp_gain":5,"max_hp_loss":0,"event_name":"Forgotten Altar","floor":22,"gold_loss":0},{"damage_healed":0,"gold_gain":0,"cards_transformed":["Defend_G"],"player_choice":"Transformed","damage_taken":0,"max_hp_gain":0,"max_hp_loss":0,"event_name":"Transmorgrifier","floor":24,"gold_loss":0,"cards_obtained":["Caltrops"]},{"damage_healed":0,"gold_gain":0,"player_choice":"Forge","damage_taken":0,"max_hp_gain":0,"max_hp_loss":0,"event_name":"Accursed Blacksmith","floor":36,"gold_loss":0,"cards_upgraded":["Adrenaline"]},{"damage_healed":0,"gold_gain":0,"player_choice":"Max HP","damage_taken":0,"max_hp_gain":0,"max_hp_loss":4,"event_name":"Winding Halls","floor":44,"gold_loss":0},{"damage_healed":0,"gold_gain":0,"player_choice":"Copied","damage_taken":0,"max_hp_gain":0,"max_hp_loss":0,"event_name":"Duplicator","floor":46,"gold_loss":0,"cards_obtained":["Adrenaline"]}],"is_beta":false,"boss_relics":[{"not_picked":["Astrolabe","HoveringKite"],"picked":"Philosopher\u0027s Stone"},{"not_picked":["Coffee Dripper","Tiny House"],"picked":"Cursed Key"}],"items_purged_floors":[5,25],"is_endless":false,"potions_floor_spawned":[1,7,16,18,31,33,37,38,41,45],"ascension_level":5}