{"gold_per_floor":[112,127,143,163,163,201,201,232,302,282,296,43,43,86,86,86],"floor_reached":16,"playtime":781,"items_purged":["Strike_R"],"score":138,"play_id":"a698b338-a691-4ae4-adbf-22fc8a0be6a2","local_time":"20190218185118","is_ascension_mode":true,"campfire_choices":[{"data":"Bash","floor":7,"key":"SMITH"},{"floor":15,"key":"REST"}],"neow_cost":"NONE","seed_source_timestamp":89702836211574,"circlet_count":0,"master_deck":["Strike_R","Strike_R","Strike_R","Strike_R","Defend_R","Defend_R","Defend_R","Defend_R","Bash+1","Perfected Strike","Perfected Strike","Intimidate","Spot Weakness","Thunderclap","Feel No Pain","Heavy Blade","Infernal Blade","Havoc","Feed","Armaments"],"relics":["Burning Blood","Golden Idol","Charon\u0027s Ashes","WingedGreaves","Pear","Anchor","Ice Cream"],"potions_floor_usage":[6,14,14,14],"damage_taken":[{"damage":6,"enemies":"Cultist","floor":1,"turns":3},{"damage":6,"enemies":"2 Louse","floor":2,"turns":2},{"damage":10,"enemies":"Small Slimes","floor":3,"turns":3},{"damage":12,"enemies":"Exordium Wildlife","floor":4,"turns":3},{"damage":32,"enemies":"Gremlin Nob","floor":6,"turns":4},{"damage":34,"enemies":"3 Sentries","floor":8,"turns":6},{"damage":2,"enemies":"Large Slime","floor":11,"turns":6},{"damage":23,"enemies":"Lagavulin","floor":14,"turns":9},{"damage":37,"enemies":"The Guardian","floor":16,"turns":11}],"seed_played":"4486480756700995786","potions_obtained":[{"floor":1,"key":"SpeedPotion"},{"floor":3,"key":"BloodPotion"},{"floor":8,"key":"Explosive Potion"},{"floor":10,"key":"SkillPotion"},{"floor":11,"key":"EssenceOfSteel"}],"is_trial":false,"path_per_floor":["M","M","M","M","?","E","R","E","T","?","M","$","?","E","R","B"],"character_chosen":"IRONCLAD","items_purchased":["Havoc","Feed"],"campfire_rested":1,"item_purchase_floors":[12,12],"current_hp_per_floor":[80,80,76,70,70,51,51,23,33,33,37,37,25,11,37,0],"gold":86,"neow_bonus":"THREE_CARDS","is_prod":false,"is_daily":false,"chose_seed":false,"campfire_upgraded":1,"win_rate":0,"timestamp":1550512278,"path_taken":["M","?","M","M","?","E","R","E","T","?","?","$","?","E","R","BOSS"],"build_version":"2019-01-23","purchased_purges":1,"victory":false,"max_hp_per_floor":[80,80,80,80,74,74,74,74,84,84,84,84,84,87,87,87],"card_choices":[{"not_picked":["Pommel Strike","True Grit"],"picked":"Perfected Strike","floor":0},{"not_picked":["Ghostly Armor","Armaments"],"picked":"Perfected Strike","floor":1},{"not_picked":["Searing Blow","Flex"],"picked":"Intimidate","floor":2},{"not_picked":["Dropkick","Second Wind"],"picked":"Spot Weakness","floor":3},{"not_picked":["Cleave","Twin Strike"],"picked":"Thunderclap","floor":4},{"not_picked":["Dropkick","Iron Wave"],"picked":"Feel No Pain","floor":6},{"not_picked":["Wild Strike","Clash"],"picked":"Heavy Blade","floor":8},{"not_picked":["Twin Strike","Heavy Blade"],"picked":"Infernal Blade","floor":11},{"not_picked":["Sword Boomerang","Juggernaut"],"picked":"Armaments","floor":14}],"player_experience":680752,"relics_obtained":[{"floor":6,"key":"Charon\u0027s Ashes"},{"floor":8,"key":"WingedGreaves"},{"floor":9,"key":"Pear"},{"floor":14,"key":"Ice Cream"}],"event_choices":[{"damage_healed":0,"gold_gain":0,"player_choice":"Lose Max HP","damage_taken":0,"relics_obtained":["Golden Idol"],"max_hp_gain":0,"max_hp_loss":6,"event_name":"Golden Idol","floor":5,"gold_loss":0},{"damage_healed":0,"gold_gain":0,"player_choice":"Bought 1 Potion","damage_taken":0,"max_hp_gain":0,"max_hp_loss":0,"event_name":"The Woman in Blue","floor":10,"gold_loss":0},{"damage_healed":0,"gold_gain":0,"player_choice":"Success","damage_taken":12,"relics_obtained":["Anchor"],"max_hp_gain":0,"max_hp_loss":0,"event_name":"Scrap Ooze","floor":13,"gold_loss":0}],"is_beta":false,"boss_relics":[],"items_purged_floors":[12],"is_endless":false,"potions_floor_spawned":[1,3,8,11],"killed_by":"The Guardian","ascension_level":3}