{"gold_per_floor":[113,113,133,147,160,160,191,191,191,211,246,546,546,573,573,668,668,685,685,702,627,174,185,185,197,197,216,248,259,294,310,310,409,409,422,422,422,442,32,32,63,83,83,97,114,114,134,144,144,144],"floor_reached":51,"playtime":5086,"items_purged":["Doom and Gloom","Sweeping Beam"],"score":818,"play_id":"37bfe37a-21d1-41f4-a723-2379bc15f65e","local_time":"20181009181751","is_ascension_mode":false,"campfire_choices":[{"data":"Zap","floor":6,"key":"SMITH"},{"floor":8,"key":"REST"},{"floor":13,"key":"REST"},{"floor":15,"key":"REST"},{"data":"Loop","floor":24,"key":"SMITH"},{"data":"Defragment","floor":32,"key":"SMITH"},{"data":"Biased Cognition","floor":40,"key":"SMITH"},{"data":"Defragment","floor":46,"key":"SMITH"},{"data":"White Noise","floor":49,"key":"SMITH"}],"neow_cost":"NONE","seed_source_timestamp":5029110047828,"circlet_count":0,"master_deck":["Zap+1","Dualcast","Sweeping Beam","Genetic Algorithm","Cold Snap","Chill","Ball Lightning","Ball Lightning","Compile Driver","Core Surge","Barrage","White Noise+1","Compile Driver","Rebound","Coolheaded","Hologram","Loop+1","Defragment+1","Biased Cognition+1","FTL+1","Coolheaded+1","Fusion+1","Leap+1","Hologram+1","White Noise+1","FTL+1","Hologram+1","Reinforced Body+1","Defragment+1"],"relics":["Cracked Core","Bronze Scales","Bird Faced Urn","The Courier","Ancient Tea Set","Old Coin","Matryoshka","Pandora\u0027s Box","Regal Pillow","TheAbacus","Strawberry","Toxic Egg 2","Bottled Tornado","Bag of Marbles","Velvet Choker","PreservedInsect","Cables","Question Card","Pear","Pantograph"],"potions_floor_usage":[11,33,50,50],"damage_taken":[{"damage":1,"enemies":"Jaw Worm","floor":1,"turns":3},{"damage":11,"enemies":"Small Slimes","floor":3,"turns":3},{"damage":11,"enemies":"2 Louse","floor":4,"turns":2},{"damage":3,"enemies":"Looter","floor":5,"turns":3},{"damage":25,"enemies":"Gremlin Nob","floor":7,"turns":4},{"damage":2,"enemies":"Blue Slaver","floor":10,"turns":3},{"damage":12,"enemies":"Lagavulin","floor":11,"turns":6},{"damage":16,"enemies":"Gremlin Nob","floor":14,"turns":3},{"damage":39,"enemies":"The Guardian","floor":16,"turns":9},{"damage":6,"enemies":"2 Thieves","floor":18,"turns":3},{"damage":14,"enemies":"Shell Parasite","floor":20,"turns":4},{"damage":6,"enemies":"Shelled Parasite and Fungi","floor":23,"turns":4},{"damage":0,"enemies":"3 Cultists","floor":25,"turns":4},{"damage":10,"enemies":"Cultist and Chosen","floor":27,"turns":4},{"damage":0,"enemies":"Slavers","floor":28,"turns":4},{"damage":18,"enemies":"Snake Plant","floor":29,"turns":3},{"damage":2,"enemies":"Gremlin Leader","floor":30,"turns":6},{"damage":6,"enemies":"Sentry and Sphere","floor":31,"turns":4},{"damage":0,"enemies":"Champ","floor":33,"turns":9},{"damage":12,"enemies":"3 Darklings","floor":35,"turns":5},{"damage":0,"enemies":"Orb Walker","floor":38,"turns":3},{"damage":11,"enemies":"Giant Head","floor":41,"turns":6},{"damage":0,"enemies":"4 Shapes","floor":42,"turns":6},{"damage":0,"enemies":"Transient","floor":44,"turns":5},{"damage":6,"enemies":"Sphere and 2 Shapes","floor":45,"turns":5},{"damage":0,"enemies":"4 Shapes","floor":47,"turns":5},{"damage":0,"enemies":"Maw","floor":48,"turns":6},{"damage":27,"enemies":"Time Eater","floor":50,"turns":9}],"seed_played":"-4666484490414419505","potions_obtained":[{"floor":1,"key":"FearPotion"},{"floor":3,"key":"LiquidBronze"},{"floor":11,"key":"Energy Potion"},{"floor":18,"key":"Strength Potion"},{"floor":23,"key":"PowerPotion"},{"floor":33,"key":"Poison Potion"},{"floor":48,"key":"PowerPotion"}],"is_trial":false,"path_per_floor":["M","?","M","M","M","R","E","R","T","M","E","?","R","E","R","B",null,"M","?","M","?","$","M","R","M","T","M","E","M","E","M","R","B",null,"M","?","?","M","$","R","E","M","T","M","M","R","M","M","R","B"],"character_chosen":"DEFECT","items_purchased":["Biased Cognition","Regal Pillow","TheAbacus","PreservedInsect","Cables"],"campfire_rested":3,"item_purchase_floors":[22,22,22,39,39],"current_hp_per_floor":[74,74,63,52,49,49,24,46,46,44,32,29,51,35,57,18,75,69,69,59,59,59,59,59,65,72,68,76,62,68,70,70,82,82,72,72,82,82,82,82,71,81,91,92,90,90,92,92,92,81],"gold":144,"neow_bonus":"TRANSFORM_CARD","is_prod":false,"is_daily":false,"chose_seed":false,"campfire_upgraded":6,"win_rate":0,"timestamp":1539101871,"path_taken":["M","?","M","M","M","R","E","R","T","M","E","?","R","E","R","BOSS","M","?","M","?","$","M","R","M","T","?","E","?","E","M","R","BOSS","M","?","?","?","$","R","E","?","T","?","M","R","M","M","R","BOSS"],"build_version":"2018-10-04","purchased_purges":2,"victory":true,"max_hp_per_floor":[75,75,75,75,75,75,75,75,75,75,75,75,75,75,75,75,75,75,75,75,75,75,75,75,75,82,82,82,82,82,82,82,82,82,82,82,82,82,82,82,82,82,92,92,92,92,92,92,92,92],"card_choices":[{"not_picked":["Double Energy","Gash"],"picked":"Genetic Algorithm","floor":1},{"not_picked":["Turbo","Gash"],"picked":"Cold Snap","floor":3},{"not_picked":["Rebound","Stack"],"picked":"Chill","floor":4},{"not_picked":["Ball Lightning","Cold Snap"],"picked":"FTL","floor":5},{"not_picked":["Beam Cell","Gash"],"picked":"Ball Lightning","floor":7},{"not_picked":["Darkness","Steam","Blizzard"],"picked":"SKIP","floor":10},{"not_picked":["Blizzard","Fission"],"picked":"Ball Lightning","floor":11},{"not_picked":["Aggregate","Stack"],"picked":"Compile Driver","floor":14},{"not_picked":["Electrodynamics","Meteor Strike"],"picked":"Core Surge","floor":16},{"not_picked":["Stack","Beam Cell"],"picked":"Hologram","floor":18},{"not_picked":["Redo+1","Stack"],"picked":"Defragment","floor":20},{"not_picked":["BootSequence","Hello World"],"picked":"FTL+1","floor":23},{"not_picked":["Sweeping Beam","Barrage+1"],"picked":"Coolheaded+1","floor":25},{"not_picked":["Streamline+1","Fission+1"],"picked":"Fusion+1","floor":27},{"not_picked":["Cold Snap","Stack+1"],"picked":"Leap+1","floor":28},{"not_picked":["Sweeping Beam","Coolheaded+1"],"picked":"Hologram+1","floor":29},{"not_picked":["Rip and Tear","Compile Driver"],"picked":"White Noise+1","floor":30},{"not_picked":["Redo+1","Self Repair"],"picked":"FTL+1","floor":31},{"not_picked":["Melter","Chill+1","Coolheaded+1"],"picked":"SKIP","floor":35},{"not_picked":["Fusion+1","BootSequence+1"],"picked":"Hologram+1","floor":38},{"not_picked":["Cold Snap+1","Coolheaded+1","Stack+1"],"picked":"SKIP","floor":41},{"not_picked":["Force Field+1","FTL+1","Skim+1","Leap+1"],"picked":"SKIP","floor":42},{"not_picked":["Blizzard+1","Auto Shields+1","FTL+1"],"picked":"Reinforced Body+1","floor":44},{"not_picked":["Barrage+1","Beam Cell","Streamline"],"picked":"Defragment","floor":45},{"not_picked":["Force Field+1","Chaos+1","Cold Snap","Leap+1"],"picked":"SKIP","floor":47},{"not_picked":["Fusion+1","Gash","Amplify+1","Ball Lightning+1"],"picked":"SKIP","floor":48}],"player_experience":128797,"relics_obtained":[{"floor":7,"key":"Bird Faced Urn"},{"floor":9,"key":"The Courier"},{"floor":11,"key":"Ancient Tea Set"},{"floor":14,"key":"Matryoshka"},{"floor":26,"key":"Strawberry"},{"floor":26,"key":"Toxic Egg 2"},{"floor":28,"key":"Bottled Tornado"},{"floor":30,"key":"Bag of Marbles"},{"floor":41,"key":"Question Card"},{"floor":43,"key":"Pear"},{"floor":43,"key":"Pantograph"}],"event_choices":[{"event_name":"Big Fish","player_choice":"Box","floor":2,"damage_taken":0},{"event_name":"Scrap Ooze","player_choice":"success","floor":12,"damage_taken":3},{"event_name":"The Library","player_choice":"Read","floor":19,"damage_taken":0},{"event_name":"Beggar","player_choice":"Gave Gold","floor":21,"damage_taken":0},{"event_name":"Tomb of Lord Red Mask","player_choice":"Ignored","floor":36,"damage_taken":0},{"event_name":"Bonfire Elementals","player_choice":"UNCOMMON","floor":37,"damage_taken":0}],"is_beta":false,"boss_relics":[{"not_picked":["Empty Cage","Runic Dome"],"picked":"Pandora\u0027s Box"},{"not_picked":["Runic Pyramid","Philosopher\u0027s Stone"],"picked":"Velvet Choker"}],"items_purged_floors":[22,39],"is_endless":false,"potions_floor_spawned":[1,3,11,18,23,28,31,33,38,42,45,48],"ascension_level":0}