{"gold_per_floor":[115,134,134,151,2,28,28,48,123,123,43,43,43,62,62,164,164,178,196,212,212,212,212,235,270,294,24,24,34,44,58,58,58],"floor_reached":33,"playtime":1601,"items_purged":["Strike_G","Strike_G","Strike_G"],"score":280,"play_id":"cab21b8a-84e3-4e5c-831e-adef58da6cba","local_time":"20181208125446","is_ascension_mode":true,"campfire_choices":[{"data":"Survivor","floor":7,"key":"SMITH"},{"data":"Dagger Spray","floor":10,"key":"SMITH"},{"floor":13,"key":"REST"},{"data":"Poisoned Stab","floor":15,"key":"SMITH"},{"data":"Malaise","floor":23,"key":"SMITH"},{"data":"Distraction","floor":32,"key":"SMITH"}],"neow_cost":"NONE","seed_source_timestamp":490610202865307,"circlet_count":0,"master_deck":["Defend_G","Defend_G","Defend_G+1","Defend_G","Defend_G","Survivor+1","Neutralize+1","Endless Agony+1","Dagger Spray+1","Sucker Punch","Glass Knife","Slice","Flying Knee","Poisoned Stab+1","Malaise+1","Backflip","Well Laid Plans","Deflect+1","Deflect","Leg Sweep","Distraction+1","Escape Plan","Deflect+1"],"relics":["Ring of the Serpent","StoneCalendar","The Courier","Omamori","Blood Vial","Lantern","Vajra"],"potions_floor_usage":[6,14,16,20,31],"damage_taken":[{"damage":0,"enemies":"Jaw Worm","floor":1,"turns":8},{"damage":0,"enemies":"Cultist","floor":2,"turns":4},{"damage":0,"enemies":"2 Louse","floor":4,"turns":2},{"damage":25,"enemies":"3 Sentries","floor":6,"turns":13},{"damage":3,"enemies":"2 Fungi Beasts","floor":8,"turns":3},{"damage":4,"enemies":"Blue Slaver","floor":14,"turns":3},{"damage":31,"enemies":"The Guardian","floor":16,"turns":12},{"damage":4,"enemies":"Shell Parasite","floor":18,"turns":6},{"damage":0,"enemies":"Chosen","floor":19,"turns":4},{"damage":4,"enemies":"Snake Plant","floor":20,"turns":6},{"damage":33,"enemies":"Slavers","floor":25,"turns":5},{"damage":0,"enemies":"Shelled Parasite and Fungi","floor":29,"turns":6},{"damage":0,"enemies":"Chosen and Byrds","floor":30,"turns":7},{"damage":9,"enemies":"Sentry and Sphere","floor":31,"turns":7},{"damage":32,"enemies":"Automaton","floor":33,"turns":12}],"seed_played":"8088290890892783490","potions_obtained":[{"floor":1,"key":"Block Potion"},{"floor":6,"key":"SkillPotion"},{"floor":8,"key":"GamblersBrew"},{"floor":18,"key":"Energy Potion"},{"floor":25,"key":"Ancient Potion"},{"floor":30,"key":"Block Potion"}],"is_trial":false,"path_per_floor":["M","M","?","M","$","E","R","M","T","R","$","?","R","M","R","B",null,"M","M","M","?","?","R","T","E","T","$","?","M","M","M","R","B"],"character_chosen":"THE_SILENT","items_purchased":["Glass Knife","Vajra","Leg Sweep"],"campfire_rested":1,"item_purchase_floors":[5,27,27],"current_hp_per_floor":[70,70,70,70,70,45,45,42,42,42,42,28,49,45,45,14,70,66,66,62,62,62,62,62,29,29,29,29,31,33,26,26,0],"gold":58,"neow_bonus":"UPGRADE_CARD","is_prod":false,"is_daily":false,"chose_seed":false,"campfire_upgraded":5,"win_rate":0,"timestamp":1544270086,"path_taken":["M","M","?","M","$","E","R","M","T","R","?","?","R","M","R","BOSS","M","M","M","?","?","R","?","E","T","$","?","M","M","?","R","BOSS"],"build_version":"2018-12-06","purchased_purges":3,"victory":false,"max_hp_per_floor":[70,70,70,70,70,70,70,70,70,70,70,70,70,70,70,70,70,70,70,70,70,70,70,70,70,70,70,70,70,70,70,70,70],"card_choices":[{"not_picked":["Dagger Throw","Outmaneuver"],"picked":"Endless Agony","floor":1},{"not_picked":["Caltrops","Terror"],"picked":"Dagger Spray","floor":2},{"not_picked":["Acrobatics","Blade Dance"],"picked":"Sucker Punch","floor":4},{"not_picked":["Reflex","Underhanded Strike"],"picked":"Slice","floor":6},{"not_picked":["Bane","PiercingWail"],"picked":"Flying Knee","floor":8},{"not_picked":["Prepared","Flying Knee"],"picked":"Poisoned Stab","floor":14},{"not_picked":["Phantasmal Killer","Wraith Form v2"],"picked":"Malaise","floor":16},{"not_picked":["Poisoned Stab","Crippling Poison+1"],"picked":"Backflip","floor":18},{"not_picked":["Dagger Spray","Backstab"],"picked":"Well Laid Plans","floor":19},{"not_picked":["Blur","Dagger Throw"],"picked":"Deflect+1","floor":20},{"not_picked":["Dodge and Roll","Eviscerate+1"],"picked":"Deflect","floor":25},{"not_picked":["Cloak And Dagger","Deflect"],"picked":"Distraction","floor":29},{"not_picked":["Night Terror","Quick Slash"],"picked":"Escape Plan","floor":30},{"not_picked":["Cloak And Dagger","Backflip"],"picked":"Deflect+1","floor":31}],"player_experience":371296,"relics_obtained":[{"floor":6,"key":"StoneCalendar"},{"floor":9,"key":"The Courier"},{"floor":24,"key":"Omamori"},{"floor":25,"key":"Blood Vial"},{"floor":26,"key":"Lantern"}],"event_choices":[{"cards_removed":["Strike_G"],"damage_healed":0,"gold_gain":0,"player_choice":"Purged","damage_taken":0,"max_hp_gain":0,"max_hp_loss":0,"event_name":"Purifier","floor":3,"gold_loss":0},{"damage_healed":0,"gold_gain":0,"player_choice":"Entered Light","damage_taken":14,"max_hp_gain":0,"max_hp_loss":0,"event_name":"Shining Light","floor":12,"gold_loss":0,"cards_upgraded":["Defend_G","Endless Agony"]},{"damage_healed":0,"gold_gain":0,"player_choice":"Ignored","damage_taken":0,"max_hp_gain":0,"max_hp_loss":0,"event_name":"Ghosts","floor":21,"gold_loss":0},{"cards_removed":["Strike_G"],"damage_healed":0,"gold_gain":0,"player_choice":"Elegance","damage_taken":0,"max_hp_gain":0,"max_hp_loss":0,"event_name":"Back to Basics","floor":22,"gold_loss":0},{"damage_healed":0,"gold_gain":0,"player_choice":"Ignored","damage_taken":0,"max_hp_gain":0,"max_hp_loss":0,"event_name":"The Mausoleum","floor":28,"gold_loss":0}],"is_beta":false,"boss_relics":[{"not_picked":["HoveringKite","Tiny House"],"picked":"Ring of the Serpent"}],"items_purged_floors":[5,11,27],"is_endless":false,"potions_floor_spawned":[1,6,8,18,25,30],"killed_by":"Automaton","ascension_level":1}