{"gold_per_floor":[116,41,41,41,57,92,127,127,150,182,194,206,249,281,293,436,448,485,497,98,197,197,232,232,248,298,334,334,373,61,74,74,74],"floor_reached":33,"playtime":904,"items_purged":["Defend_G","Strike_G"],"score":485,"play_id":"70cc9d1c-1b65-4f89-9aef-db0449739093","local_time":"20190105215331","is_ascension_mode":true,"campfire_choices":[{"data":"Neutralize","floor":8,"key":"SMITH"},{"data":"Glass Knife","floor":12,"key":"SMITH"},{"data":"Terror","floor":15,"key":"SMITH"},{"data":"Venomology","floor":24,"key":"SMITH"},{"floor":32,"key":"REST"}],"neow_cost":"NONE","seed_source_timestamp":336798794472066,"circlet_count":0,"master_deck":["Defend_G+1","Defend_G","Defend_G","Defend_G","Strike_G","Strike_G","Strike_G","Strike_G","Survivor+1","Neutralize+1","Caltrops","Dagger Spray","Sucker Punch","Cloak And Dagger","Glass Knife+1","Slice","Terror+1","Venomology+1","Deflect","Glass Knife+1","Deflect","Writhe"],"relics":["Ring of the Snake","NeowsBlessing","Golden Idol","Happy Flower","Odd Mushroom","MawBank","PreservedInsect","Sundial","Busted Crown","TwistedFunnel","Bronze Scales","War Paint","Ancient Tea Set","Bag of Marbles","The Courier","Gremlin Horn","Ginger"],"potions_floor_usage":[13,13,18,18,23,23,27,29,31,33],"damage_taken":[{"damage":0,"enemies":"2 Louse","floor":1,"turns":1},{"damage":0,"enemies":"Jaw Worm","floor":5,"turns":1},{"damage":0,"enemies":"Lagavulin","floor":6,"turns":1},{"damage":12,"enemies":"The Mushroom Lair","floor":7,"turns":5},{"damage":0,"enemies":"Small Slimes","floor":10,"turns":3},{"damage":0,"enemies":"Gremlin Nob","floor":13,"turns":2},{"damage":0,"enemies":"2 Fungi Beasts","floor":14,"turns":2},{"damage":30,"enemies":"Hexaghost","floor":16,"turns":8},{"damage":0,"enemies":"Chosen","floor":18,"turns":3},{"damage":10,"enemies":"Book of Stabbing","floor":23,"turns":2},{"damage":6,"enemies":"3 Byrds","floor":25,"turns":3},{"damage":4,"enemies":"Slavers","floor":27,"turns":3},{"damage":15,"enemies":"Book of Stabbing","floor":29,"turns":4},{"damage":6,"enemies":"Cultist and Chosen","floor":31,"turns":4},{"damage":52,"enemies":"Collector","floor":33,"turns":6}],"seed_played":"-6646627055145088809","potions_obtained":[{"floor":6,"key":"SteroidPotion"},{"floor":10,"key":"FearPotion"},{"floor":16,"key":"AttackPotion"},{"floor":18,"key":"Energy Potion"},{"floor":31,"key":"Strength Potion"}],"is_trial":false,"path_per_floor":["M","$","?","?","M","E","?","R","T","M","?","R","E","M","R","B",null,"M","?","$","?","?","E","R","M","T","E","?","E","$","M","R","B"],"character_chosen":"THE_SILENT","items_purchased":["Deflect","TwistedFunnel","Bronze Scales","Ginger"],"campfire_rested":1,"item_purchase_floors":[20,20,20,30],"current_hp_per_floor":[63,63,70,65,65,65,53,53,53,53,53,53,53,53,53,23,55,55,55,55,55,55,45,45,39,39,35,35,20,20,14,33,0],"gold":74,"neow_bonus":"THREE_ENEMY_KILL","is_prod":false,"is_daily":false,"chose_seed":false,"campfire_upgraded":4,"win_rate":0,"timestamp":1546721611,"path_taken":["M","$","?","?","?","E","?","R","T","M","?","R","E","?","R","BOSS","M","?","$","?","?","E","R","?","T","E","?","E","?","M","R","BOSS"],"build_version":"2019-01-03v4","purchased_purges":2,"victory":false,"max_hp_per_floor":[70,70,70,65,65,65,65,65,65,65,65,65,65,65,65,65,65,65,65,65,65,65,65,65,65,65,65,65,65,65,65,65,65],"card_choices":[{"not_picked":["PiercingWail","Dagger Throw"],"picked":"Caltrops","floor":1},{"not_picked":["Outmaneuver","Dodge and Roll"],"picked":"Dagger Spray","floor":5},{"not_picked":["Outmaneuver","Skewer"],"picked":"Sucker Punch","floor":6},{"not_picked":["Blade Dance","Dagger Throw"],"picked":"Cloak And Dagger","floor":7},{"not_picked":["Terror","Reflex"],"picked":"Glass Knife","floor":10},{"not_picked":["Deadly Poison","Outmaneuver"],"picked":"Slice","floor":13},{"not_picked":["Dagger Throw","Acrobatics"],"picked":"Terror","floor":14},{"not_picked":["Night Terror","Doppelganger"],"picked":"Venomology","floor":16},{"not_picked":["Dagger Throw+1"],"picked":"SKIP","floor":18},{"not_picked":["Sucker Punch"],"picked":"SKIP","floor":23},{"not_picked":["Dagger Spray"],"picked":"SKIP","floor":25},{"not_picked":[],"picked":"Deflect","floor":27},{"not_picked":["Dagger Throw+1"],"picked":"SKIP","floor":29},{"not_picked":["Prepared+1"],"picked":"SKIP","floor":31}],"player_experience":482981,"relics_obtained":[{"floor":6,"key":"Happy Flower"},{"floor":7,"key":"Odd Mushroom"},{"floor":9,"key":"MawBank"},{"floor":11,"key":"PreservedInsect"},{"floor":13,"key":"Sundial"},{"floor":23,"key":"War Paint"},{"floor":26,"key":"Ancient Tea Set"},{"floor":27,"key":"Bag of Marbles"},{"floor":29,"key":"Gremlin Horn"}],"event_choices":[{"damage_healed":23,"gold_gain":0,"player_choice":"Banana","damage_taken":0,"max_hp_gain":0,"max_hp_loss":0,"event_name":"Big Fish","floor":3,"gold_loss":0},{"damage_healed":0,"gold_gain":0,"player_choice":"Lose Max HP","damage_taken":0,"relics_obtained":["Golden Idol"],"max_hp_gain":0,"max_hp_loss":5,"event_name":"Golden Idol","floor":4,"gold_loss":0},{"damage_healed":0,"gold_gain":0,"player_choice":"Fought Mushrooms","damage_taken":0,"max_hp_gain":0,"max_hp_loss":0,"event_name":"Mushrooms","floor":7,"gold_loss":0},{"damage_healed":0,"gold_gain":0,"player_choice":"Relic","damage_taken":0,"max_hp_gain":0,"max_hp_loss":0,"event_name":"Wheel of Change","floor":11,"gold_loss":0},{"damage_healed":0,"gold_gain":0,"player_choice":"Ignored","damage_taken":0,"max_hp_gain":0,"max_hp_loss":0,"event_name":"Ghosts","floor":19,"gold_loss":0},{"damage_healed":0,"gold_gain":99,"player_choice":"Stole From Cult","damage_taken":0,"max_hp_gain":0,"max_hp_loss":0,"event_name":"Nest","floor":21,"gold_loss":0},{"damage_healed":0,"gold_gain":0,"player_choice":"Copied","damage_taken":0,"max_hp_gain":0,"max_hp_loss":0,"event_name":"Duplicator","floor":22,"gold_loss":0,"cards_obtained":["Glass Knife"]},{"damage_healed":0,"gold_gain":0,"player_choice":"Opened","damage_taken":0,"relics_obtained":["The Courier"],"max_hp_gain":0,"max_hp_loss":0,"event_name":"The Mausoleum","floor":28,"gold_loss":0,"cards_obtained":["Writhe"]}],"is_beta":false,"boss_relics":[{"not_picked":["Coffee Dripper","White Beast Statue"],"picked":"Busted Crown"}],"items_purged_floors":[2,30],"is_endless":false,"potions_floor_spawned":[6,10,16,18,31],"killed_by":"Collector","ascension_level":7}