{"gold_per_floor":[110,110,110,133,147,147,188,212,264,299,320,340,376,417,417,536,599,618,60,84,84,84,84],"floor_reached":23,"playtime":1695,"items_purged":["Strike_B"],"score":418,"play_id":"ffca925c-71d2-43dd-972a-b90c48ebd12a","local_time":"20190128201906","is_ascension_mode":true,"campfire_choices":[{"data":"Consume","floor":6.0,"key":"SMITH"},{"data":"Buffer","floor":15.0,"key":"SMITH"}],"neow_cost":"TEN_PERCENT_HP_LOSS","seed_source_timestamp":1175744919528304,"circlet_count":0,"master_deck":["AscendersBane","Strike_B","Defend_B","Defend_B","Defend_B","Defend_B","Zap","Dualcast","Hologram","Sweeping Beam","Consume+1","Leap+1","Buffer+1","Conserve Battery","Genetic Algorithm","Reboot","Loop","Biased Cognition","Undo","Apotheosis","Capacitor"],"special_seed":0,"relics":["Cracked Core","Golden Idol","Meat on the Bone","Anchor","Omamori","Odd Mushroom","Singing Bowl","Tiny House","Toy Ornithopter"],"potions_floor_usage":[23,23],"damage_taken":[{"damage":2.0,"enemies":"2 Louse","floor":1.0,"turns":3.0},{"damage":1.0,"enemies":"Cultist","floor":4.0,"turns":3.0},{"damage":0.0,"enemies":"Small Slimes","floor":5.0,"turns":3.0},{"damage":37.0,"enemies":"3 Sentries","floor":7.0,"turns":6.0},{"damage":6.0,"enemies":"3 Louse","floor":8.0,"turns":4.0},{"damage":12.0,"enemies":"Lagavulin","floor":10.0,"turns":9.0},{"damage":0.0,"enemies":"Large Slime","floor":11.0,"turns":6.0},{"damage":16.0,"enemies":"Lots of Slimes","floor":12.0,"turns":4.0},{"damage":9.0,"enemies":"The Mushroom Lair","floor":13.0,"turns":5.0},{"damage":12.0,"enemies":"3 Sentries","floor":14.0,"turns":7.0},{"damage":0.0,"enemies":"Slime Boss","floor":16.0,"turns":11.0},{"damage":1.0,"enemies":"Spheric Guardian","floor":18.0,"turns":5.0},{"damage":12.0,"enemies":"3 Byrds","floor":20.0,"turns":6.0},{"damage":80,"enemies":"Slavers","floor":23,"turns":7}],"seed_played":"8395481172660199361","potions_obtained":[{"floor":5.0,"key":"Ancient Potion"},{"floor":7.0,"key":"GamblersBrew"},{"floor":11.0,"key":"Swift Potion"},{"floor":12.0,"key":"Fire Potion"},{"floor":13.0,"key":"GamblersBrew"},{"floor":17.0,"key":"Block Potion"}],"is_trial":false,"path_per_floor":["M","?","?","M","M","R","E","M","T","E","M","M","?","E","R","B",null,"M","$","M","?","?","E"],"character_chosen":"DEFECT","items_purchased":["Apotheosis","Toy Ornithopter","Capacitor"],"campfire_rested":0,"item_purchase_floors":[19,19,19],"current_hp_per_floor":[66,49,49,48,48,48,11,17,17,17,29,25,28,28,28,40,68,67,67,57,57,57,0],"gold":84,"neow_bonus":"REMOVE_TWO","is_prod":false,"is_daily":false,"chose_seed":false,"campfire_upgraded":2,"win_rate":0,"timestamp":1548728346,"path_taken":["M","?","?","?","M","R","E","M","T","E","M","?","?","E","R","BOSS","M","$","M","?","?","E"],"build_version":"2019-01-23","purchased_purges":1,"victory":false,"max_hp_per_floor":[68,68,68,68,68,68,68,68,68,68,68,68,68,68,68,68,75,75,75,77,77,77,77],"card_choices":[{"not_picked":["Double Energy","Redo"],"picked":"Hologram","floor":1.0},{"not_picked":["Ball Lightning","Barrage"],"picked":"Sweeping Beam","floor":4.0},{"not_picked":["Reprogram","Ball Lightning"],"picked":"Consume","floor":5.0},{"not_picked":["Barrage","Beam Cell"],"picked":"Leap","floor":7.0},{"not_picked":["Cold Snap","Redo"],"picked":"Buffer","floor":8.0},{"not_picked":["Ball Lightning","Redo"],"picked":"Conserve Battery","floor":10.0},{"not_picked":["Sweeping Beam","Aggregate","Conserve Battery"],"picked":"SKIP","floor":11.0},{"not_picked":["Hologram","Recycle"],"picked":"Genetic Algorithm","floor":12.0},{"not_picked":["Compile Driver","Redo"],"picked":"Reboot","floor":13.0},{"not_picked":["Redo","Coolheaded"],"picked":"Loop","floor":14.0},{"not_picked":["Electrodynamics","Multi-Cast"],"picked":"Biased Cognition","floor":16.0},{"not_picked":["Darkness","Streamline","Recycle"],"picked":"Singing Bowl","floor":17.0},{"not_picked":["Streamline","Doom and Gloom"],"picked":"Undo","floor":18.0},{"not_picked":["Beam Cell","Sweeping Beam","Streamline"],"picked":"Singing Bowl","floor":20.0}],"player_experience":913126,"relics_obtained":[{"floor":7.0,"key":"Meat on the Bone"},{"floor":9.0,"key":"Anchor"},{"floor":10.0,"key":"Omamori"},{"floor":13.0,"key":"Odd Mushroom"},{"floor":14.0,"key":"Singing Bowl"}],"event_choices":[{"damage_healed":0.0,"max_hp_gain":0.0,"max_hp_loss":0.0,"gold_gain":0.0,"event_name":"Golden Idol","player_choice":"Take Damage","floor":2.0,"gold_loss":0.0,"damage_taken":17.0,"relics_obtained":["Golden Idol"]},{"damage_healed":0.0,"max_hp_gain":0.0,"max_hp_loss":0.0,"gold_gain":0.0,"event_name":"Match and Keep!","player_choice":"0 cards matched","floor":3.0,"gold_loss":0.0,"damage_taken":0.0,"cards_obtained":[]},{"damage_healed":0.0,"max_hp_gain":0.0,"max_hp_loss":0.0,"gold_gain":0.0,"event_name":"Mushrooms","player_choice":"Fought Mushrooms","floor":13.0,"gold_loss":0.0,"damage_taken":0.0},{"damage_healed":0.0,"max_hp_gain":0.0,"max_hp_loss":0.0,"gold_gain":0.0,"event_name":"Vampires","player_choice":"Ignored","floor":21.0,"gold_loss":0.0,"damage_taken":0.0},{"damage_healed":0.0,"max_hp_gain":0.0,"max_hp_loss":0.0,"gold_gain":0.0,"event_name":"Ghosts","player_choice":"Ignored","floor":22.0,"gold_loss":0.0,"damage_taken":0.0}],"is_beta":false,"boss_relics":[{"not_picked":["Snecko Eye","Runic Dome"],"picked":"Tiny House"}],"items_purged_floors":[19],"is_endless":false,"potions_floor_spawned":[5,7,11,12,13,16,18,20],"killed_by":"Slavers","ascension_level":12}