{"gold_per_floor":[114,114,33,33,44,76,76,76,146,146,146,161,178,32,32,131,131,147,246,263,163,178,178,203,215,215,215,215,90,90,123,123,123],"floor_reached":33,"playtime":1389,"items_purged":["Strike_G","Strike_G","Strike_G"],"score":331,"play_id":"49e268ce-6cee-4acd-ad25-78e76eb557ad","local_time":"20180810160651","is_ascension_mode":false,"campfire_choices":[{"data":"Neutralize","floor":7,"key":"SMITH"},{"data":"Noxious Fumes","floor":11,"key":"SMITH"},{"data":"Noxious Fumes","floor":15,"key":"SMITH"},{"data":"Tactician","floor":23,"key":"SMITH"},{"data":"Deadly Poison","floor":28,"key":"SMITH"},{"data":"Bane","floor":30,"key":"SMITH"},{"data":"Backstab","floor":32,"key":"SMITH"}],"neow_cost":"NONE","seed_source_timestamp":543757368354260,"circlet_count":0,"master_deck":["Defend_G","Defend_G","Defend_G+1","Defend_G+1","Defend_G","Survivor","Neutralize+1","Deadly Poison+1","Noxious Fumes+1","Tactician+1","Bane+1","Noxious Fumes+1","Backstab+1","Adrenaline+1","Adrenaline+1","Bouncing Flask+1","Deflect+1","Acrobatics+1","Cloak And Dagger+1","Dodge and Roll+1","Concentrate+1","Prepared+1"],"relics":["Ring of the Snake","NeowsBlessing","Strawberry","Vajra","Toxic Egg 2","Orrery","War Paint","Pear","Snake Skull"],"potions_floor_usage":[22,22],"damage_taken":[{"damage":0,"enemies":"Small Slimes","floor":1,"turns":1},{"damage":0,"enemies":"Jaw Worm","floor":5,"turns":1},{"damage":0,"enemies":"3 Sentries","floor":6,"turns":1},{"damage":0,"enemies":"2 Louse","floor":12,"turns":4},{"damage":0,"enemies":"2 Fungi Beasts","floor":13,"turns":4},{"damage":51,"enemies":"Slime Boss","floor":16,"turns":10},{"damage":12,"enemies":"Shell Parasite","floor":18,"turns":4},{"damage":0,"enemies":"Chosen","floor":20,"turns":3},{"damage":8,"enemies":"Snake Plant","floor":22,"turns":3},{"damage":16,"enemies":"Gremlin Leader","floor":24,"turns":5},{"damage":6,"enemies":"Snecko","floor":25,"turns":4},{"damage":12,"enemies":"Slavers","floor":31,"turns":5},{"damage":52,"enemies":"Champ","floor":33,"turns":9}],"seed_played":"-5102187078864693919","potions_obtained":[{"floor":5,"key":"Explosive Potion"},{"floor":12,"key":"SpeedPotion"},{"floor":18,"key":"Fruit Juice"}],"is_trial":false,"path_per_floor":["M","?","$","?","M","E","R","?","T","?","R","M","M","$","R","B",null,"M","?","M","$","M","R","E","M","T","?","R","$","R","E","R"],"character_chosen":"THE_SILENT","items_purchased":["Noxious Fumes","Backstab"],"campfire_rested":0,"item_purchase_floors":[3,14],"current_hp_per_floor":[70,70,70,70,70,70,70,70,70,63,63,63,63,63,63,12,77,65,65,65,65,62,62,46,40,50,50,50,50,50,38,38,0],"gold":123,"neow_bonus":"THREE_ENEMY_KILL","is_prod":false,"is_daily":false,"chose_seed":false,"campfire_upgraded":7,"win_rate":0,"timestamp":1533910011,"path_taken":["M","?","$","?","?","E","R","?","T","?","R","M","M","$","R","BOSS","M","?","M","?","?","R","E","?","T","?","R","$","R","E","R","BOSS"],"build_version":"2018-08-09","purchased_purges":3,"victory":false,"max_hp_per_floor":[70,70,70,77,77,77,77,77,77,77,77,77,77,77,77,77,77,77,77,77,77,82,82,82,82,92,92,92,92,92,92,92,92],"card_choices":[{"not_picked":["Flying Knee","Dagger Spray"],"picked":"Deadly Poison","floor":1},{"not_picked":["Dagger Throw","Flying Knee","Acrobatics"],"picked":"SKIP","floor":5},{"not_picked":["Acrobatics","Backflip"],"picked":"Tactician","floor":6},{"not_picked":["Deadly Poison+1","Poisoned Stab"],"picked":"Bane","floor":12},{"not_picked":["Heel Hook","Distraction+1"],"picked":"Noxious Fumes","floor":13},{"not_picked":["Die Die Die","A Thousand Cuts"],"picked":"Adrenaline+1","floor":16},{"not_picked":["Dagger Throw","Prepared+1"],"picked":"Adrenaline+1","floor":17},{"not_picked":["Reflex+1","Dagger Throw"],"picked":"Bouncing Flask+1","floor":17},{"not_picked":["Flying Knee","Sucker Punch"],"picked":"Deflect+1","floor":17},{"not_picked":["Dagger Spray","Crippling Poison+1","Deadly Poison+1"],"picked":"SKIP","floor":18},{"not_picked":["Terror+1","Backstab"],"picked":"Acrobatics+1","floor":20},{"not_picked":["Outmaneuver+1","PiercingWail+1"],"picked":"Cloak And Dagger+1","floor":22},{"not_picked":["Flechettes","Outmaneuver+1"],"picked":"Dodge and Roll+1","floor":24},{"not_picked":["Bouncing Flask+1","Cloak And Dagger+1"],"picked":"Concentrate+1","floor":25},{"not_picked":["A Thousand Cuts","Storm of Steel+1"],"picked":"Prepared+1","floor":31}],"player_experience":126980,"relics_obtained":[{"floor":6,"key":"Vajra"},{"floor":9,"key":"Toxic Egg 2"},{"floor":24,"key":"War Paint"},{"floor":26,"key":"Pear"},{"floor":31,"key":"Snake Skull"}],"event_choices":[{"event_name":"Shining Light","player_choice":"Ignored","floor":2,"damage_taken":0},{"event_name":"Scrap Ooze","player_choice":"success","floor":4,"damage_taken":7},{"event_name":"Living Wall","player_choice":"Forget","floor":8,"damage_taken":0},{"event_name":"Golden Wing","player_choice":"Card Removal","floor":10,"damage_taken":0},{"event_name":"Nest","player_choice":"Stole From Cult","floor":19,"damage_taken":0},{"event_name":"Drug Dealer","player_choice":"Ignored","floor":27,"damage_taken":0}],"is_beta":false,"boss_relics":[{"not_picked":["Tiny House","Snecko Eye"],"picked":"Orrery"}],"items_purged_floors":[14,21,29],"is_endless":false,"potions_floor_spawned":[5,12,18],"killed_by":"Champ","ascension_level":0}