{"gold_per_floor":[119,119,146,164,164,223,233,308,308,324,324],"floor_reached":11,"playtime":543,"items_purged":[],"score":91,"play_id":"db3affb6-5098-4d6a-a029-4e4625e0e3af","local_time":"20190105202728","is_ascension_mode":true,"campfire_choices":[],"neow_cost":"TEN_PERCENT_HP_LOSS","seed_source_timestamp":1209212229752999,"circlet_count":0,"master_deck":["Strike_B","Strike_B","Defend_B+1","Defend_B","Defend_B","Defend_B","Zap","Dualcast","Leap+1","Go for the Eyes","Beam Cell","Darkness","Undo","Fusion","Streamline"],"relics":["Cracked Core","Smiling Mask","Tiny Chest","Blue Candle"],"potions_floor_usage":[6,10],"damage_taken":[{"damage":0,"enemies":"Small Slimes","floor":1,"turns":4},{"damage":0,"enemies":"Jaw Worm","floor":4,"turns":3},{"damage":27,"enemies":"Gremlin Nob","floor":6,"turns":5},{"damage":0,"enemies":"Cultist","floor":7,"turns":3},{"damage":6,"enemies":"Blue Slaver","floor":10,"turns":4},{"damage":12,"enemies":"3 Sentries","floor":11,"turns":4}],"seed_played":"8285867209432532110","potions_obtained":[{"floor":1,"key":"PowerPotion"},{"floor":6,"key":"Dexterity Potion"}],"is_trial":false,"path_per_floor":["M","?","T","M","?","E","M","?","T","M","E"],"character_chosen":"DEFECT","items_purchased":[],"campfire_rested":0,"item_purchase_floors":[],"current_hp_per_floor":[68,68,68,68,54,27,27,16,16,10,0],"gold":324,"neow_bonus":"TRANSFORM_TWO_CARDS","is_prod":false,"is_daily":false,"chose_seed":false,"campfire_upgraded":0,"win_rate":0,"timestamp":1546741648,"path_taken":["M","?","?","M","?","E","M","?","T","?","E"],"build_version":"2019-01-03v4","purchased_purges":0,"victory":false,"max_hp_per_floor":[68,68,68,68,68,68,68,68,68,68,68],"card_choices":[{"not_picked":["Darkness","Doom and Gloom"],"picked":"Beam Cell","floor":1},{"not_picked":["Beam Cell","Reprogram"],"picked":"Darkness","floor":4},{"not_picked":["Go for the Eyes","Ball Lightning"],"picked":"Undo","floor":6},{"not_picked":["Barrage","Leap"],"picked":"Fusion","floor":7},{"not_picked":["Meteor Strike","Storm"],"picked":"Streamline","floor":10}],"player_experience":484988,"relics_obtained":[{"floor":3,"key":"Smiling Mask"},{"floor":6,"key":"Tiny Chest"},{"floor":9,"key":"Blue Candle"}],"event_choices":[{"damage_healed":0,"gold_gain":0,"player_choice":"Ignored","damage_taken":0,"max_hp_gain":0,"max_hp_loss":0,"event_name":"Liars Game","floor":2,"gold_loss":0},{"damage_healed":0,"gold_gain":0,"player_choice":"Entered Light","damage_taken":14,"max_hp_gain":0,"max_hp_loss":0,"event_name":"Shining Light","floor":5,"gold_loss":0,"cards_upgraded":["Leap","Defend_B"]},{"damage_healed":0,"gold_gain":75,"player_choice":"Gather Gold","damage_taken":11,"max_hp_gain":0,"max_hp_loss":0,"event_name":"World of Goop","floor":8,"gold_loss":0}],"is_beta":false,"boss_relics":[],"items_purged_floors":[],"is_endless":false,"potions_floor_spawned":[1,6],"killed_by":"3 Sentries","ascension_level":5}