{"gold_per_floor":[111,124,24,39,39,39,114,171,171,60,70,18,18,35,35,139,139,151,161,161,161,179,179,99,99],"floor_reached":25,"playtime":1765,"items_purged":["Defend_G"],"score":216,"play_id":"0c4bb235-d01a-4309-b1e3-5cf12ce65a9c","local_time":"20180724191309","is_ascension_mode":false,"campfire_choices":[{"data":"Neutralize","floor":6,"key":"SMITH"},{"data":"Noxious Fumes","floor":13,"key":"SMITH"},{"floor":15,"key":"REST"},{"floor":23,"key":"REST"}],"neow_cost":"NONE","seed_source_timestamp":956268772947733,"circlet_count":0,"master_deck":["Defend_G","Defend_G","Defend_G","Defend_G","Strike_G","Strike_G","Survivor","Neutralize+1","Slice","Slice","Noxious Fumes+1","Slice","Backflip","Deadly Poison","Escape Plan","Prepared","Backflip","Outmaneuver","Burst","Slice","Bane+1","Doppelganger","Endless Agony+1","Infinite Blades"],"relics":["Ring of the Snake","Tingsha","Dodecahedron","Empty Cage"],"potions_floor_usage":[8,14,16,25],"damage_taken":[{"damage":5,"enemies":"Jaw Worm","floor":1,"turns":5},{"damage":0,"enemies":"Small Slimes","floor":2,"turns":4},{"damage":0,"enemies":"2 Louse","floor":4,"turns":3},{"damage":11,"enemies":"Gremlin Nob","floor":8,"turns":5},{"damage":4,"enemies":"Lots of Slimes","floor":11,"turns":4},{"damage":0,"enemies":"3 Louse","floor":14,"turns":3},{"damage":24,"enemies":"The Guardian","floor":16,"turns":9},{"damage":9,"enemies":"Shell Parasite","floor":18,"turns":7},{"damage":9,"enemies":"3 Byrds","floor":19,"turns":6},{"damage":35,"enemies":"Slaver and Parasite","floor":22,"turns":8},{"damage":33,"enemies":"Centurion and Healer","floor":25,"turns":6}],"seed_played":"6771645252162499939","potions_obtained":[{"floor":2,"key":"SpeedPotion"},{"floor":8,"key":"SkillPotion"},{"floor":11,"key":"Block Potion"},{"floor":16,"key":"SkillPotion"}],"is_trial":false,"path_per_floor":["M","M","$","M","?","R","?","?","T","$","M","$","R","M","R","B",null,"M","M","?","?","M","R","$"],"character_chosen":"THE_SILENT","items_purchased":["Noxious Fumes","Slice","Escape Plan","Backflip","Infinite Blades"],"campfire_rested":2,"item_purchase_floors":[3,3,10,12,24],"current_hp_per_floor":[65,65,65,65,70,70,59,48,48,48,44,44,44,44,66,42,75,66,57,43,43,8,32,32,0],"gold":99,"neow_bonus":"REMOVE_CARD","is_prod":false,"is_daily":false,"chose_seed":false,"campfire_upgraded":2,"win_rate":0.0,"timestamp":1532452389,"path_taken":["M","M","$","M","?","R","?","?","T","$","M","$","R","M","R","BOSS","M","M","?","?","M","R","?","M"],"build_version":"2018-07-19v2","purchased_purges":1,"victory":false,"max_hp_per_floor":[70,70,70,70,75,75,75,75,75,75,75,75,75,75,75,75,75,75,75,80,80,80,80,80,80],"card_choices":[{"not_picked":["Dash","Flying Knee"],"picked":"Slice","floor":1},{"not_picked":["Flechettes","Masterful Stab"],"picked":"Slice","floor":2},{"not_picked":["PiercingWail","Dodge and Roll"],"picked":"Backflip","floor":4},{"not_picked":["Riddle With Holes","Wraith Form v2"],"picked":"Deadly Poison","floor":8},{"not_picked":["Terror","Predator"],"picked":"Prepared","floor":11},{"not_picked":["Deadly Poison","PiercingWail"],"picked":"Outmaneuver","floor":14},{"not_picked":["Wraith Form v2","Night Terror"],"picked":"Burst","floor":16},{"not_picked":["Quick Slash","Skewer"],"picked":"Slice","floor":18},{"not_picked":["Deflect","PiercingWail"],"picked":"Bane+1","floor":19},{"not_picked":["Deflect","Blade Dance"],"picked":"Endless Agony+1","floor":22}],"player_experience":15852,"relics_obtained":[{"floor":9,"key":"Dodecahedron"}],"event_choices":[{"event_name":"Big Fish","player_choice":"Donut","floor":5,"damage_taken":0},{"event_name":"World of Goop","player_choice":"Gather Gold","floor":7,"damage_taken":0},{"event_name":"Dead Adventurer","player_choice":"Searched \u00272\u0027 times","floor":8,"damage_taken":0},{"event_name":"Forgotten Altar","player_choice":"Shed Blood","floor":20,"damage_taken":0},{"event_name":"Match and Keep!","player_choice":"1 cards matched","floor":21,"damage_taken":0},{"event_name":"Match and Keep!","player_choice":"1 cards matched","floor":21,"damage_taken":0}],"is_beta":false,"boss_relics":[{"not_picked":["Black Star","Sozu"],"picked":"Empty Cage"}],"items_purged_floors":[10],"is_endless":false,"potions_floor_spawned":[2,8,11,16],"killed_by":"Centurion and Healer","ascension_level":0}