{"gold_per_floor":[118,118,393,412,32,57,57,91,91,91],"floor_reached":10,"playtime":461,"items_purged":["Regret"],"score":148,"play_id":"9f6f8532-4d7f-4a5e-8be5-4cc391b400a9","local_time":"20190302194331","is_ascension_mode":true,"campfire_choices":[{"floor":7,"key":"REST"}],"neow_cost":"NONE","seed_source_timestamp":514894351151000,"circlet_count":0,"master_deck":["AscendersBane","Defend_G","Defend_G","Defend_G","Defend_G","Defend_G","Strike_G","Strike_G","Strike_G","Strike_G","Strike_G","Survivor","Neutralize+1","Blade Dance","Flying Knee","Deflect","Cloak And Dagger"],"relics":["Ring of the Snake","Frozen Egg 2","PreservedInsect","Bag of Preparation","Kunai"],"potions_floor_usage":[6,8],"damage_taken":[{"damage":4,"enemies":"Jaw Worm","floor":1,"turns":7},{"damage":2,"enemies":"Small Slimes","floor":4,"turns":4},{"damage":36,"enemies":"3 Sentries","floor":6,"turns":13},{"damage":39,"enemies":"Lagavulin","floor":8,"turns":10},{"damage":34,"enemies":"Gremlin Nob","floor":10,"turns":3}],"seed_played":"-224674132801486298","potions_obtained":[{"floor":4,"key":"Fire Potion"},{"floor":6,"key":"EssenceOfSteel"}],"is_trial":false,"path_per_floor":["M","?","?","M","$","E","R","E","T","E"],"character_chosen":"THE_SILENT","items_purchased":["Frozen Egg 2","Deflect"],"campfire_rested":1,"item_purchase_floors":[5,5],"current_hp_per_floor":[61,61,61,59,59,23,44,5,5,0],"gold":91,"neow_bonus":"TEN_PERCENT_HP_BONUS","is_prod":false,"is_daily":false,"chose_seed":false,"campfire_upgraded":0,"win_rate":0,"timestamp":1551573811,"path_taken":["M","?","?","?","$","E","R","E","T","E"],"build_version":"2019-01-23","purchased_purges":1,"victory":false,"max_hp_per_floor":[72,72,72,72,72,72,72,72,72,72],"card_choices":[{"not_picked":["Outmaneuver","Bane"],"picked":"Blade Dance","floor":1},{"not_picked":["Underhanded Strike","Prepared"],"picked":"Flying Knee","floor":4},{"not_picked":["Choke","Backflip"],"picked":"Cloak And Dagger","floor":6},{"not_picked":["Quick Slash","Heel Hook","Deflect"],"picked":"SKIP","floor":8}],"player_experience":1281190,"relics_obtained":[{"floor":6,"key":"PreservedInsect"},{"floor":8,"key":"Bag of Preparation"},{"floor":9,"key":"Kunai"}],"event_choices":[{"damage_healed":0,"gold_gain":0,"player_choice":"Grow","damage_taken":0,"max_hp_gain":0,"max_hp_loss":0,"event_name":"Living Wall","floor":2,"gold_loss":0,"cards_upgraded":["Neutralize"]},{"damage_healed":0,"gold_gain":275,"player_choice":"Desecrate","damage_taken":0,"max_hp_gain":0,"max_hp_loss":0,"event_name":"Golden Shrine","floor":3,"gold_loss":0,"cards_obtained":["Regret"]}],"is_beta":false,"boss_relics":[],"items_purged_floors":[5],"is_endless":false,"potions_floor_spawned":[4,6],"killed_by":"Gremlin Nob","ascension_level":20}