{"gold_per_floor":[367,40,40,51,61,61,73,73,73,101,101,113,127,138,138,215,215,227,227,241,241,42,42,57,71,71,71,2,31,31,31,31,103,103,116,1115,393,411,411],"floor_reached":39,"playtime":3493,"items_purged":["Normality"],"score":752,"play_id":"e1cc89f7-6882-400f-a119-e18c55826d0c","local_time":"20190121143549","is_ascension_mode":true,"campfire_choices":[{"data":"Backstab","floor":6,"key":"SMITH"},{"data":"Caltrops","floor":8,"key":"SMITH"},{"data":"Leg Sweep","floor":11,"key":"SMITH"},{"floor":15,"key":"REST"},{"floor":23,"key":"REST"},{"floor":27,"key":"REST"},{"floor":32,"key":"REST"}],"neow_cost":"CURSE","seed_source_timestamp":938944603606836,"circlet_count":0,"master_deck":["AscendersBane","Defend_G","Defend_G","Defend_G","Defend_G","Defend_G","Strike_G","Survivor","Neutralize","Clumsy","Dagger Throw","Leg Sweep+1","Backstab+1","Well Laid Plans","Caltrops+1","Noxious Fumes","Backstab","PiercingWail","Glass Knife","Corpse Explosion","Heel Hook","Bullet Time","Backstab","Backflip+1","Noxious Fumes","Deadly Poison+1","Decay","Malaise","Blade Dance+1","Setup+1","Wraith Form v2+1","PiercingWail","Normality","Sucker Punch+1"],"relics":["Ring of the Snake","Strawberry","Calipers","Incense Burner","Lizard Tail","Nilry\u0027s Codex","Prayer Wheel","Toy Ornithopter","Mango","Thread and Needle","Astrolabe","Singing Bowl","Bronze Scales","Frozen Eye"],"potions_floor_usage":[12,16,20,25,29,33,38],"damage_taken":[{"damage":1,"enemies":"2 Louse","floor":1,"turns":3},{"damage":0,"enemies":"Cultist","floor":4,"turns":4},{"damage":0,"enemies":"Jaw Worm","floor":5,"turns":4},{"damage":7,"enemies":"Red Slaver","floor":7,"turns":5},{"damage":17,"enemies":"Lagavulin","floor":10,"turns":9},{"damage":1,"enemies":"Exordium Thugs","floor":12,"turns":7},{"damage":7,"enemies":"Large Slime","floor":13,"turns":7},{"damage":0,"enemies":"2 Fungi Beasts","floor":14,"turns":3},{"damage":3,"enemies":"The Guardian","floor":16,"turns":9},{"damage":5,"enemies":"Chosen","floor":18,"turns":5},{"damage":13,"enemies":"Spheric Guardian","floor":20,"turns":4},{"damage":30,"enemies":"Snecko","floor":24,"turns":7},{"damage":21,"enemies":"Centurion and Healer","floor":25,"turns":7},{"damage":24,"enemies":"Book of Stabbing","floor":29,"turns":7},{"damage":73,"enemies":"Champ","floor":33,"turns":16},{"damage":7,"enemies":"3 Shapes","floor":35,"turns":6},{"damage":35,"enemies":"3 Darklings","floor":38,"turns":5},{"damage":45,"enemies":"Spire Growth","floor":39,"turns":5}],"seed_played":"-8813950117810609210","potions_obtained":[{"floor":4,"key":"Swift Potion"},{"floor":12,"key":"Block Potion"},{"floor":14,"key":"Ancient Potion"},{"floor":16,"key":"Weak Potion"},{"floor":25,"key":"Fire Potion"},{"floor":29,"key":"SpeedPotion"}],"is_trial":false,"path_per_floor":["M","$","?","M","M","R","M","R","T","E","R","M","M","M","R","B",null,"M","?","M","?","$","R","M","M","T","R","$","E","$","?","R","B",null,"M","?","$","M","M"],"character_chosen":"THE_SILENT","items_purchased":["Leg Sweep","Backstab","Well Laid Plans","Strawberry","Toy Ornithopter","Noxious Fumes","Singing Bowl","Bronze Scales","Frozen Eye","Swift Potion"],"campfire_rested":4,"item_purchase_floors":[2,2,2,2,22,28,37,37,37,37],"current_hp_per_floor":[58,65,65,65,65,65,58,58,58,41,41,40,33,33,54,51,68,63,42,29,29,29,50,20,4,18,44,44,25,25,25,51,27,72,65,65,65,37,0],"gold":411,"neow_bonus":"TWO_FIFTY_GOLD","is_prod":false,"is_daily":false,"chose_seed":false,"campfire_upgraded":3,"win_rate":0,"timestamp":1548099349,"path_taken":["M","$","?","M","M","R","M","R","T","E","R","M","M","?","R","BOSS","M","?","M","?","$","R","M","?","T","R","$","E","$","?","R","BOSS","M","?","$","M","M"],"build_version":"2019-01-17v2","purchased_purges":1,"victory":false,"max_hp_per_floor":[66,73,73,73,73,73,73,73,73,73,73,73,73,73,73,73,73,73,73,73,73,73,73,73,73,87,87,87,87,87,87,87,87,87,87,87,87,89,89],"card_choices":[{"not_picked":["PiercingWail","Deadly Poison"],"picked":"Dagger Throw","floor":1},{"not_picked":["Outmaneuver","Blur"],"picked":"Caltrops","floor":4},{"not_picked":["Terror","PiercingWail"],"picked":"Noxious Fumes","floor":5},{"not_picked":["Slice","Dagger Spray","Underhanded Strike"],"picked":"SKIP","floor":7},{"not_picked":["Masterful Stab","Tactician"],"picked":"Backstab","floor":10},{"not_picked":["Leg Sweep","Well Laid Plans","Prepared"],"picked":"SKIP","floor":12},{"not_picked":["Bane","Quick Slash"],"picked":"PiercingWail","floor":13},{"not_picked":["Leg Sweep","Eviscerate"],"picked":"Glass Knife","floor":14},{"not_picked":["Die Die Die","Night Terror"],"picked":"Corpse Explosion","floor":16},{"not_picked":["Backflip","PiercingWail"],"picked":"Heel Hook","floor":18},{"not_picked":["Concentrate","Prepared","Flechettes"],"picked":"SKIP","floor":20},{"not_picked":["Calculated Gamble","Dagger Throw"],"picked":"Bullet Time","floor":24},{"not_picked":["Expertise+1","Deflect","Bane"],"picked":"SKIP","floor":24},{"not_picked":["Distraction","Slice+1"],"picked":"Backstab","floor":25},{"not_picked":["Flying Knee","Infinite Blades"],"picked":"Backflip+1","floor":25},{"not_picked":["Backflip","Quick Slash"],"picked":"Deadly Poison+1","floor":29},{"not_picked":["Glass Knife","Bullet Time"],"picked":"Malaise","floor":33},{"not_picked":["Sucker Punch","Slice+1"],"picked":"PiercingWail","floor":35},{"not_picked":["Bane","Infinite Blades","Poisoned Stab"],"picked":"SKIP","floor":35},{"not_picked":["Cloak And Dagger","Dodge and Roll+1","Flying Knee"],"picked":"Singing Bowl","floor":38},{"not_picked":["Dash","Noxious Fumes"],"picked":"Sucker Punch+1","floor":38}],"player_experience":475854,"relics_obtained":[{"floor":9,"key":"Calipers"},{"floor":10,"key":"Incense Burner"},{"floor":19,"key":"Nilry\u0027s Codex"},{"floor":26,"key":"Mango"},{"floor":29,"key":"Thread and Needle"}],"event_choices":[{"damage_healed":0,"gold_gain":0,"cards_transformed":["Strike_G"],"player_choice":"Transformed","damage_taken":0,"max_hp_gain":0,"max_hp_loss":0,"event_name":"Transmorgrifier","floor":3,"gold_loss":0,"cards_obtained":["Grand Finale"]},{"damage_healed":0,"gold_gain":0,"player_choice":"Obtained Book","damage_taken":21,"max_hp_gain":0,"max_hp_loss":0,"event_name":"Cursed Tome","floor":19,"gold_loss":0},{"cards_removed":["Grand Finale"],"damage_healed":0,"gold_gain":0,"player_choice":"Gave Card","damage_taken":0,"relics_obtained":["Prayer Wheel"],"max_hp_gain":0,"max_hp_loss":0,"event_name":"WeMeetAgain","floor":21,"gold_loss":0},{"damage_healed":0,"gold_gain":0,"player_choice":"Smashed Altar","damage_taken":0,"max_hp_gain":0,"max_hp_loss":0,"event_name":"Forgotten Altar","floor":31,"gold_loss":0,"cards_obtained":["Decay"]},{"damage_healed":0,"gold_gain":999,"player_choice":"Gold","damage_taken":0,"max_hp_gain":0,"max_hp_loss":0,"event_name":"MindBloom","floor":36,"gold_loss":0,"cards_obtained":["Normality","Normality"]}],"is_beta":false,"boss_relics":[{"not_picked":["HoveringKite","Orrery"],"picked":"Lizard Tail"},{"not_picked":["WristBlade","Pandora\u0027s Box"],"picked":"Astrolabe"}],"items_purged_floors":[37],"is_endless":false,"potions_floor_spawned":[4,12,14,16,25,29],"killed_by":"Spire Growth","ascension_level":15}