{"gold_per_floor":[216,166,14,34,53,69,97,60,83,110,110,128,128,128,128,231,231,249,266,14,14,28,28,28,28,28,44,44,44,60,60],"floor_reached":31,"playtime":1162,"items_purged":["Strike_G","Strike_G"],"score":245,"play_id":"92bb6a2c-0845-41e6-a571-116ba5b32e23","local_time":"20181119213701","is_ascension_mode":false,"campfire_choices":[{"floor":11,"key":"REST"},{"floor":13,"key":"REST"},{"data":"Neutralize","floor":15,"key":"SMITH"},{"floor":23,"key":"REST"},{"data":"Footwork","floor":25,"key":"SMITH"},{"data":"Noxious Fumes","floor":28,"key":"SMITH"}],"neow_cost":"NONE","seed_source_timestamp":0,"circlet_count":0,"master_deck":["Defend_G","Defend_G","Defend_G","Defend_G","Defend_G","Survivor","Neutralize+1","Slice","Deadly Poison","Poisoned Stab","Backflip","Outmaneuver","Noxious Fumes+1","Dagger Spray","Tactician","Footwork+1","Slice","Doppelganger","Leg Sweep+1","Noxious Fumes","Decay","Deflect"],"special_seed":0,"relics":["Ring of the Snake","Orichalcum","Pen Nib","Regal Pillow","Philosopher\u0027s Stone","Anchor","Kunai"],"potions_floor_usage":[7,18,18,22],"damage_taken":[{"damage":2,"enemies":"Jaw Worm","floor":1,"turns":6},{"damage":0,"enemies":"Small Slimes","floor":4,"turns":2},{"damage":0,"enemies":"2 Louse","floor":5,"turns":3},{"damage":0,"enemies":"Gremlin Gang","floor":6,"turns":5},{"damage":11,"enemies":"Lagavulin","floor":7,"turns":5},{"damage":55,"enemies":"Gremlin Nob","floor":10,"turns":6},{"damage":1,"enemies":"Exordium Thugs","floor":12,"turns":4},{"damage":27,"enemies":"The Guardian","floor":16,"turns":13},{"damage":23,"enemies":"2 Thieves","floor":18,"turns":4},{"damage":6,"enemies":"Spheric Guardian","floor":19,"turns":5},{"damage":27,"enemies":"3 Cultists","floor":22,"turns":6},{"damage":19,"enemies":"Chosen and Byrds","floor":27,"turns":8},{"damage":11,"enemies":"Centurion and Healer","floor":30,"turns":7},{"damage":30,"enemies":"Snake Plant","floor":31,"turns":3}],"seed_played":"8203094722853190626","potions_obtained":[{"floor":1,"key":"Fire Potion"},{"floor":10,"key":"Regen Potion"},{"floor":12,"key":"Block Potion"},{"floor":19,"key":"Fire Potion"},{"floor":30,"key":"GamblersBrew"}],"is_trial":false,"path_per_floor":["M","?","$","M","M","M","E","$","T","E","R","M","R","?","R","B",null,"M","M","$","?","M","R","?","R","T","M","R","?","M","M"],"character_chosen":"THE_SILENT","items_purchased":["Deadly Poison","Poisoned Stab","Tactician","Anchor"],"campfire_rested":3,"item_purchase_floors":[3,3,8,20],"current_hp_per_floor":[68,68,68,68,68,68,57,57,57,2,38,37,70,70,70,43,70,52,46,46,46,19,55,55,55,55,36,36,36,25,0],"gold":60,"neow_bonus":"HUNDRED_GOLD","is_prod":false,"is_daily":false,"chose_seed":false,"campfire_upgraded":3,"win_rate":0,"timestamp":1542659821,"path_taken":["M","?","$","M","M","M","E","$","T","E","R","M","R","?","R","BOSS","M","M","$","?","M","R","?","R","T","M","R","?","?","M"],"build_version":"2018-11-15","purchased_purges":2,"victory":false,"max_hp_per_floor":[70,70,70,70,70,70,70,70,70,70,70,70,70,70,70,70,70,70,70,70,70,70,70,70,70,70,70,70,70,70,70],"card_choices":[{"not_picked":["Riddle With Holes","Backflip"],"picked":"Slice","floor":1},{"not_picked":["Backstab","Noxious Fumes"],"picked":"Backflip","floor":4},{"not_picked":["Choke","Blade Dance"],"picked":"Outmaneuver","floor":5},{"not_picked":["Deadly Poison","Burst"],"picked":"Noxious Fumes","floor":6},{"not_picked":["Slice","Masterful Stab"],"picked":"Dagger Spray","floor":7},{"not_picked":["Poisoned Stab","Slice"],"picked":"Footwork","floor":10},{"not_picked":["All Out Attack","Cloak And Dagger"],"picked":"Slice","floor":12},{"not_picked":["Corpse Explosion","Glass Knife"],"picked":"Doppelganger","floor":16},{"not_picked":["Deflect","Concentrate"],"picked":"Leg Sweep+1","floor":18},{"not_picked":["Quick Slash","Cloak And Dagger"],"picked":"Noxious Fumes","floor":19},{"not_picked":["Storm of Steel","Flying Knee"],"picked":"Deflect","floor":22},{"not_picked":["Dagger Spray","Deadly Poison","Riddle With Holes"],"picked":"SKIP","floor":27},{"not_picked":["Blade Dance","Crippling Poison","Masterful Stab"],"picked":"SKIP","floor":30}],"player_experience":316519,"relics_obtained":[{"floor":7,"key":"Orichalcum"},{"floor":9,"key":"Pen Nib"},{"floor":10,"key":"Regal Pillow"},{"floor":26,"key":"Kunai"}],"event_choices":[{"cards_removed":["Strike_G"],"damage_healed":0,"gold_gain":0,"player_choice":"Card Removal","damage_taken":0,"max_hp_gain":0,"max_hp_loss":0,"event_name":"The Cleric","floor":2,"gold_loss":50},{"damage_healed":0,"gold_gain":0,"player_choice":"Ignored","damage_taken":0,"max_hp_gain":0,"max_hp_loss":0,"event_name":"Liars Game","floor":14,"gold_loss":0},{"damage_healed":0,"gold_gain":0,"player_choice":"Smashed Altar","damage_taken":0,"max_hp_gain":0,"max_hp_loss":0,"event_name":"Forgotten Altar","floor":21,"gold_loss":0,"cards_obtained":["Decay"]},{"cards_removed":["Strike_G"],"damage_healed":0,"gold_gain":0,"player_choice":"Elegance","damage_taken":0,"max_hp_gain":0,"max_hp_loss":0,"event_name":"Back to Basics","floor":24,"gold_loss":0},{"cards_removed":["Strike_G"],"damage_healed":0,"gold_gain":0,"player_choice":"Offered Basic","damage_taken":0,"max_hp_gain":0,"max_hp_loss":0,"event_name":"Bonfire Elementals","floor":29,"gold_loss":0}],"is_beta":false,"boss_relics":[{"not_picked":["Busted Crown","HoveringKite"],"picked":"Philosopher\u0027s Stone"}],"items_purged_floors":[3,20],"is_endless":false,"potions_floor_spawned":[1,10,12,19,30],"killed_by":"Snake Plant","ascension_level":0}