{"path_per_floor":["M","?","?","M","M","E","R","E","T","E","?","R","M","$","R","B",null,"M","?","M","$","?","R","M","E","T","R","T","R","?","$","R","B",null,"M","$","?","M","?","R","M","M","T","R","E","M","M"],"character_chosen":"THE_SILENT","items_purchased":["Panache","Block Potion","Pen Nib","Infinite Blades"],"gold_per_floor":[118,118,118,137,154,180,180,213,264,296,296,296,315,65,65,167,167,187,187,198,19,19,19,35,68,68,68,91,91,91,16,16,111,111,127,27,0,11,11,11,29,39,119,119,147,157,171,171],"floor_reached":48,"campfire_rested":8,"playtime":4522,"current_hp_per_floor":[66,66,66,57,42,8,29,28,28,16,16,37,37,37,58,34,70,57,57,38,38,38,59,42,7,7,28,28,49,49,49,49,28,88,58,58,58,36,36,77,38,26,26,67,43,22,12,0],"items_purged":["Strike_G","Strike_G"],"gold":171,"score":571,"play_id":"550f2dd5-295b-4766-ab25-9bc60eaa709b","local_time":"20180427113300","is_prod":false,"is_daily":false,"chose_seed":false,"is_ascension_mode":true,"campfire_upgraded":1,"timestamp":1524843180,"path_taken":["M","?","?","M","M","E","R","E","T","E","?","R","M","$","R","BOSS","M","?","?","$","?","R","M","E","T","R","?","R","?","$","R","BOSS","M","$","?","M","?","R","M","M","T","R","E","?","M","?"],"build_version":"2018-04-26","seed_source_timestamp":0,"purchased_purges":3,"victory":false,"master_deck":["Defend_G+1","Defend_G+1","Defend_G+1","Defend_G+1","Defend_G+1","Survivor+1","Neutralize","Noxious Fumes+1","Choke","Terror+1","Blade Dance+1","Accuracy","Slice","Finisher","Panache","Envenom","Cloak And Dagger+1","PiercingWail+1","Bane","Deflect+1","Blade Dance+1","Noxious Fumes","Bouncing Flask+1","Infinite Blades","Prepared+1","Prepared+1","Predator","Bullet Time+1","Parasite","Pain","Parasite","Backstab","PiercingWail+1","Secret Technique+1","Calculated Gamble+1","Prepared+1","Venomology+1","Expertise+1","Malaise+1"],"max_hp_per_floor":[70,70,70,70,70,70,70,70,70,70,70,70,70,70,70,70,70,70,70,70,70,70,70,70,70,70,70,70,70,70,70,70,70,88,88,88,88,88,88,88,88,88,88,88,88,88,88,88],"relics":["Ring of the Snake","Toxic Egg 2","Oddly Smooth Stone","Darkstone Periapt","Orrery","Nloth\u0027s Gift","Pen Nib","Shuriken","Gremlin Horn","War Paint","Calling Bell","Regal Pillow","Letter Opener","Ginger","Red Mask","Tiny Chest","Dodecahedron"],"card_choices":[{"not_picked":["Caltrops","Outmaneuver"],"picked":"Noxious Fumes","floor":1.0},{"not_picked":["Quick Slash","Flying Knee"],"picked":"Choke","floor":4.0},{"not_picked":["Sucker Punch","Acrobatics"],"picked":"Terror","floor":5.0},{"not_picked":["Flying Knee","Predator"],"picked":"Blade Dance","floor":6.0},{"not_picked":["Dash","Dagger Throw"],"picked":"Accuracy","floor":8.0},{"not_picked":["Footwork","Terror"],"picked":"Slice","floor":10.0},{"not_picked":["Caltrops","Slice"],"picked":"Finisher","floor":13.0},{"not_picked":["Grand Finale","Phantasmal Killer"],"picked":"Envenom","floor":16.0},{"not_picked":["Expertise","Dodge and Roll"],"picked":"Cloak And Dagger","floor":17.0},{"not_picked":["Dodge and Roll","Dagger Throw"],"picked":"PiercingWail","floor":17.0},{"not_picked":["Heel Hook","Venomology"],"picked":"Bane","floor":17.0},{"not_picked":["Accuracy","Reflex"],"picked":"Deflect","floor":17.0},{"not_picked":["Distraction","Eviscerate"],"picked":"Blade Dance","floor":17.0},{"not_picked":["Dagger Throw","Flying Knee"],"picked":"Noxious Fumes","floor":18.0},{"not_picked":["Wraith Form v2","Dagger Throw"],"picked":"Bouncing Flask","floor":20.0},{"not_picked":["Concentrate","Quick Slash"],"picked":"Prepared","floor":24.0},{"not_picked":["Quick Slash","Sucker Punch"],"picked":"Prepared","floor":25.0},{"not_picked":["Unload","Doppelganger"],"picked":"Bullet Time","floor":33.0},{"not_picked":["Leg Sweep","Dagger Throw"],"picked":"Backstab","floor":35.0},{"not_picked":["Dagger Throw","Poisoned Stab"],"picked":"PiercingWail","floor":38.0},{"not_picked":["Flash of Steel","Enlightenment"],"picked":"Secret Technique","floor":39.0},{"not_picked":["Poisoned Stab","Terror"],"picked":"Calculated Gamble","floor":41.0},{"not_picked":["Choke","Skewer"],"picked":"Prepared","floor":42.0},{"not_picked":["Leg Sweep","Grand Finale"],"picked":"Venomology","floor":45.0},{"not_picked":["All Out Attack","Concentrate"],"picked":"Expertise","floor":46.0},{"not_picked":["Quick Slash","Prepared"],"picked":"Malaise","floor":47}],"player_experience":299378,"potions_floor_usage":[47,47,48,48,48],"damage_taken":[{"damage":4.0,"enemies":"2 Louse","floor":1.0,"turns":3.0},{"damage":9.0,"enemies":"Cultist","floor":4.0,"turns":4.0},{"damage":15.0,"enemies":"Small Slimes","floor":5.0,"turns":3.0},{"damage":34.0,"enemies":"Gremlin Nob","floor":6.0,"turns":5.0},{"damage":1.0,"enemies":"Lagavulin","floor":8.0,"turns":5.0},{"damage":12.0,"enemies":"Gremlin Nob","floor":10.0,"turns":4.0},{"damage":0.0,"enemies":"3 Louse","floor":13.0,"turns":1.0},{"damage":24.0,"enemies":"The Guardian","floor":16.0,"turns":9.0},{"damage":13.0,"enemies":"2 Thieves","floor":18.0,"turns":4.0},{"damage":19.0,"enemies":"Spheric Guardian","floor":20.0,"turns":4.0},{"damage":17.0,"enemies":"Slaver and Parasite","floor":24.0,"turns":6.0},{"damage":35.0,"enemies":"Book of Stabbing","floor":25.0,"turns":6.0},{"damage":36.0,"enemies":"Automaton","floor":33.0,"turns":6.0},{"damage":30.0,"enemies":"3 Darklings","floor":35.0,"turns":4.0},{"damage":22.0,"enemies":"3 Shapes","floor":38.0,"turns":3.0},{"damage":39.0,"enemies":"Sphere and 2 Shapes","floor":41.0,"turns":6.0},{"damage":12.0,"enemies":"3 Darklings","floor":42.0,"turns":4.0},{"damage":24.0,"enemies":"2 Orb Walkers","floor":45.0,"turns":3.0},{"damage":21.0,"enemies":"4 Shapes","floor":46.0,"turns":4.0},{"damage":13,"enemies":"Sphere and 2 Shapes","floor":47,"turns":3},{"damage":13,"enemies":"Maw","floor":48,"turns":6}],"event_choices":[{"event_name":"Bonfire Elementals","player_choice":"BASIC","floor":2.0,"damage_taken":0.0},{"event_name":"Purifier","player_choice":"One Purge","floor":3.0,"damage_taken":0.0},{"event_name":"Living Wall","player_choice":"Grow","floor":11.0,"damage_taken":0.0},{"event_name":"N\u0027loth","player_choice":"Traded a Bag of Preparation","floor":19.0,"damage_taken":0.0},{"event_name":"Back to Basics","player_choice":"Simplicity","floor":22.0,"damage_taken":0.0},{"event_name":"Transmorgrifier","player_choice":"Transform","floor":30.0,"damage_taken":0.0},{"event_name":"Tomb of Lord Red Mask","player_choice":"Paid","floor":37.0,"damage_taken":0.0},{"event_name":"SensoryStone","player_choice":"Memory 1","floor":39.0,"damage_taken":0.0}],"boss_relics":[],"potions_floor_spawned":[1,4,8,16,20,25,38,41,45,47],"seed_played":"3772231707012126059","killed_by":"Maw","ascension_level":1,"is_trial":false}