{"gold_per_floor":[119,129,129,129,142,176,176,211,246,10,10,37,37,51,51,147,147,147,147,147,147,147,147,147,147,147,147,74,74,74,74,74,74,74,74,74,74,74,74],"floor_reached":39,"playtime":3143,"items_purged":[],"score":818,"play_id":"58324c02-47bf-4a39-8d30-97d9eabe3387","local_time":"20190302215854","is_ascension_mode":true,"campfire_choices":[{"data":"Sunder","floor":7,"key":"SMITH"},{"data":"Doom and Gloom","floor":11,"key":"SMITH"},{"floor":13,"key":"REST"},{"data":"Beam Cell","floor":15,"key":"SMITH"},{"floor":23,"key":"REST"},{"data":"Storm","floor":29,"key":"SMITH"},{"floor":32,"key":"REST"}],"neow_cost":"NONE","seed_source_timestamp":1531859027303601,"circlet_count":0,"master_deck":["AscendersBane","Strike_B","Strike_B","Strike_B","Defend_B","Defend_B","Defend_B","Defend_B","Zap","Dualcast","Ball Lightning","Sunder+1","Ball Lightning","Doom and Gloom+1","Beam Cell+1","Leap","Creative AI","Glacier","Fusion+1","Stack","Storm+1","Leap+1","Glacier","Fission","Cold Snap+1","Hologram"],"relics":["FrozenCore","NeowsBlessing","Boot","MawBank","PreservedInsect","Singing Bowl","DataDisk","Ectoplasm","Anchor","Mummified Hand","Shovel"],"potions_floor_usage":[12,16,33,33,39,39],"damage_taken":[{"damage":0,"enemies":"Jaw Worm","floor":1,"turns":1},{"damage":0,"enemies":"Cultist","floor":2,"turns":1},{"damage":0,"enemies":"2 Louse","floor":5,"turns":1},{"damage":15,"enemies":"3 Sentries","floor":6,"turns":6},{"damage":25,"enemies":"Lagavulin","floor":8,"turns":6},{"damage":0,"enemies":"Gremlin Nob","floor":12,"turns":2},{"damage":8,"enemies":"Blue Slaver","floor":14,"turns":2},{"damage":0,"enemies":"Slime Boss","floor":16,"turns":6},{"damage":6,"enemies":"Spheric Guardian","floor":18,"turns":3},{"damage":16,"enemies":"Shell Parasite","floor":19,"turns":4},{"damage":24,"enemies":"Snake Plant","floor":20,"turns":3},{"damage":9,"enemies":"Sentry and Sphere","floor":22,"turns":4},{"damage":9,"enemies":"3 Cultists","floor":24,"turns":4},{"damage":18,"enemies":"Cultist and Chosen","floor":30,"turns":5},{"damage":11,"enemies":"Centurion and Healer","floor":31,"turns":7},{"damage":0,"enemies":"Automaton","floor":33,"turns":8},{"damage":35,"enemies":"3 Darklings","floor":35,"turns":8},{"damage":3,"enemies":"Orb Walker","floor":36,"turns":3},{"damage":0,"enemies":"Mind Bloom Boss Battle","floor":37,"turns":10},{"damage":35,"enemies":"Maw","floor":38,"turns":8},{"damage":15,"enemies":"Transient","floor":39,"turns":2}],"seed_played":"1089547133376242858","potions_obtained":[{"floor":1,"key":"Explosive Potion"},{"floor":4,"key":"Fire Potion"},{"floor":5,"key":"Dexterity Potion"},{"floor":12,"key":"Block Potion"},{"floor":19,"key":"FearPotion"},{"floor":24,"key":"PowerPotion"},{"floor":33,"key":"Strength Potion"},{"floor":38,"key":"FocusPotion"}],"is_trial":false,"path_per_floor":["M","M","?","?","M","E","R","E","T","$","R","E","R","M","R","B",null,"M","M","M","?","M","R","M","?","T","T","$","R","M","M","R","B",null,"M","M","?","M","M"],"character_chosen":"DEFECT","items_purchased":["Singing Bowl","Storm"],"campfire_rested":3,"item_purchase_floors":[10,28],"current_hp_per_floor":[68,68,73,73,73,58,58,33,33,33,33,33,57,49,49,49,72,66,52,28,28,19,43,36,36,36,36,36,36,18,7,32,32,71,38,35,37,2,0],"gold":74,"neow_bonus":"THREE_ENEMY_KILL","is_prod":false,"is_daily":false,"chose_seed":false,"campfire_upgraded":4,"win_rate":0,"timestamp":1551581934,"path_taken":["M","M","?","?","M","E","R","E","T","$","R","E","R","M","R","BOSS","M","M","M","?","M","R","M","?","T","?","$","R","M","M","R","BOSS","M","M","?","M","M"],"build_version":"2019-01-23","purchased_purges":0,"victory":false,"max_hp_per_floor":[75,75,80,80,80,80,80,80,80,80,80,80,80,80,80,80,80,80,82,82,82,82,82,84,84,84,84,84,84,84,84,84,84,84,86,86,88,88,88],"card_choices":[{"not_picked":["Melter","Coolheaded"],"picked":"Ball Lightning","floor":1},{"not_picked":["Cold Snap","Scrape"],"picked":"Sunder","floor":2},{"not_picked":["Turbo","Reprogram"],"picked":"Ball Lightning","floor":5},{"not_picked":["Lockon","Recycle"],"picked":"Doom and Gloom","floor":6},{"not_picked":["Melter","BootSequence","Barrage"],"picked":"SKIP","floor":8},{"not_picked":["Static Discharge","Go for the Eyes"],"picked":"Beam Cell","floor":12},{"not_picked":["Stack","Sunder"],"picked":"Leap","floor":14},{"not_picked":["Core Surge","Buffer"],"picked":"Creative AI","floor":16},{"not_picked":["Steam Power","Beam Cell"],"picked":"Glacier","floor":18},{"not_picked":["Force Field","Turbo+1","Steam"],"picked":"Singing Bowl","floor":19},{"not_picked":["Tempest+1","Steam"],"picked":"Fusion+1","floor":20},{"not_picked":["Fusion","Streamline"],"picked":"Stack","floor":22},{"not_picked":["Chill+1","Redo","Fusion+1"],"picked":"Singing Bowl","floor":24},{"not_picked":["Steam Power+1","Steam"],"picked":"Leap+1","floor":30},{"not_picked":["Chaos+1","Hologram"],"picked":"Glacier","floor":31},{"not_picked":["Rainbow","Reboot"],"picked":"Fission","floor":33},{"not_picked":["Rip and Tear+1","Auto Shields","Storm"],"picked":"Singing Bowl","floor":35},{"not_picked":["Conserve Battery+1","Rip and Tear+1"],"picked":"Cold Snap+1","floor":36},{"not_picked":["Melter","Fusion+1","Doom and Gloom"],"picked":"Singing Bowl","floor":37},{"not_picked":["Steam","Turbo"],"picked":"Hologram","floor":38}],"player_experience":625691,"relics_obtained":[{"floor":6,"key":"Boot"},{"floor":8,"key":"MawBank"},{"floor":9,"key":"PreservedInsect"},{"floor":12,"key":"DataDisk"},{"floor":26,"key":"Anchor"},{"floor":27,"key":"Mummified Hand"},{"floor":37,"key":"Shovel"}],"event_choices":[{"damage_healed":0,"gold_gain":0,"player_choice":"Donut","damage_taken":0,"max_hp_gain":5,"max_hp_loss":0,"event_name":"Big Fish","floor":3,"gold_loss":0},{"damage_healed":0,"gold_gain":0,"player_choice":"Got Potions","damage_taken":0,"max_hp_gain":0,"max_hp_loss":0,"event_name":"Lab","floor":4,"gold_loss":0},{"damage_healed":0,"gold_gain":0,"player_choice":"Ignored","damage_taken":0,"max_hp_gain":0,"max_hp_loss":0,"event_name":"Cursed Tome","floor":21,"gold_loss":0},{"cards_removed":["Strike_B"],"damage_healed":0,"gold_gain":0,"player_choice":"Elegance","damage_taken":0,"max_hp_gain":0,"max_hp_loss":0,"event_name":"Back to Basics","floor":25,"gold_loss":0},{"damage_healed":0,"gold_gain":0,"player_choice":"Fight","damage_taken":0,"max_hp_gain":0,"max_hp_loss":0,"event_name":"MindBloom","floor":37,"gold_loss":0}],"is_beta":false,"boss_relics":[{"not_picked":["Runic Dome","Astrolabe"],"picked":"Ectoplasm"},{"not_picked":["Calling Bell","Eternal Feather"],"picked":"FrozenCore"}],"items_purged_floors":[],"is_endless":false,"potions_floor_spawned":[1,5,12,19,24,33,38],"killed_by":"Transient","ascension_level":11}