{"gold_per_floor":[116,116,116,136,156,156,200,200,200,240,240,254,272,297,297,423,423,446,57,70,88,107,107,151,151,200,125,40,15,33,33,33,133,133,152,152,7,25,41,41,57,157,181,204,59,76,0,46,46,46],"floor_reached":50,"playtime":2626,"items_purged":["Strike_R"],"score":521,"play_id":"ca7bdd66-33a5-4d98-a534-d7ffa10f4b79","local_time":"20190106123843","is_ascension_mode":true,"campfire_choices":[{"data":"Body Slam","floor":6,"key":"SMITH"},{"data":"Bash","floor":8,"key":"SMITH"},{"data":"Entrench","floor":15,"key":"SMITH"},{"data":"Flame Barrier","floor":23,"key":"SMITH"},{"data":"Pummel","floor":25,"key":"SMITH"},{"data":"Flex","floor":32,"key":"SMITH"},{"floor":40,"key":"REST"},{"floor":49,"key":"REST"}],"neow_cost":"NONE","seed_source_timestamp":388189437650017,"circlet_count":0,"master_deck":["Strike_R","Strike_R","Strike_R","Defend_R","Defend_R","Defend_R","Defend_R","Bash+1","Flame Barrier+1","Body Slam+1","Cleave","Pummel+1","Armaments+1","Entrench+1","Cleave","Iron Wave","Reaper","Body Slam+1","Iron Wave","Anger","Spot Weakness","Anger+1","Flex+1","Headbutt+1","Impervious","Flame Barrier+1","Headbutt+1","Second Wind+1","Rage+1","Armaments+1","Barricade+1","Feed","Flex+1"],"relics":["Burning Blood","NeowsBlessing","Bloody Idol","Bottled Lightning","Shuriken","Meat on the Bone","Philosopher\u0027s Stone","Frozen Egg 2","Boot","Regal Pillow","Anchor","Fusion Hammer","Oddly Smooth Stone","Charon\u0027s Ashes","MawBank","Red Mask","Nunchaku"],"potions_floor_usage":[7,7,10,12,16,20,30,33,48,50,50,50],"damage_taken":[{"damage":0,"enemies":"Small Slimes","floor":1,"turns":1},{"damage":0,"enemies":"Cultist","floor":4,"turns":1},{"damage":0,"enemies":"2 Louse","floor":5,"turns":1},{"damage":41,"enemies":"Lagavulin","floor":7,"turns":9},{"damage":21,"enemies":"3 Sentries","floor":10,"turns":8},{"damage":13,"enemies":"Exordium Wildlife","floor":12,"turns":5},{"damage":1,"enemies":"Looter","floor":13,"turns":4},{"damage":3,"enemies":"Large Slime","floor":14,"turns":6},{"damage":21,"enemies":"The Guardian","floor":16,"turns":16},{"damage":56,"enemies":"Spheric Guardian","floor":18,"turns":8},{"damage":19,"enemies":"Shell Parasite","floor":20,"turns":4},{"damage":28,"enemies":"Cultist and Chosen","floor":21,"turns":7},{"damage":24,"enemies":"Snake Plant","floor":22,"turns":4},{"damage":24,"enemies":"Gremlin Leader","floor":24,"turns":5},{"damage":11,"enemies":"Centurion and Healer","floor":30,"turns":4},{"damage":85,"enemies":"Automaton","floor":33,"turns":11},{"damage":15,"enemies":"Orb Walker","floor":35,"turns":3},{"damage":0,"enemies":"3 Darklings","floor":38,"turns":3},{"damage":70,"enemies":"Writhing Mass","floor":39,"turns":5},{"damage":58,"enemies":"Maw","floor":41,"turns":8},{"damage":0,"enemies":"Mind Bloom Boss Battle","floor":42,"turns":6},{"damage":34,"enemies":"Transient","floor":44,"turns":5},{"damage":16,"enemies":"Jaw Worm Horde","floor":46,"turns":6},{"damage":59,"enemies":"2 Orb Walkers","floor":48,"turns":6},{"damage":97,"enemies":"Donu and Deca","floor":50,"turns":7}],"seed_played":"-1005614016150224393","potions_obtained":[{"floor":3,"key":"Weak Potion"},{"floor":3,"key":"FairyPotion"},{"floor":3,"key":"Swift Potion"},{"floor":5,"key":"Dexterity Potion"},{"floor":7,"key":"Energy Potion"},{"floor":10,"key":"Swift Potion"},{"floor":13,"key":"Swift Potion"},{"floor":14,"key":"Explosive Potion"},{"floor":21,"key":"Ancient Potion"},{"floor":24,"key":"Fire Potion"},{"floor":30,"key":"Dexterity Potion"},{"floor":38,"key":"SteroidPotion"},{"floor":41,"key":"LiquidBronze"},{"floor":48,"key":"LiquidBronze"}],"is_trial":false,"path_per_floor":["M","?","?","M","M","R","E","R","T","E","?","M","M","M","R","B",null,"M","$","M","M","M","R","E","R","T","?","?","$","M","?","R","B",null,"M","?","$","M","M","R","M","?","T","M","$","M","?","?","R","B"],"character_chosen":"IRONCLAD","items_purchased":["Iron Wave","Frozen Egg 2","Flex","Oddly Smooth Stone","Barricade+1"],"campfire_rested":2,"item_purchase_floors":[19,19,29,37,45],"current_hp_per_floor":[80,74,74,74,74,74,39,39,39,24,24,29,46,49,49,46,74,41,41,40,36,30,30,35,35,35,35,35,35,42,42,42,25,74,70,70,70,74,27,64,38,49,54,57,62,57,57,31,68,0],"gold":46,"neow_bonus":"THREE_ENEMY_KILL","is_prod":false,"is_daily":false,"chose_seed":false,"campfire_upgraded":6,"win_rate":0,"timestamp":1546774723,"path_taken":["M","?","?","M","?","R","E","R","T","E","?","M","M","M","R","BOSS","M","$","M","M","M","R","E","R","T","?","?","$","M","?","R","BOSS","M","?","$","M","M","R","M","?","T","M","$","M","?","?","R","BOSS"],"build_version":"2019-01-03v4","purchased_purges":1,"victory":false,"max_hp_per_floor":[80,74,74,74,74,74,74,74,74,74,74,74,74,74,74,74,74,74,74,74,74,74,74,74,74,74,74,74,74,74,74,74,74,74,74,74,74,74,74,74,74,74,74,74,74,74,74,74,74,74],"card_choices":[{"not_picked":["Flex","Wild Strike"],"picked":"Flame Barrier","floor":1},{"not_picked":["Ghostly Armor","Entrench"],"picked":"Body Slam","floor":4},{"not_picked":["Thunderclap","Sword Boomerang"],"picked":"Cleave","floor":5},{"not_picked":["Heavy Blade","Immolate"],"picked":"Pummel","floor":7},{"not_picked":["Twin Strike","Headbutt"],"picked":"Armaments","floor":10},{"not_picked":["Metallicize","Corruption"],"picked":"Entrench","floor":12},{"not_picked":["Armaments","Clash"],"picked":"Cleave","floor":13},{"not_picked":["Perfected Strike","Havoc"],"picked":"Iron Wave","floor":14},{"not_picked":["Dark Embrace","Offering"],"picked":"Reaper","floor":16},{"not_picked":["Cleave","Rage"],"picked":"Body Slam+1","floor":18},{"not_picked":["Sword Boomerang","Pommel Strike"],"picked":"Anger","floor":20},{"not_picked":["Sentinel","Anger"],"picked":"Spot Weakness","floor":21},{"not_picked":["Headbutt","Havoc"],"picked":"Anger+1","floor":22},{"not_picked":["Wild Strike+1","Flame Barrier"],"picked":"Twin Strike","floor":24},{"not_picked":["Power Through","Cleave"],"picked":"Headbutt+1","floor":30},{"not_picked":["Double Tap","Reaper"],"picked":"Impervious","floor":33},{"not_picked":["Cleave","Havoc","True Grit"],"picked":"SKIP","floor":35},{"not_picked":["Dropkick","Clash+1"],"picked":"Flame Barrier+1","floor":38},{"not_picked":["Twin Strike","Havoc+1"],"picked":"Headbutt+1","floor":39},{"not_picked":["Searing Blow+1","Cleave"],"picked":"Second Wind+1","floor":41},{"not_picked":["Disarm+1","True Grit+1"],"picked":"Rage+1","floor":42},{"not_picked":["Thunderclap+1","Heavy Blade"],"picked":"Armaments+1","floor":44},{"not_picked":["Corruption+1","Combust+1"],"picked":"Feed","floor":46},{"not_picked":["Anger+1","Iron Wave+1"],"picked":"Flex+1","floor":48}],"player_experience":485336,"relics_obtained":[{"floor":7,"key":"Bottled Lightning"},{"floor":9,"key":"Shuriken"},{"floor":10,"key":"Meat on the Bone"},{"floor":24,"key":"Boot"},{"floor":26,"key":"Regal Pillow"},{"floor":42,"key":"Charon\u0027s Ashes"},{"floor":43,"key":"MawBank"},{"floor":48,"key":"Nunchaku"}],"event_choices":[{"damage_healed":0,"gold_gain":0,"player_choice":"Lose Max HP","damage_taken":0,"relics_obtained":["Golden Idol"],"max_hp_gain":0,"max_hp_loss":6,"event_name":"Golden Idol","floor":2,"gold_loss":0},{"damage_healed":0,"gold_gain":0,"player_choice":"Got Potions","damage_taken":0,"max_hp_gain":0,"max_hp_loss":0,"event_name":"Lab","floor":3,"gold_loss":0},{"damage_healed":0,"gold_gain":0,"player_choice":"Grow","damage_taken":0,"max_hp_gain":0,"max_hp_loss":0,"event_name":"Living Wall","floor":11,"gold_loss":0,"cards_upgraded":["Armaments"]},{"cards_removed":["Strike_R"],"damage_healed":0,"gold_gain":0,"player_choice":"Gave Gold","damage_taken":0,"max_hp_gain":0,"max_hp_loss":0,"event_name":"Beggar","floor":27,"gold_loss":75},{"damage_healed":0,"gold_gain":0,"player_choice":"Obtained Relic","damage_taken":0,"relics_obtained":["Anchor"],"max_hp_gain":0,"max_hp_loss":0,"event_name":"Addict","floor":28,"gold_loss":85},{"damage_healed":0,"gold_gain":0,"player_choice":"Gave Idol","damage_taken":0,"relics_obtained":["Bloody Idol"],"max_hp_gain":0,"max_hp_loss":0,"event_name":"Forgotten Altar","floor":31,"relics_lost":["Golden Idol"],"gold_loss":0},{"cards_removed":["Twin Strike"],"damage_healed":0,"gold_gain":0,"player_choice":"Removed Attack","damage_taken":0,"max_hp_gain":0,"max_hp_loss":0,"event_name":"Falling","floor":36,"gold_loss":0},{"damage_healed":0,"gold_gain":0,"player_choice":"Fight","damage_taken":0,"max_hp_gain":0,"max_hp_loss":0,"event_name":"MindBloom","floor":42,"gold_loss":0},{"damage_healed":0,"gold_gain":0,"player_choice":"Paid","damage_taken":0,"relics_obtained":["Red Mask"],"max_hp_gain":0,"max_hp_loss":0,"event_name":"Tomb of Lord Red Mask","floor":47,"gold_loss":76},{"damage_healed":0,"gold_gain":0,"player_choice":"Fight","damage_taken":0,"max_hp_gain":0,"max_hp_loss":0,"event_name":"Mysterious Sphere","floor":48,"gold_loss":0}],"is_beta":false,"boss_relics":[{"not_picked":["Runic Cube","Pandora\u0027s Box"],"picked":"Philosopher\u0027s Stone"},{"not_picked":["Eternal Feather","Mark of Pain"],"picked":"Fusion Hammer"}],"items_purged_floors":[19],"is_endless":false,"potions_floor_spawned":[5,7,10,13,14,21,24,30,38,41,48],"killed_by":"Donu and Deca","ascension_level":2}