{"path_per_floor":["M","?","M","M","M","E","M","$","T","M","M","M","M","M","R","B",null,"M","M","?","?","M","R","E","R","T","$","M","M","R","?","R"],"character_chosen":"IRONCLAD","items_purchased":["Infernal Blade","Evolve","Mummified Hand","Havoc"],"gold_per_floor":[115,115,133,152,163,194,208,26,26,45,60,76,96,111,111,208,208,221,231,231,231,247,247,279,279,303,5,25,43,43,43,43],"floor_reached":33,"campfire_rested":4,"playtime":3474,"current_hp_per_floor":[78,78,80,75,63,45,50,50,50,34,33,39,36,40,64,41,80,65,64,64,48,34,58,33,57,57,57,65,64,64,49,74],"items_purged":["Strike_R"],"gold":43,"score":275,"play_id":"96b560cd-4455-4409-9132-18edf078b925","local_time":"20180319032529","is_prod":false,"is_daily":false,"is_ascension_mode":false,"campfire_upgraded":1,"timestamp":1521444329,"path_taken":["M","?","M","M","M","E","M","$","T","?","M","M","M","M","R","BOSS","M","M","?","?","M","R","E","R","T","$","M","M","R","?","R","BOSS"],"build_version":"2018-03-15v3","purchased_purges":1,"victory":false,"master_deck":["Strike_R+1","Strike_R+1","Strike_R+1","Strike_R+1","Defend_R+1","Defend_R+1","Defend_R+1","Defend_R+1","Bash","Metallicize+1","Heavy Blade","Body Slam+1","Seeing Red","Iron Wave","Disarm","Infernal Blade","Evolve","Fiend Fire","Inflame","Sentinel","Feel No Pain","Warcry","Impervious","Cleave","Spot Weakness","Corruption","Immolate","Havoc","Twin Strike+1","Reaper"],"max_hp_per_floor":[80,80,80,80,80,80,80,80,80,80,80,80,80,80,80,80,80,80,80,80,80,80,80,80,80,80,80,80,80,80,85,85],"relics":["Burning Blood","Champion Belt","Pen Nib","Velvet Choker","Enchiridion","Blood Vial","Orichalcum","Mummified Hand"],"card_choices":[{"not_picked":["Rampage","Thunderclap"],"picked":"Metallicize"},{"not_picked":["Clothesline","Anger"],"picked":"Heavy Blade"},{"not_picked":["Anger","Offering"],"picked":"Body Slam"},{"not_picked":["Armaments","Twin Strike"],"picked":"Seeing Red"},{"not_picked":["Armaments","Heavy Blade"],"picked":"Iron Wave"},{"not_picked":["Body Slam","Pommel Strike"],"picked":"Disarm"},{"not_picked":["Body Slam","Seeing Red"],"picked":"Fiend Fire"},{"not_picked":["True Grit","Anger"],"picked":"Inflame"},{"not_picked":["Feel No Pain","Evolve"],"picked":"Sentinel"},{"not_picked":["Perfected Strike","Battle Trance"],"picked":"Feel No Pain"},{"not_picked":["Headbutt","Bloodletting"],"picked":"Warcry"},{"not_picked":["Limit Break","Reaper"],"picked":"Impervious"},{"not_picked":["Feel No Pain","Shrug It Off"],"picked":"Cleave"},{"not_picked":["Shrug It Off","Heavy Blade"],"picked":"Spot Weakness"},{"not_picked":["Intimidate","Headbutt"],"picked":"Corruption"},{"not_picked":["Sentinel","Wild Strike"],"picked":"Immolate"},{"not_picked":["Combust","Body Slam"],"picked":"Twin Strike"},{"not_picked":["True Grit","Pommel Strike"],"picked":"Reaper"}],"player_experience":183739,"potions_floor_usage":[12,22,24],"damage_taken":[{"damage":8,"enemies":"Small Slimes","floor":1,"turns":3},{"damage":0,"enemies":"Cultist","floor":3,"turns":4},{"damage":11,"enemies":"2 Louse","floor":4,"turns":3},{"damage":18,"enemies":"Red Slaver","floor":5,"turns":5},{"damage":24,"enemies":"3 Sentries","floor":6,"turns":10},{"damage":1,"enemies":"Blue Slaver","floor":7,"turns":5},{"damage":22,"enemies":"3 Louse","floor":10,"turns":5},{"damage":7,"enemies":"Looter","floor":11,"turns":2},{"damage":0,"enemies":"Large Slime","floor":12,"turns":6},{"damage":9,"enemies":"Blue Slaver","floor":13,"turns":4},{"damage":2,"enemies":"Exordium Wildlife","floor":14,"turns":4},{"damage":29,"enemies":"Hexaghost","floor":16,"turns":13},{"damage":21,"enemies":"Shell Parasite","floor":18,"turns":7},{"damage":7,"enemies":"Chosen","floor":19,"turns":6},{"damage":20,"enemies":"Centurion and Healer","floor":22,"turns":5},{"damage":31,"enemies":"Slavers","floor":24,"turns":5},{"damage":0,"enemies":"3 Cultists","floor":28,"turns":5},{"damage":9,"enemies":"Snake Plant","floor":29,"turns":3},{"damage":0,"enemies":"Automaton","floor":33,"turns":2}],"event_choices":[{"event_name":"Upgrade Shrine","player_choice":"Upgraded","floor":2,"damage_taken":0},{"event_name":"Back to Basics","player_choice":"Simplicity","floor":20,"damage_taken":0},{"event_name":"Cursed Tome","player_choice":"Obtained Book","floor":21,"damage_taken":0},{"event_name":"Forgotten Altar","player_choice":"Shed Blood","floor":31,"damage_taken":0}],"boss_relics":[{"not_picked":["Black Star","Philosopher\u0027s Stone"],"picked":"Velvet Choker"}],"potions_floor_spawned":[1,3,6,12,14,16,22,24,29],"seed_played":"8892354480019343461","killed_by":"Automaton","ascension_level":0,"is_trial":false}