{"gold_per_floor":[111,121,121,121,142,142,186,186,232,232,262,287,303,253,253,376,376,346,271,291,316,11,11,11,36,36,36,59,59,59,59],"floor_reached":31,"playtime":1085,"items_purged":[],"score":364,"play_id":"9e5cc6f1-a8a8-452e-9a77-af26302737a1","local_time":"20190201170102","is_ascension_mode":true,"campfire_choices":[{"data":"Footwork","floor":6,"key":"SMITH"},{"floor":8,"key":"REST"},{"data":"Noxious Fumes","floor":10,"key":"SMITH"},{"data":"Dagger Spray","floor":15,"key":"SMITH"},{"floor":23,"key":"REST"},{"data":"Burst","floor":27,"key":"SMITH"},{"data":"Bouncing Flask","floor":29,"key":"SMITH"}],"neow_cost":"NONE","seed_source_timestamp":1018654311847829,"circlet_count":0,"master_deck":["AscendersBane","Defend_G","Defend_G","Defend_G","Defend_G","Defend_G","Survivor","Neutralize+1","Flying Knee","Footwork+1","Flying Knee","Noxious Fumes+1","Deflect","Dagger Spray+1","Burst+1","Poisoned Stab","PiercingWail","Terror+1","Bouncing Flask+1","Concentrate","Concentrate"],"relics":["Ring of the Snake","Golden Idol","Art of War","Strawberry","Busted Crown","Paper Crane","Anchor"],"potions_floor_usage":[7,12,16,25,31],"damage_taken":[{"damage":8,"enemies":"Small Slimes","floor":1,"turns":5},{"damage":3,"enemies":"Jaw Worm","floor":2,"turns":5},{"damage":0,"enemies":"2 Louse","floor":5,"turns":3},{"damage":20,"enemies":"3 Sentries","floor":7,"turns":15},{"damage":8,"enemies":"Exordium Thugs","floor":12,"turns":5},{"damage":0,"enemies":"Large Slime","floor":13,"turns":7},{"damage":11,"enemies":"Hexaghost","floor":16,"turns":11},{"damage":17,"enemies":"2 Thieves","floor":18,"turns":5},{"damage":0,"enemies":"Shell Parasite","floor":20,"turns":7},{"damage":12,"enemies":"Snake Plant","floor":21,"turns":7},{"damage":15,"enemies":"Shelled Parasite and Fungi","floor":25,"turns":8},{"damage":0,"enemies":"Chosen and Byrds","floor":28,"turns":8},{"damage":39,"enemies":"Masked Bandits","floor":31,"turns":3}],"seed_played":"-2690988980944712282","potions_obtained":[{"floor":1,"key":"Dexterity Potion"},{"floor":7,"key":"AttackPotion"},{"floor":12,"key":"Block Potion"},{"floor":20,"key":"Ancient Potion"},{"floor":21,"key":"SteroidPotion"},{"floor":28,"key":"Explosive Potion"}],"is_trial":false,"path_per_floor":["M","M","?","?","M","R","E","R","T","R","?","M","M","?","R","B",null,"M","?","M","M","$","R","?","M","T","R","M","R","?","?"],"character_chosen":"THE_SILENT","items_purchased":["Paper Crane","PiercingWail"],"campfire_rested":2,"item_purchase_floors":[22,22],"current_hp_per_floor":[55,52,52,45,45,45,25,44,51,51,51,43,43,43,43,32,62,45,45,45,33,33,54,54,39,39,39,39,39,39,0],"gold":59,"neow_bonus":"UPGRADE_CARD","is_prod":false,"is_daily":false,"chose_seed":false,"campfire_upgraded":5,"win_rate":0,"timestamp":1549036862,"path_taken":["M","M","?","?","M","R","E","R","T","R","?","M","M","?","R","BOSS","M","?","M","M","$","R","?","M","T","R","?","R","?","?"],"build_version":"2019-01-23","purchased_purges":0,"victory":false,"max_hp_per_floor":[70,70,65,65,65,65,65,65,72,72,72,72,72,72,72,72,72,72,72,72,72,72,72,72,72,72,72,72,72,72,72],"card_choices":[{"not_picked":["Catalyst","Slice"],"picked":"Flying Knee","floor":1},{"not_picked":["Dash","Acrobatics"],"picked":"Footwork","floor":2},{"not_picked":["Deadly Poison","Deflect"],"picked":"Flying Knee","floor":5},{"not_picked":["Concentrate","Heel Hook"],"picked":"Noxious Fumes","floor":7},{"not_picked":["Acrobatics","Backstab"],"picked":"Deflect","floor":12},{"not_picked":["Flechettes","Dagger Throw"],"picked":"Dagger Spray","floor":13},{"not_picked":["Doppelganger","Glass Knife"],"picked":"Burst","floor":16},{"not_picked":["Expertise"],"picked":"SKIP","floor":18},{"not_picked":[],"picked":"Poisoned Stab","floor":20},{"not_picked":["Accuracy+1"],"picked":"SKIP","floor":21},{"not_picked":[],"picked":"Terror+1","floor":25},{"not_picked":[],"picked":"Bouncing Flask","floor":28}],"player_experience":569554,"relics_obtained":[{"floor":7,"key":"Art of War"},{"floor":9,"key":"Strawberry"},{"floor":26,"key":"Anchor"}],"event_choices":[{"damage_healed":0,"gold_gain":0,"player_choice":"Lose Max HP","damage_taken":0,"relics_obtained":["Golden Idol"],"max_hp_gain":0,"max_hp_loss":5,"event_name":"Golden Idol","floor":3,"gold_loss":0},{"cards_removed":["Strike_G"],"damage_healed":0,"gold_gain":0,"player_choice":"Card Removal","damage_taken":7,"max_hp_gain":0,"max_hp_loss":0,"event_name":"Golden Wing","floor":4,"gold_loss":0},{"damage_healed":0,"gold_gain":30,"player_choice":"Searched \u00271\u0027 times","damage_taken":0,"max_hp_gain":0,"max_hp_loss":0,"event_name":"Dead Adventurer","floor":11,"gold_loss":0},{"cards_removed":["Strike_G"],"damage_healed":0,"gold_gain":0,"player_choice":"Card Removal","damage_taken":0,"max_hp_gain":0,"max_hp_loss":0,"event_name":"The Cleric","floor":14,"gold_loss":50},{"cards_removed":["Strike_G"],"damage_healed":0,"gold_gain":0,"player_choice":"Gave Gold","damage_taken":0,"max_hp_gain":0,"max_hp_loss":0,"event_name":"Beggar","floor":19,"gold_loss":75},{"damage_healed":0,"gold_gain":0,"player_choice":"Ignored","damage_taken":0,"max_hp_gain":0,"max_hp_loss":0,"event_name":"N\u0027loth","floor":24,"gold_loss":0},{"damage_healed":0,"gold_gain":0,"cards_transformed":["Strike_G","Strike_G"],"player_choice":"Became Test Subject","damage_taken":0,"max_hp_gain":0,"max_hp_loss":0,"event_name":"Drug Dealer","floor":30,"gold_loss":0,"cards_obtained":["Concentrate","Concentrate"]},{"damage_healed":0,"gold_gain":0,"player_choice":"Fought Bandits","damage_taken":0,"max_hp_gain":0,"max_hp_loss":0,"event_name":"Masked Bandits","floor":31,"gold_loss":0}],"is_beta":false,"boss_relics":[{"not_picked":["Runic Pyramid","HoveringKite"],"picked":"Busted Crown"}],"items_purged_floors":[],"is_endless":false,"potions_floor_spawned":[1,7,12,20,21,28],"killed_by":"Masked Bandits","ascension_level":11}