{"gold_per_floor":[118,193,208,158,158,187,199,199,199,210,230,230,74,94,94,94],"floor_reached":16,"playtime":702,"items_purged":["Defend_B"],"score":102,"play_id":"77e49e98-046b-4fcb-be4d-d189916eb1db","local_time":"20181005180957","is_ascension_mode":false,"campfire_choices":[{"floor":8,"key":"REST"},{"data":"BootSequence","floor":12,"key":"SMITH"},{"data":"Heatsinks","floor":15,"key":"SMITH"}],"neow_cost":"NONE","seed_source_timestamp":289729789813021,"circlet_count":0,"master_deck":["Strike_B","Strike_B","Strike_B","Defend_B","Defend_B","Defend_B","Zap+1","Dualcast","Turbo","Heatsinks+1","Finesse","Turbo","Cold Snap","Steam","FTL+1","BootSequence+1","Storm","Gash+1"],"relics":["Cracked Core","Singing Bowl","Molten Egg 2"],"potions_floor_usage":[6,16,16],"damage_taken":[{"damage":0,"enemies":"Cultist","floor":1,"turns":3},{"damage":7,"enemies":"Jaw Worm","floor":3,"turns":4},{"damage":44,"enemies":"3 Sentries","floor":6,"turns":10},{"damage":0,"enemies":"Small Slimes","floor":7,"turns":3},{"damage":4,"enemies":"3 Louse","floor":10,"turns":4},{"damage":0,"enemies":"2 Fungi Beasts","floor":11,"turns":5},{"damage":0,"enemies":"Blue Slaver","floor":14,"turns":4},{"damage":33,"enemies":"The Guardian","floor":16,"turns":14}],"seed_played":"-8072764670970573839","potions_obtained":[{"floor":3,"key":"FocusPotion"},{"floor":6,"key":"AttackPotion"},{"floor":7,"key":"AttackPotion"}],"is_trial":false,"path_per_floor":["M","?","M","?","?","E","M","R","T","M","M","R","$","M","R"],"character_chosen":"DEFECT","items_purchased":["Storm"],"campfire_rested":1,"item_purchase_floors":[13],"current_hp_per_floor":[75,64,57,57,57,13,13,35,35,31,31,31,31,31,31,0],"gold":94,"neow_bonus":"UPGRADE_CARD","is_prod":false,"is_daily":false,"chose_seed":false,"campfire_upgraded":2,"win_rate":0,"timestamp":1538755797,"path_taken":["M","?","M","?","?","E","?","R","T","M","M","R","$","M","R","BOSS"],"build_version":"2018-10-04","purchased_purges":1,"victory":false,"max_hp_per_floor":[75,75,75,75,75,75,75,75,75,75,75,75,75,75,75,75],"card_choices":[{"not_picked":["Rebound","Barrage"],"picked":"Turbo","floor":1},{"not_picked":["Sunder","Streamline"],"picked":"Heatsinks","floor":3},{"not_picked":["Steam","Streamline"],"picked":"Cold Snap","floor":6},{"not_picked":["Gash","Conserve Battery"],"picked":"Steam","floor":7},{"not_picked":["Ball Lightning+1","Coolheaded"],"picked":"FTL+1","floor":10},{"not_picked":["FTL+1","Barrage+1"],"picked":"BootSequence","floor":11},{"not_picked":["Sweeping Beam+1","Lockon+1"],"picked":"Gash+1","floor":14}],"player_experience":180420,"relics_obtained":[{"floor":6,"key":"Singing Bowl"},{"floor":9,"key":"Molten Egg 2"}],"event_choices":[{"event_name":"World of Goop","player_choice":"Gather Gold","floor":2,"damage_taken":0},{"event_name":"The Cleric","player_choice":"Card Removal","floor":4,"damage_taken":0},{"event_name":"Match and Keep!","player_choice":"2 cards matched","floor":5,"damage_taken":0}],"is_beta":false,"boss_relics":[],"items_purged_floors":[13],"is_endless":false,"potions_floor_spawned":[3,6,7],"killed_by":"The Guardian","ascension_level":0}