{"gold_per_floor":[112,112,112,127,140,140,169,169,237,270,223,323,3,78,78,180,180,193,93,110,110,10,39,39,39,39,68,102,62,62,62,62,164,164,180,180,23,0,0,0,14,40,40,40,75,75,52,69,69,69],"floor_reached":51,"playtime":2998,"items_purged":["Pain","Doubt"],"score":1017,"play_id":"b15d4827-68f7-4b30-bf6f-c67be3d6074d","local_time":"20181129191154","is_ascension_mode":true,"campfire_choices":[{"data":"Noxious Fumes","floor":6,"key":"SMITH"},{"floor":8,"key":"REST"},{"data":"Apotheosis","floor":15,"key":"SMITH"},{"data":"Footwork","floor":25,"key":"SMITH"},{"data":"Footwork","floor":30,"key":"SMITH"},{"floor":32,"key":"REST"},{"floor":40,"key":"REST"},{"data":"Madness","floor":44,"key":"SMITH"},{"data":"Malaise","floor":49,"key":"PURGE"}],"neow_cost":"NONE","seed_source_timestamp":16394386864193,"circlet_count":0,"master_deck":["Defend_G","Defend_G","Defend_G","Defend_G","Defend_G","Survivor","Neutralize+1","Quick Slash","Deadly Poison","Noxious Fumes+1","Corpse Explosion","Cloak And Dagger","Backflip","Apotheosis+1","Noxious Fumes+1","Deflect","Adrenaline+1","Footwork+1","Cloak And Dagger","Footwork+1","Dodge and Roll+1","Bite","Bite","Bite","Bite+1","Sucker Punch+1","Dodge and Roll+1","Deflect+1","PiercingWail+1","Madness","Madness+1","Outmaneuver","Catalyst+1","Deflect+1","Cloak And Dagger+1","Catalyst+1"],"relics":["Ring of the Snake","Juzu Bracelet","Strawberry","Matryoshka","The Specimen","Calling Bell","Art of War","Letter Opener","WingedGreaves","Spirit Poop","Mango","Whetstone","Prayer Wheel","Question Card","Blue Candle","Runic Pyramid","Happy Flower","Red Mask","Kunai","Dream Catcher","Toxic Egg 2","Peace Pipe"],"potions_floor_usage":[16,23,28,45,45,50,50],"damage_taken":[{"damage":2,"enemies":"Jaw Worm","floor":1,"turns":6},{"damage":4,"enemies":"Small Slimes","floor":4,"turns":4},{"damage":0,"enemies":"Cultist","floor":5,"turns":4},{"damage":11,"enemies":"3 Sentries","floor":7,"turns":7},{"damage":13,"enemies":"Lagavulin","floor":10,"turns":6},{"damage":3,"enemies":"Hexaghost","floor":16,"turns":9},{"damage":0,"enemies":"3 Byrds","floor":18,"turns":3},{"damage":3,"enemies":"Shell Parasite","floor":20,"turns":6},{"damage":16,"enemies":"Slavers","floor":23,"turns":4},{"damage":12,"enemies":"Book of Stabbing","floor":27,"turns":8},{"damage":26,"enemies":"Slavers","floor":28,"turns":3},{"damage":39,"enemies":"Collector","floor":33,"turns":9},{"damage":16,"enemies":"3 Darklings","floor":35,"turns":3},{"damage":2,"enemies":"Orb Walker","floor":41,"turns":5},{"damage":3,"enemies":"Reptomancer","floor":45,"turns":4},{"damage":0,"enemies":"Sphere and 2 Shapes","floor":48,"turns":5},{"damage":37,"enemies":"Donu and Deca","floor":50,"turns":6}],"seed_played":"-7502501656340784716","potions_obtained":[{"floor":5,"key":"Swift Potion"},{"floor":7,"key":"Regen Potion"},{"floor":18,"key":"Swift Potion"},{"floor":20,"key":"SkillPotion"},{"floor":28,"key":"Fire Potion"},{"floor":41,"key":"Explosive Potion"},{"floor":48,"key":"Energy Potion"}],"is_trial":false,"path_per_floor":["M","?","?","M","M","R","E","R","T","E","$","?","$","?","R","B",null,"M","$","M","?","$","E","?","R","T","E","E","?","R","?","R","B",null,"M","?","$","?","?","R","M","T","T","R","E","?","$","M","R","B",null],"character_chosen":"THE_SILENT","items_purchased":["Backflip","Apotheosis","Noxious Fumes","Deflect","Cloak And Dagger","Happy Flower","Cloak And Dagger+1"],"campfire_rested":3,"item_purchase_floors":[11,13,13,13,19,37,47],"current_hp_per_floor":[61,54,54,50,50,50,46,69,69,56,56,56,56,45,45,57,72,72,72,69,69,69,67,61,61,61,58,38,38,38,38,56,43,57,47,39,39,39,39,57,61,61,61,61,61,61,61,61,61,27],"gold":69,"neow_bonus":"RANDOM_COMMON_RELIC","is_prod":false,"is_daily":false,"chose_seed":false,"campfire_upgraded":5,"win_rate":0,"timestamp":1543515114,"path_taken":["M","?","?","M","M","R","E","R","T","E","$","?","?","?","R","BOSS","M","$","M","?","$","E","?","R","T","E","E","?","R","?","R","BOSS","M","?","$","?","?","R","M","?","T","R","E","?","?","M","R","BOSS"],"build_version":"2018-11-15","purchased_purges":2,"victory":true,"max_hp_per_floor":[70,70,70,70,70,70,77,77,77,77,77,77,77,77,77,77,77,77,77,77,74,74,88,61,61,61,61,61,61,61,61,61,61,61,61,61,61,61,61,61,61,61,61,61,61,61,61,61,61,61],"card_choices":[{"not_picked":["Expertise","Acrobatics"],"picked":"Quick Slash","floor":1},{"not_picked":["Underhanded Strike","Reflex"],"picked":"Deadly Poison","floor":4},{"not_picked":["Endless Agony","Bane"],"picked":"Noxious Fumes","floor":5},{"not_picked":["Bouncing Flask","Distraction"],"picked":"Corpse Explosion","floor":7},{"not_picked":["Distraction","Bane"],"picked":"Cloak And Dagger","floor":10},{"not_picked":["Corpse Explosion","Envenom"],"picked":"Adrenaline","floor":16},{"not_picked":["Heel Hook","Slice"],"picked":"Footwork","floor":18},{"not_picked":["Distraction","Reflex+1"],"picked":"Footwork","floor":20},{"not_picked":["Reflex","Accuracy+1"],"picked":"Dodge and Roll+1","floor":23},{"not_picked":["Calculated Gamble","Deflect"],"picked":"Sucker Punch+1","floor":27},{"not_picked":["Predator","Night Terror","Slice"],"picked":"Dodge and Roll+1","floor":28},{"not_picked":["Bullet Time","Wraith Form v2","Phantasmal Killer"],"picked":"Malaise","floor":33},{"not_picked":["Quick Slash+1","Leg Sweep","Underhanded Strike+1"],"picked":"Deflect+1","floor":35},{"not_picked":["Deadly Poison+1","Slice+1","Predator"],"picked":"PiercingWail+1","floor":35},{"not_picked":["Dagger Throw+1","Burst","Acrobatics+1"],"picked":"Outmaneuver","floor":41},{"not_picked":["Underhanded Strike","Bane+1","Night Terror"],"picked":"Catalyst+1","floor":41},{"not_picked":["Finisher","PiercingWail+1","Predator+1"],"picked":"Deflect+1","floor":45},{"not_picked":["Prepared+1","Footwork+1","Infinite Blades"],"picked":"Catalyst+1","floor":48},{"not_picked":["All Out Attack","Leg Sweep+1","Dagger Throw","Finisher+1"],"picked":"SKIP","floor":48}],"player_experience":276786,"relics_obtained":[{"floor":7,"key":"Strawberry"},{"floor":9,"key":"Matryoshka"},{"floor":10,"key":"The Specimen"},{"floor":17,"key":"Art of War"},{"floor":17,"key":"Letter Opener"},{"floor":17,"key":"WingedGreaves"},{"floor":23,"key":"Mango"},{"floor":26,"key":"Whetstone"},{"floor":26,"key":"Prayer Wheel"},{"floor":27,"key":"Question Card"},{"floor":28,"key":"Blue Candle"},{"floor":42,"key":"Kunai"},{"floor":42,"key":"Dream Catcher"},{"floor":43,"key":"Toxic Egg 2"},{"floor":45,"key":"Peace Pipe"}],"event_choices":[{"cards_removed":["Strike_G"],"damage_healed":0,"gold_gain":0,"player_choice":"Card Removal","damage_taken":7,"max_hp_gain":0,"max_hp_loss":0,"event_name":"Golden Wing","floor":2,"gold_loss":0},{"damage_healed":0,"gold_gain":0,"player_choice":"Upgraded","damage_taken":0,"max_hp_gain":0,"max_hp_loss":0,"event_name":"Upgrade Shrine","floor":3,"gold_loss":0,"cards_upgraded":["Neutralize"]},{"damage_healed":0,"gold_gain":100,"player_choice":"Pray","damage_taken":0,"max_hp_gain":0,"max_hp_loss":0,"event_name":"Golden Shrine","floor":12,"gold_loss":0},{"damage_healed":0,"gold_gain":75,"player_choice":"Gather Gold","damage_taken":11,"max_hp_gain":0,"max_hp_loss":0,"event_name":"World of Goop","floor":14,"gold_loss":0},{"cards_removed":["Parasite"],"damage_healed":0,"gold_gain":0,"player_choice":"Offered Curse","damage_taken":0,"relics_obtained":["Spirit Poop"],"max_hp_gain":0,"max_hp_loss":0,"event_name":"Bonfire Elementals","floor":21,"gold_loss":0},{"damage_healed":0,"gold_gain":0,"player_choice":"Became a vampire","damage_taken":0,"max_hp_gain":0,"max_hp_loss":27,"event_name":"Vampires","floor":24,"gold_loss":0,"cards_obtained":["Bite","Bite","Bite","Bite","Bite"]},{"damage_healed":0,"gold_gain":0,"player_choice":"Upgrade","damage_taken":0,"max_hp_gain":0,"max_hp_loss":0,"event_name":"Designer","floor":29,"gold_loss":40,"cards_upgraded":["Noxious Fumes"]},{"damage_healed":0,"gold_gain":0,"player_choice":"Upgraded","damage_taken":0,"max_hp_gain":0,"max_hp_loss":0,"event_name":"Upgrade Shrine","floor":31,"gold_loss":0,"cards_upgraded":["Adrenaline"]},{"damage_healed":0,"gold_gain":0,"player_choice":"Embrace Madness","damage_taken":8,"max_hp_gain":0,"max_hp_loss":0,"event_name":"Winding Halls","floor":36,"gold_loss":0,"cards_obtained":["Madness","Madness"]},{"damage_healed":0,"gold_gain":0,"player_choice":"Paid","damage_taken":0,"relics_obtained":["Red Mask"],"max_hp_gain":0,"max_hp_loss":0,"event_name":"Tomb of Lord Red Mask","floor":38,"gold_loss":23},{"cards_removed":["Bite"],"damage_healed":0,"gold_gain":0,"player_choice":"Removed Attack","damage_taken":0,"max_hp_gain":0,"max_hp_loss":0,"event_name":"Falling","floor":39,"gold_loss":0},{"damage_healed":0,"gold_gain":0,"player_choice":"Ignored","damage_taken":0,"max_hp_gain":0,"max_hp_loss":0,"event_name":"Mysterious Sphere","floor":46,"gold_loss":0}],"is_beta":false,"boss_relics":[{"not_picked":["Snecko Eye","Pandora\u0027s Box"],"picked":"Calling Bell"},{"not_picked":["Ring of the Serpent","Lizard Tail"],"picked":"Runic Pyramid"}],"items_purged_floors":[19,22],"is_endless":false,"potions_floor_spawned":[5,7,18,20,28,41,48],"ascension_level":6}