{"path_per_floor":["M","M","$","M","M","R","?","M","T","M","M","R","M","M","R","B",null,"M","?","M","M","M"],"character_chosen":"IRONCLAD","items_purchased":["Shrug It Off"],"gold_per_floor":[10,30,6,22,32,32,62,82,131,142,152,152,164,181,181,279,279,289,289,301,317,334],"floor_reached":23,"campfire_rested":1,"playtime":4587,"current_hp_per_floor":[96,94,94,86,84,84,67,65,65,61,57,85,91,82,82,41,96,93,93,53,40,29],"items_purged":[],"gold":334,"score":216,"play_id":"c5ec2cff-17ab-404e-83eb-c30ba33dd76e","local_time":"20180305160120","is_prod":false,"is_daily":false,"is_ascension_mode":false,"campfire_upgraded":2,"timestamp":1520283680,"path_taken":["M","M","?","M","M","R","?","M","T","M","?","R","M","M","R","BOSS","M","?","M","M","M","E"],"build_version":"2018-03-01-PROD1","purchased_purges":0,"victory":false,"master_deck":["Strike_R","Strike_R","Strike_R","Strike_R","Defend_R","Defend_R","Defend_R","Defend_R","Bash","Shockwave+1","Feel No Pain","Shrug It Off","Cleave","Dropkick","Sever Soul","Clash","Cleave+1","Wild Strike","Sentinel","Second Wind","Clash","Feed","True Grit","Evolve","Whirlwind+1","Power Through"],"max_hp_per_floor":[96,96,96,96,96,96,96,96,96,96,96,96,96,96,96,96,96,96,96,96,99,102],"relics":["Burning Blood","Odd Mushroom","Dream Catcher","Black Star"],"card_choices":[{"not_picked":["Iron Wave","Clash"],"picked":"Shockwave"},{"not_picked":["Body Slam","Uppercut"],"picked":"Feel No Pain"},{"not_picked":["Clash","Blood for Blood"],"picked":"Cleave"},{"not_picked":["Clash","True Grit"],"picked":"Dropkick"},{"not_picked":["Metallicize","Anger"],"picked":"Sever Soul"},{"not_picked":["Fire Breathing","Warcry"],"picked":"Clash"},{"not_picked":["True Grit","Fire Breathing"],"picked":"Cleave"},{"not_picked":["Anger","Power Through"],"picked":"Wild Strike"},{"not_picked":["Rage","Heavy Blade"],"picked":"Sentinel"},{"not_picked":["Shrug It Off","Sword Boomerang"],"picked":"Second Wind"},{"not_picked":["Warcry","Juggernaut"],"picked":"Clash"},{"not_picked":["Barricade","Brutality"],"picked":"Feed"},{"not_picked":["Pommel Strike","Armaments"],"picked":"True Grit"},{"not_picked":["Flame Barrier","Perfected Strike"],"picked":"Evolve"},{"not_picked":["Headbutt","Battle Trance"],"picked":"Whirlwind"},{"not_picked":["Sentinel","Perfected Strike"],"picked":"Power Through"}],"player_experience":96549,"potions_floor_usage":[7,13,14,16,21,22,23],"damage_taken":[{"damage":5.0,"enemies":"Cultist","floor":1.0,"turns":4.0},{"damage":8.0,"enemies":"Jaw Worm","floor":2.0,"turns":3.0},{"damage":14.0,"enemies":"2 Louse","floor":4.0,"turns":4.0},{"damage":8.0,"enemies":"Blue Slaver","floor":5.0,"turns":5.0},{"damage":23,"enemies":"The Mushroom Lair","floor":7,"turns":4},{"damage":8,"enemies":"Lots of Slimes","floor":8,"turns":3},{"damage":10,"enemies":"Exordium Wildlife","floor":10,"turns":4},{"damage":10,"enemies":"Looter","floor":11,"turns":2},{"damage":0,"enemies":"3 Louse","floor":13,"turns":2},{"damage":15,"enemies":"Lots of Slimes","floor":14,"turns":4},{"damage":47,"enemies":"Slime Boss","floor":16,"turns":11},{"damage":9,"enemies":"Shell Parasite","floor":18,"turns":4},{"damage":46,"enemies":"Spheric Guardian","floor":20,"turns":8},{"damage":22,"enemies":"Slaver and Parasite","floor":21,"turns":7},{"damage":20,"enemies":"Centurion and Healer","floor":22,"turns":6},{"damage":41,"enemies":"Book of Stabbing","floor":23,"turns":4}],"event_choices":[{"event_name":"Mushrooms","player_choice":"Fought Mushrooms","floor":7,"damage_taken":0},{"event_name":"Back to Basics","player_choice":"Elegance","floor":19,"damage_taken":0}],"boss_relics":[{"not_picked":["Velvet Choker","Eternal Feather"],"picked":"Black Star"}],"potions_floor_spawned":[2,5,10,11,13,16,18,20],"seed_played":"-6265364256017279820","killed_by":"Book of Stabbing","ascension_level":0,"is_trial":false}