{"gold_per_floor":[115,40,51,51,63,89,89,109,154,154,174,199,199,179,179,275,275,293,2,12,28,28,28,56,56,83,83],"floor_reached":27,"playtime":985,"items_purged":["Defend_B"],"score":241,"play_id":"0c43896e-a28a-46a3-9b4b-3152fd9b1b3d","local_time":"20181027215435","is_ascension_mode":false,"campfire_choices":[{"data":"Buffer","floor":7,"key":"SMITH"},{"floor":10,"key":"REST"},{"data":"Redo","floor":13,"key":"SMITH"},{"data":"Zap","floor":15,"key":"SMITH"},{"data":"White Noise","floor":23,"key":"SMITH"},{"floor":25,"key":"REST"}],"neow_cost":"NONE","seed_source_timestamp":861824294855529,"circlet_count":0,"master_deck":["Strike_B","Strike_B","Strike_B","Strike_B","Defend_B+1","Defend_B","Defend_B","Zap+1","Dualcast+1","Buffer+1","Self Repair","Doom and Gloom","Melter","Stack","White Noise+1","Go for the Eyes","Redo+1","Buffer","Chill","Loop","Rip and Tear","White Noise","Cold Snap"],"relics":["Cracked Core","Dodecahedron","War Paint","Bag of Marbles","Strawberry","Inserter","Symbiotic Virus","Omamori","Oddly Smooth Stone"],"potions_floor_usage":[],"damage_taken":[{"damage":0,"enemies":"Small Slimes","floor":1,"turns":3},{"damage":12,"enemies":"Jaw Worm","floor":3,"turns":5},{"damage":4,"enemies":"Cultist","floor":5,"turns":4},{"damage":29,"enemies":"Gremlin Nob","floor":6,"turns":5},{"damage":13,"enemies":"Large Slime","floor":8,"turns":5},{"damage":13,"enemies":"Exordium Thugs","floor":11,"turns":5},{"damage":9,"enemies":"Lagavulin","floor":12,"turns":8},{"damage":18,"enemies":"Hexaghost","floor":16,"turns":8},{"damage":20,"enemies":"Shell Parasite","floor":18,"turns":8},{"damage":0,"enemies":"Spheric Guardian","floor":20,"turns":4},{"damage":22,"enemies":"3 Cultists","floor":21,"turns":6},{"damage":52,"enemies":"Slavers","floor":24,"turns":7},{"damage":45,"enemies":"Book of Stabbing","floor":27,"turns":6}],"seed_played":"6189851812031203739","potions_obtained":[{"floor":5,"key":"Ancient Potion"},{"floor":8,"key":"Swift Potion"},{"floor":14,"key":"FairyPotion"}],"is_trial":false,"path_per_floor":["M","$","M","?","M","E","R","M","T","R","M","E","R","?","R","B",null,"M","$","M","M","$","R","E","R","T"],"character_chosen":"DEFECT","items_purchased":["Loop","Symbiotic Virus"],"campfire_rested":2,"item_purchase_floors":[19,19],"current_hp_per_floor":[75,75,70,63,66,37,37,31,31,53,47,52,52,52,52,34,82,69,69,76,54,54,54,9,33,33,0],"gold":83,"neow_bonus":"ONE_RANDOM_RARE_CARD","is_prod":false,"is_daily":false,"chose_seed":false,"campfire_upgraded":4,"win_rate":0,"timestamp":1540670075,"path_taken":["M","$","M","?","M","E","R","?","T","R","M","E","R","?","R","BOSS","M","$","M","?","$","R","E","R","T","E"],"build_version":"2018-10-25v2","purchased_purges":1,"victory":false,"max_hp_per_floor":[75,75,75,75,75,75,75,75,75,75,75,82,82,82,82,82,82,82,82,82,82,82,82,82,82,82,82],"card_choices":[{"not_picked":["Streamline","Conserve Battery"],"picked":"Self Repair","floor":1},{"not_picked":["Reprogram","Conserve Battery"],"picked":"Doom and Gloom","floor":3},{"not_picked":["Compile Driver","Chaos"],"picked":"Melter","floor":5},{"not_picked":["Ball Lightning","Aggregate"],"picked":"Stack","floor":6},{"not_picked":["Scrape","Consume"],"picked":"White Noise","floor":8},{"not_picked":["Consume","Barrage"],"picked":"Go for the Eyes","floor":11},{"not_picked":["Beam Cell","Steam Power"],"picked":"Redo","floor":12},{"not_picked":["Biased Cognition","Rainbow"],"picked":"Buffer","floor":16},{"not_picked":["Sweeping Beam","Reprogram+1"],"picked":"Chill","floor":18},{"not_picked":["Beam Cell","Recycle"],"picked":"Rip and Tear","floor":20},{"not_picked":["Sweeping Beam","Coolheaded"],"picked":"White Noise","floor":21},{"not_picked":["Fusion","Darkness"],"picked":"Cold Snap","floor":24}],"player_experience":238584,"relics_obtained":[{"floor":6,"key":"War Paint"},{"floor":9,"key":"Bag of Marbles"},{"floor":12,"key":"Strawberry"},{"floor":24,"key":"Omamori"},{"floor":26,"key":"Oddly Smooth Stone"}],"event_choices":[{"damage_healed":0,"gold_gain":0,"player_choice":"Success","damage_taken":7,"relics_obtained":["Dodecahedron"],"max_hp_gain":0,"max_hp_loss":0,"event_name":"Scrap Ooze","floor":4,"gold_loss":0},{"damage_healed":0,"gold_gain":0,"player_choice":"Bought 1 Potion","damage_taken":0,"max_hp_gain":0,"max_hp_loss":0,"event_name":"The Woman in Blue","floor":14,"gold_loss":0}],"is_beta":false,"boss_relics":[{"not_picked":["FrozenCore","Pandora\u0027s Box"],"picked":"Inserter"}],"items_purged_floors":[2],"is_endless":false,"potions_floor_spawned":[5,8,21],"killed_by":"Book of Stabbing","ascension_level":0}