{"gold_per_floor":[117,134,147,147,165,165,196,209,209,223,223,223,234,86,86,181,181,200,212,227,227,240,259,259,269,269,269,296,309,63,81,81,179,179,198,210,3,3,3,3],"floor_reached":40,"playtime":3412,"items_purged":[],"score":439,"play_id":"7e1f2be2-095f-41cf-9e0f-ad9b7e5a47a2","local_time":"20190302224512","is_ascension_mode":false,"campfire_choices":[{"data":"Pommel Strike","floor":6.0,"key":"SMITH"},{"data":"Heavy Blade","floor":11.0,"key":"SMITH"},{"data":"Spot Weakness","floor":15.0,"key":"SMITH"},{"data":"Barricade","floor":24.0,"key":"SMITH"},{"floor":27.0,"key":"REST"},{"floor":32.0,"key":"REST"}],"neow_cost":"CURSE","seed_source_timestamp":596030554586192,"circlet_count":0,"master_deck":["Strike_R","Strike_R","Strike_R","Defend_R","Defend_R","Defend_R","Bash","Writhe","Pommel Strike+1","Heavy Blade+1","Rage","Pommel Strike+1","Spot Weakness+1","Impervious","Shrug It Off","Burning Pact","Barricade+1","Clothesline+1","Twin Strike+1","Twin Strike+1","Iron Wave","Armaments","Flex","Armaments+1","Shrug It Off+1","Demon Form","Spot Weakness+1","Heavy Blade+1","Trip","Burning Pact","Exhume","Shockwave","Heavy Blade+1","Apotheosis"],"special_seed":0,"relics":["Burning Blood","Vajra","Pantograph","Bag of Marbles","Astrolabe","Molten Egg 2","Question Card","Bottled Tornado","Membership Card","Black Star","Juzu Bracelet","Gremlin Horn"],"potions_floor_usage":[],"damage_taken":[{"damage":12.0,"enemies":"Small Slimes","floor":1.0,"turns":4.0},{"damage":7.0,"enemies":"2 Louse","floor":2.0,"turns":2.0},{"damage":1.0,"enemies":"Cultist","floor":3.0,"turns":3.0},{"damage":7.0,"enemies":"2 Fungi Beasts","floor":5.0,"turns":6.0},{"damage":30.0,"enemies":"Lagavulin","floor":7.0,"turns":9.0},{"damage":12.0,"enemies":"Large Slime","floor":8.0,"turns":7.0},{"damage":0.0,"enemies":"Looter","floor":10.0,"turns":3.0},{"damage":9.0,"enemies":"Exordium Wildlife","floor":13.0,"turns":2.0},{"damage":57.0,"enemies":"Hexaghost","floor":16.0,"turns":8.0},{"damage":0.0,"enemies":"Chosen","floor":18.0,"turns":5.0},{"damage":26.0,"enemies":"2 Thieves","floor":19.0,"turns":4.0},{"damage":15.0,"enemies":"Snecko","floor":20.0,"turns":6.0},{"damage":18.0,"enemies":"Snake Plant","floor":22.0,"turns":4.0},{"damage":31.0,"enemies":"Sentry and Sphere","floor":23.0,"turns":7.0},{"damage":16.0,"enemies":"Chosen and Byrds","floor":25.0,"turns":5.0},{"damage":17.0,"enemies":"Book of Stabbing","floor":28.0,"turns":5.0},{"damage":7.0,"enemies":"Snake Plant","floor":29.0,"turns":4.0},{"damage":31.0,"enemies":"3 Cultists","floor":31.0,"turns":5.0},{"damage":69.0,"enemies":"Automaton","floor":33.0,"turns":6.0},{"damage":54.0,"enemies":"3 Darklings","floor":35.0,"turns":6.0},{"damage":41,"enemies":"3 Shapes","floor":36,"turns":5},{"damage":29,"enemies":"Reptomancer","floor":40,"turns":2}],"seed_played":"-1967858434266503155","potions_obtained":[{"floor":3.0,"key":"EssenceOfSteel"},{"floor":5.0,"key":"PowerPotion"},{"floor":10.0,"key":"Swift Potion"},{"floor":16.0,"key":"Strength Potion"},{"floor":22.0,"key":"BloodPotion"},{"floor":23.0,"key":"Weak Potion"},{"floor":25.0,"key":"Dexterity Potion"},{"floor":31.0,"key":"Explosive Potion"}],"is_trial":false,"path_per_floor":["M","M","M","?","M","R","E","M","T","M","R","?","M","$","R","B",null,"M","M","M","?","M","M","R","M","T","R","E","M","$","M","R","B",null,"M","M","$","?","?","E"],"character_chosen":"IRONCLAD","items_purchased":["Bag of Marbles","Membership Card","Trip","Juzu Bracelet","Gremlin Horn"],"campfire_rested":2,"item_purchase_floors":[14,30,30,37,37],"current_hp_per_floor":[90,89,94,94,93,93,69,63,63,69,69,69,66,66,66,40,96,96,76,67,67,55,39,39,29,29,57,46,45,45,20,48,10,96,48,13,13,13,13,0],"gold":3,"neow_bonus":"TWENTY_PERCENT_HP_BONUS","is_prod":false,"is_daily":false,"chose_seed":false,"campfire_upgraded":4,"win_rate":0.0,"timestamp":1551591912,"path_taken":["M","M","M","?","M","R","E","M","T","M","R","?","M","$","R","BOSS","M","M","M","?","M","M","R","M","T","R","E","M","$","M","R","BOSS","M","?","$","?","?","E"],"build_version":"2019-01-23","purchased_purges":0,"victory":false,"max_hp_per_floor":[96,96,96,96,96,96,96,96,96,96,96,96,96,96,96,96,96,96,96,96,96,96,96,96,96,96,96,96,96,96,96,96,96,96,96,96,96,96,96,96],"card_choices":[{"not_picked":["Flex","Flame Barrier"],"picked":"Pommel Strike","floor":1.0},{"not_picked":["Blood for Blood","Feel No Pain"],"picked":"Heavy Blade","floor":2.0},{"not_picked":["Rampage","Armaments"],"picked":"Rage","floor":3.0},{"not_picked":["Twin Strike","Uppercut"],"picked":"Pommel Strike","floor":5.0},{"not_picked":["Twin Strike","Uppercut"],"picked":"Spot Weakness","floor":7.0},{"not_picked":["Corruption","Wild Strike"],"picked":"Impervious","floor":8.0},{"not_picked":["Pummel","Thunderclap"],"picked":"Shrug It Off","floor":10.0},{"not_picked":["Wild Strike","Havoc"],"picked":"Burning Pact","floor":13.0},{"not_picked":["Bludgeon","Demon Form"],"picked":"Barricade","floor":16.0},{"not_picked":["Clothesline","Sword Boomerang"],"picked":"Iron Wave","floor":18.0},{"not_picked":["Cleave","Evolve"],"picked":"Armaments","floor":19.0},{"not_picked":["Armaments","Fire Breathing+1"],"picked":"Flex","floor":20.0},{"not_picked":["Fire Breathing+1","True Grit"],"picked":"Armaments+1","floor":22.0},{"not_picked":["Blood for Blood+1","Uppercut+1"],"picked":"Shrug It Off+1","floor":23.0},{"not_picked":["Perfected Strike+1","Warcry"],"picked":"Demon Form","floor":25.0},{"not_picked":["Anger+1","Metallicize","Cleave+1"],"picked":"Spot Weakness+1","floor":28.0},{"not_picked":["Shrug It Off","Power Through","Spot Weakness"],"picked":"Heavy Blade+1","floor":29.0},{"not_picked":["Searing Blow+1","True Grit","Cleave+1"],"picked":"Burning Pact","floor":31.0},{"not_picked":["Offering","Immolate+1","Brutality"],"picked":"Exhume","floor":33.0},{"not_picked":["Wild Strike+1","Pommel Strike+1","Burning Pact+1"],"picked":"Shockwave","floor":35.0},{"not_picked":["Headbutt+1","Thunderclap+1","Pommel Strike+1"],"picked":"Heavy Blade+1","floor":36},{"not_picked":["Dark Shackles","HandOfGreed+1","PanicButton"],"picked":"Apotheosis","floor":38}],"player_experience":48896,"relics_obtained":[{"floor":7.0,"key":"Vajra"},{"floor":9.0,"key":"Pantograph"},{"floor":26.0,"key":"Question Card"},{"floor":28.0,"key":"Bottled Tornado"}],"event_choices":[{"damage_healed":0.0,"max_hp_gain":0.0,"max_hp_loss":0.0,"gold_gain":0.0,"event_name":"Living Wall","player_choice":"Grow","floor":4.0,"gold_loss":0.0,"damage_taken":0.0,"cards_upgraded":["Pommel Strike"]},{"damage_healed":0.0,"max_hp_gain":0.0,"max_hp_loss":0.0,"gold_gain":0.0,"event_name":"Golden Idol","player_choice":"Ignored","floor":12.0,"gold_loss":0.0,"damage_taken":0.0},{"damage_healed":0.0,"max_hp_gain":0.0,"max_hp_loss":0.0,"gold_gain":0.0,"event_name":"WeMeetAgain","player_choice":"Gave Potion","floor":21.0,"gold_loss":0.0,"damage_taken":0.0,"relics_obtained":["Molten Egg 2"]},{"damage_healed":0,"gold_gain":0,"player_choice":"Memory 1","damage_taken":0,"max_hp_gain":0,"max_hp_loss":0,"event_name":"SensoryStone","floor":38,"gold_loss":0},{"damage_healed":0,"gold_gain":0,"player_choice":"Ignored","damage_taken":0,"max_hp_gain":0,"max_hp_loss":0,"event_name":"Mysterious Sphere","floor":39,"gold_loss":0}],"is_beta":false,"boss_relics":[{"not_picked":["Orrery","Philosopher\u0027s Stone"],"picked":"Astrolabe"},{"not_picked":["Sozu","Coffee Dripper"],"picked":"Black Star"}],"items_purged_floors":[],"is_endless":false,"potions_floor_spawned":[3,5,10,16,18,22,23,25,31],"killed_by":"Reptomancer","ascension_level":0}