{"gold_per_floor":[115,40,57,57,68,68,68,80,156,156,166,166,195,206,206,307,307,317,317,1,13,26,26,36,36,36,36,55,75,87,98,98,201,201,221,231,18,18,37,37,53,53,53,68,68],"floor_reached":45,"playtime":2047,"items_purged":["Defend_B","Reprogram+1","Strike_B"],"score":486,"play_id":"722b270a-99e8-4643-af71-66cdc2f3c97d","local_time":"20190202133958","is_ascension_mode":true,"campfire_choices":[{"data":"Zap","floor":6,"key":"SMITH"},{"data":"Dualcast","floor":10,"key":"SMITH"},{"data":"Conserve Battery","floor":12,"key":"SMITH"},{"data":"Streamline","floor":15,"key":"SMITH"},{"data":"Apotheosis","floor":23,"key":"SMITH"},{"data":"Buffer","floor":25,"key":"SMITH"},{"floor":32,"key":"REST"},{"data":"Enlightenment","floor":40,"key":"SMITH"},{"data":"Buffer","floor":42,"key":"SMITH"}],"neow_cost":"NONE","seed_source_timestamp":0,"circlet_count":0,"master_deck":["Strike_B","Defend_B","Zap+1","Dualcast+1","Undo","Leap","Cold Snap","Turbo","Conserve Battery+1","Chill","Streamline+1","Buffer+1","BootSequence+1","Steam Power+1","Redo+1","Apotheosis+1","Defragment","Sweeping Beam+1","Reinforced Body","Defragment","Stack","Sweeping Beam+1","Turbo+1","Go for the Eyes","Buffer+1","Coolheaded+1","Auto Shields","Fusion","Defragment","Beam Cell+1","Enlightenment+1","Reboot","Rip and Tear+1","Hello World"],"special_seed":0,"relics":["Cracked Core","NeowsBlessing","Bottled Lightning","Pen Nib","Astrolabe","Strawberry","Regal Pillow","Orrery","Gremlin Horn"],"potions_floor_usage":[13,13,13,29,33,33,35,35,39,44,45],"damage_taken":[{"damage":0,"enemies":"Cultist","floor":1,"turns":1},{"damage":0,"enemies":"2 Louse","floor":3,"turns":1},{"damage":0,"enemies":"Small Slimes","floor":5,"turns":1},{"damage":13,"enemies":"Exordium Wildlife","floor":8,"turns":8},{"damage":0,"enemies":"Exordium Thugs","floor":11,"turns":4},{"damage":14,"enemies":"Lagavulin","floor":13,"turns":9},{"damage":0,"enemies":"Looter","floor":14,"turns":3},{"damage":10,"enemies":"The Guardian","floor":16,"turns":14},{"damage":9,"enemies":"Spheric Guardian","floor":18,"turns":7},{"damage":8,"enemies":"3 Byrds","floor":21,"turns":6},{"damage":0,"enemies":"Snecko","floor":22,"turns":5},{"damage":9,"enemies":"Snake Plant","floor":24,"turns":5},{"damage":0,"enemies":"3 Cultists","floor":28,"turns":5},{"damage":0,"enemies":"Cultist and Chosen","floor":29,"turns":8},{"damage":9,"enemies":"Sentry and Sphere","floor":30,"turns":6},{"damage":6,"enemies":"Shelled Parasite and Fungi","floor":31,"turns":7},{"damage":76,"enemies":"Collector","floor":33,"turns":18},{"damage":6,"enemies":"3 Darklings","floor":35,"turns":8},{"damage":16,"enemies":"3 Shapes","floor":36,"turns":5},{"damage":0,"enemies":"Transient","floor":39,"turns":5},{"damage":7,"enemies":"Spire Growth","floor":41,"turns":9},{"damage":36,"enemies":"4 Shapes","floor":44,"turns":7},{"damage":24,"enemies":"Reptomancer","floor":45,"turns":3}],"seed_played":"2947595936797648520","potions_obtained":[{"floor":1,"key":"Fire Potion"},{"floor":3,"key":"EssenceOfSteel"},{"floor":8,"key":"EssenceOfSteel"},{"floor":13,"key":"SpeedPotion"},{"floor":21,"key":"SpeedPotion"},{"floor":22,"key":"AttackPotion"},{"floor":29,"key":"EntropicBrew"},{"floor":35,"key":"Fruit Juice"},{"floor":41,"key":"GamblersBrew"},{"floor":44,"key":"LiquidBronze"}],"is_trial":false,"path_per_floor":["M","$","M","?","M","R","?","M","T","R","M","R","E","M","R","B",null,"M","?","$","M","M","R","M","R","T","T","M","M","M","M","R","B",null,"M","M","$","?","M","R","M","R","T","M","E"],"character_chosen":"DEFECT","items_purchased":["Apotheosis","Defragment","Enlightenment"],"campfire_rested":1,"item_purchase_floors":[20,20,37],"current_hp_per_floor":[75,75,75,68,68,68,61,48,48,48,48,48,34,34,34,24,75,66,66,66,58,58,58,49,49,56,56,56,56,47,41,80,4,82,76,60,60,60,65,65,58,58,58,22,0],"gold":68,"neow_bonus":"THREE_ENEMY_KILL","is_prod":false,"is_daily":false,"chose_seed":false,"campfire_upgraded":8,"win_rate":0,"timestamp":1549111198,"path_taken":["M","$","M","?","?","R","?","M","T","R","M","R","E","M","R","BOSS","M","?","$","M","M","R","M","R","T","?","?","M","M","M","R","BOSS","M","M","$","?","M","R","M","R","T","M","E"],"build_version":"2019-01-23","purchased_purges":3,"victory":false,"max_hp_per_floor":[75,75,75,75,75,75,75,75,75,75,75,75,75,75,75,75,75,75,75,75,75,75,75,75,75,82,82,82,82,82,82,82,82,82,82,82,82,78,83,83,83,83,83,83,83],"card_choices":[{"not_picked":["Lockon","Conserve Battery"],"picked":"Undo","floor":1},{"not_picked":["Rebound","Stack"],"picked":"Leap","floor":3},{"not_picked":["Tempest","Compile Driver"],"picked":"Cold Snap","floor":5},{"not_picked":["Recycle","Undo"],"picked":"Turbo","floor":8},{"not_picked":["Static Discharge","Go for the Eyes"],"picked":"Conserve Battery","floor":11},{"not_picked":["Cold Snap","Compile Driver"],"picked":"Chill","floor":13},{"not_picked":["All For One","Steam Power"],"picked":"Streamline","floor":14},{"not_picked":["Machine Learning","All For One"],"picked":"Buffer","floor":16},{"not_picked":["Barrage","Stack"],"picked":"Redo+1","floor":18},{"not_picked":["Turbo","Conserve Battery+1"],"picked":"Sweeping Beam+1","floor":21},{"not_picked":["Cold Snap+1","Hologram"],"picked":"Reinforced Body","floor":22},{"not_picked":["Undo","Barrage+1"],"picked":"Defragment","floor":24},{"not_picked":["Darkness","Static Discharge+1"],"picked":"Stack","floor":28},{"not_picked":["Rebound","Barrage+1"],"picked":"Sweeping Beam+1","floor":29},{"not_picked":["Doom and Gloom","Hologram"],"picked":"Turbo+1","floor":30},{"not_picked":["Steam Power+1","Sweeping Beam"],"picked":"Go for the Eyes","floor":31},{"not_picked":["Multi-Cast","Thunder Strike"],"picked":"Buffer","floor":33},{"not_picked":["Compile Driver","Beam Cell"],"picked":"Coolheaded+1","floor":34},{"not_picked":["Darkness","Storm"],"picked":"Auto Shields","floor":34},{"not_picked":["Beam Cell","Compile Driver"],"picked":"Fusion","floor":34},{"not_picked":["Rebound","Fusion"],"picked":"Defragment","floor":34},{"not_picked":["Stack+1","Steam","Turbo"],"picked":"SKIP","floor":35},{"not_picked":["Defragment+1","BootSequence+1"],"picked":"Beam Cell+1","floor":36},{"not_picked":["Hologram+1","Turbo"],"picked":"Reboot","floor":39},{"not_picked":["Coolheaded","Leap"],"picked":"Rip and Tear+1","floor":41},{"not_picked":["Blizzard+1","Storm+1"],"picked":"Hello World","floor":44}],"player_experience":574831,"relics_obtained":[{"floor":9,"key":"Bottled Lightning"},{"floor":13,"key":"Pen Nib"},{"floor":26,"key":"Strawberry"},{"floor":27,"key":"Regal Pillow"},{"floor":43,"key":"Gremlin Horn"}],"event_choices":[{"damage_healed":0,"gold_gain":0,"player_choice":"Damaged","damage_taken":7,"max_hp_gain":0,"max_hp_loss":0,"event_name":"Wheel of Change","floor":4,"gold_loss":0},{"cards_removed":["Strike_B"],"damage_healed":0,"gold_gain":0,"player_choice":"Card Removal","damage_taken":7,"max_hp_gain":0,"max_hp_loss":0,"event_name":"Golden Wing","floor":7,"gold_loss":0},{"damage_healed":0,"gold_gain":0,"player_choice":"Ignored","damage_taken":0,"max_hp_gain":0,"max_hp_loss":0,"event_name":"Vampires","floor":19,"gold_loss":0},{"damage_healed":0,"gold_gain":0,"player_choice":"Max HP","damage_taken":0,"max_hp_gain":0,"max_hp_loss":4,"event_name":"Winding Halls","floor":38,"gold_loss":0}],"is_beta":false,"boss_relics":[{"not_picked":["Tiny House","FrozenCore"],"picked":"Astrolabe"},{"not_picked":["Velvet Choker","Lizard Tail"],"picked":"Orrery"}],"items_purged_floors":[2,20,37],"is_endless":false,"potions_floor_spawned":[1,3,8,13,21,22,29,35,41,44],"killed_by":"Reptomancer","ascension_level":3}