{"gold_per_floor":[118,134,234,47,65,65,97,107,107,107,123,140,140,175,175,270,270,282,300,210,229,249,284,284,32,32,47,61,86,105,136,136,234,234,244,267,278,278,289,315,335,335,386,53,81,181,161,178,178,178],"floor_reached":51,"playtime":7055,"items_purged":["Strike_B","Strike_B","Strike_B"],"score":869,"play_id":"41d59aa8-8dc3-4e15-91ee-1e781113e6c1","local_time":"20190101011129","is_ascension_mode":true,"campfire_choices":[{"data":"Loop","floor":6.0,"key":"SMITH"},{"data":"Zap","floor":13.0,"key":"SMITH"},{"data":"Go for the Eyes","floor":15.0,"key":"SMITH"},{"floor":32.0,"key":"REST"},{"data":"Writhe","floor":49.0,"key":"PURGE"}],"neow_cost":"NONE","seed_source_timestamp":787118717529166,"circlet_count":0,"master_deck":["Defend_B","Defend_B","Defend_B","Defend_B+1","Zap+1","Dualcast","Glacier","Hologram","Loop+1","FTL","Go for the Eyes+1","Rainbow","Reprogram","Capacitor+1","Creative AI+1","Conserve Battery","Echo Form+1","Conserve Battery+1","Storm+1","Genetic Algorithm+1","Seek","Conserve Battery+1","Thinking Ahead","Master of Strategy","Bandage Up","Reinforced Body+1"],"special_seed":0,"relics":["Cracked Core","Smiling Mask","Frozen Egg 2","Shuriken","Sundial","Nuclear Battery","Ice Cream","Toolbox","Blue Candle","Cables","Question Card","Coffee Dripper","Juzu Bracelet","Happy Flower","Sling","Calipers","Peace Pipe"],"potions_floor_usage":[50],"damage_taken":[{"damage":0.0,"enemies":"Cultist","floor":1.0,"turns":3.0},{"damage":0.0,"enemies":"2 Louse","floor":2.0,"turns":2.0},{"damage":1.0,"enemies":"Jaw Worm","floor":5.0,"turns":4.0},{"damage":20.0,"enemies":"Gremlin Nob","floor":7.0,"turns":5.0},{"damage":9.0,"enemies":"Gremlin Gang","floor":8.0,"turns":5.0},{"damage":0.0,"enemies":"3 Louse","floor":11.0,"turns":4.0},{"damage":6.0,"enemies":"Red Slaver","floor":12.0,"turns":4.0},{"damage":24.0,"enemies":"3 Sentries","floor":14.0,"turns":7.0},{"damage":13.0,"enemies":"Hexaghost","floor":16.0,"turns":12.0},{"damage":9.0,"enemies":"Shell Parasite","floor":18.0,"turns":6.0},{"damage":9.0,"enemies":"3 Byrds","floor":19.0,"turns":5.0},{"damage":15.0,"enemies":"Snake Plant","floor":21.0,"turns":8.0},{"damage":14.0,"enemies":"Centurion and Healer","floor":22.0,"turns":8.0},{"damage":4.0,"enemies":"Gremlin Leader","floor":23.0,"turns":6.0},{"damage":5.0,"enemies":"Snecko","floor":27.0,"turns":6.0},{"damage":18.0,"enemies":"Snake Plant","floor":28.0,"turns":3.0},{"damage":13.0,"enemies":"Book of Stabbing","floor":29.0,"turns":8.0},{"damage":0.0,"enemies":"Cultist and Chosen","floor":30.0,"turns":4.0},{"damage":35.0,"enemies":"Slavers","floor":31.0,"turns":7.0},{"damage":14.0,"enemies":"Champ","floor":33.0,"turns":11.0},{"damage":7.0,"enemies":"3 Shapes","floor":35.0,"turns":3.0},{"damage":9.0,"enemies":"3 Darklings","floor":37.0,"turns":3.0},{"damage":20.0,"enemies":"Jaw Worm Horde","floor":39.0,"turns":6.0},{"damage":0.0,"enemies":"Giant Head","floor":40.0,"turns":11.0},{"damage":0.0,"enemies":"Sphere and 2 Shapes","floor":41.0,"turns":5.0},{"damage":36.0,"enemies":"Nemesis","floor":45.0,"turns":7.0},{"damage":0.0,"enemies":"Mind Bloom Boss Battle","floor":46.0,"turns":6.0},{"damage":2.0,"enemies":"Writhing Mass","floor":48.0,"turns":5.0},{"damage":27,"enemies":"Awakened One","floor":50,"turns":14}],"seed_played":"-8785164079739548546","potions_obtained":[{"floor":1.0,"key":"Block Potion"},{"floor":5.0,"key":"Fire Potion"},{"floor":11.0,"key":"PowerPotion"},{"floor":19.0,"key":"Dexterity Potion"},{"floor":21.0,"key":"Weak Potion"},{"floor":23.0,"key":"EssenceOfSteel"},{"floor":28.0,"key":"FocusPotion"},{"floor":31.0,"key":"Dexterity Potion"},{"floor":35.0,"key":"EssenceOfSteel"},{"floor":39.0,"key":"Poison Potion"},{"floor":45.0,"key":"SpeedPotion"},{"floor":47.0,"key":"Block Potion"}],"is_trial":false,"path_per_floor":["M","M","?","$","M","R","E","M","T","?","M","M","R","E","R","B",null,"M","M","?","M","M","E","?","$","T","M","M","E","M","M","E","R","B",null,"M","T","M","?","M","E","M","?","T","$","E","?","?","M","R","B",null],"character_chosen":"DEFECT","items_purchased":["Loop","FTL","Toolbox","Bandage Up","Sling"],"campfire_rested":1,"item_purchase_floors":[4,4,25,44,44],"current_hp_per_floor":[75,75,75,75,74,74,54,45,45,45,45,39,39,15,15,2,75,66,57,57,42,28,24,75,75,75,70,52,39,39,4,26,12,75,68,68,59,75,55,55,55,50,50,50,18,22,22,24,24,1],"gold":178,"neow_bonus":"RANDOM_COMMON_RELIC","is_prod":false,"is_daily":false,"chose_seed":false,"campfire_upgraded":3,"win_rate":0,"timestamp":1546326689,"path_taken":["M","M","?","$","?","R","E","?","T","?","M","M","R","E","R","BOSS","M","?","?","?","M","E","?","$","T","?","M","E","M","E","R","BOSS","M","?","M","?","M","E","M","?","T","$","E","?","?","M","R","BOSS"],"build_version":"2018-12-20","purchased_purges":3,"victory":true,"max_hp_per_floor":[75,75,75,75,75,75,75,75,75,75,75,75,75,75,75,75,75,75,75,75,75,75,75,75,75,75,75,75,75,75,75,75,75,75,75,75,75,75,75,75,75,75,75,75,75,75,75,75,75,75],"card_choices":[{"not_picked":["Barrage","Go for the Eyes"],"picked":"Glacier","floor":1.0},{"not_picked":["Steam","Melter"],"picked":"Hologram","floor":2.0},{"not_picked":["Rebound","Loop"],"picked":"Go for the Eyes","floor":5.0},{"not_picked":["Doom and Gloom","Thunder Strike"],"picked":"Rainbow","floor":7.0},{"not_picked":["Barrage","Sweeping Beam"],"picked":"Reprogram","floor":8.0},{"not_picked":["Steam","Ball Lightning"],"picked":"Conserve Battery","floor":11.0},{"not_picked":["Streamline","Blizzard"],"picked":"Echo Form+1","floor":12.0},{"not_picked":["Hello World+1","Force Field","Gash"],"picked":"SKIP","floor":14.0},{"not_picked":["Barrage","Sweeping Beam","Ball Lightning"],"picked":"SKIP","floor":18.0},{"not_picked":["Go for the Eyes+1","Glacier","Stack+1"],"picked":"SKIP","floor":19.0},{"not_picked":["Go for the Eyes","White Noise"],"picked":"Conserve Battery+1","floor":21.0},{"not_picked":["Rebound","Streamline","Steam"],"picked":"SKIP","floor":22.0},{"not_picked":["Glacier+1","Steam","Doom and Gloom+1"],"picked":"SKIP","floor":23.0},{"not_picked":["Reprogram","Aggregate+1"],"picked":"Storm+1","floor":27.0},{"not_picked":["Conserve Battery","Reinforced Body+1"],"picked":"Genetic Algorithm+1","floor":28.0},{"not_picked":["Reinforced Body","Barrage+1","Reprogram"],"picked":"SKIP","floor":29.0},{"not_picked":["Steam Power+1","Cold Snap","Double Energy"],"picked":"SKIP","floor":30.0},{"not_picked":["Conserve Battery","Biased Cognition+1","Machine Learning+1"],"picked":"SKIP","floor":31.0},{"not_picked":["Echo Form+1","All For One","Reboot"],"picked":"Seek","floor":33.0},{"not_picked":["Fusion+1","Tempest+1","Sweeping Beam"],"picked":"Conserve Battery+1","floor":35.0},{"not_picked":["Doom and Gloom","Go for the Eyes+1","Ball Lightning","Stack+1"],"picked":"SKIP","floor":37.0},{"not_picked":["Turbo","Gash+1","Hello World+1","Beam Cell"],"picked":"SKIP","floor":39.0},{"not_picked":["Rainbow","Rebound+1","Chaos","Steam"],"picked":"SKIP","floor":40.0},{"not_picked":["Cold Snap","Ball Lightning+1","Stack","Conserve Battery"],"picked":"SKIP","floor":41.0},{"not_picked":["Blind","Swift Strike","PanicButton"],"picked":"Thinking Ahead","floor":42.0},{"not_picked":["Sadistic Nature+1","Metamorphosis","Impatience"],"picked":"Master of Strategy","floor":42.0},{"not_picked":["Beam Cell","Rebound","Conserve Battery","Capacitor+1"],"picked":"SKIP","floor":45.0},{"not_picked":["Ball Lightning","Beam Cell+1","Aggregate+1"],"picked":"Reinforced Body+1","floor":48.0}],"player_experience":406883,"relics_obtained":[{"floor":7.0,"key":"Frozen Egg 2"},{"floor":9.0,"key":"Shuriken"},{"floor":14.0,"key":"Sundial"},{"floor":23.0,"key":"Ice Cream"},{"floor":26.0,"key":"Blue Candle"},{"floor":29.0,"key":"Cables"},{"floor":31.0,"key":"Question Card"},{"floor":36.0,"key":"Juzu Bracelet"},{"floor":40.0,"key":"Happy Flower"},{"floor":45.0,"key":"Calipers"},{"floor":46.0,"key":"Peace Pipe"}],"event_choices":[{"damage_healed":0.0,"max_hp_gain":0.0,"max_hp_loss":0.0,"gold_gain":100.0,"event_name":"Golden Shrine","player_choice":"Pray","floor":3.0,"gold_loss":0.0,"damage_taken":0.0},{"damage_healed":0.0,"max_hp_gain":0.0,"max_hp_loss":0.0,"gold_gain":0.0,"event_name":"Match and Keep!","player_choice":"2 cards matched","floor":10.0,"gold_loss":0.0,"damage_taken":0.0,"cards_obtained":["Capacitor","Creative AI"]},{"cards_removed":["Strike_B"],"damage_healed":0.0,"max_hp_gain":0.0,"max_hp_loss":0.0,"gold_gain":0.0,"event_name":"Designer","player_choice":"Upgrade and Remove","floor":20.0,"gold_loss":90.0,"damage_taken":0.0,"cards_upgraded":["Defend_B"]},{"damage_healed":51.0,"max_hp_gain":0.0,"max_hp_loss":0.0,"gold_gain":0.0,"event_name":"Wheel of Change","player_choice":"Full Heal","floor":24.0,"gold_loss":0.0,"damage_taken":0.0},{"damage_healed":19.0,"max_hp_gain":0.0,"max_hp_loss":0.0,"gold_gain":0.0,"event_name":"Winding Halls","player_choice":"Writhe","floor":38.0,"gold_loss":0.0,"damage_taken":0.0,"cards_obtained":["Writhe"]},{"damage_healed":0.0,"max_hp_gain":0.0,"max_hp_loss":0.0,"gold_gain":0.0,"event_name":"SensoryStone","player_choice":"Memory 2","floor":42.0,"gold_loss":0.0,"damage_taken":5.0},{"damage_healed":0.0,"max_hp_gain":0.0,"max_hp_loss":0.0,"gold_gain":0.0,"event_name":"MindBloom","player_choice":"Fight","floor":46.0,"gold_loss":0.0,"damage_taken":0.0},{"damage_healed":0.0,"max_hp_gain":0.0,"max_hp_loss":0.0,"gold_gain":0.0,"event_name":"The Woman in Blue","player_choice":"Bought 1 Potion","floor":47.0,"gold_loss":0.0,"damage_taken":0.0}],"is_beta":false,"boss_relics":[{"not_picked":["Runic Pyramid","White Beast Statue"],"picked":"Nuclear Battery"},{"not_picked":["Cursed Key","Black Star"],"picked":"Coffee Dripper"}],"items_purged_floors":[4,25,44],"is_endless":false,"potions_floor_spawned":[1,5,11,12,19,21,23,28,31,35,39,45],"ascension_level":3}