{"gold_per_floor":[110,125,125,140,65,65,65,97,145,145,163,188,207,218,218,323,323,342,342],"floor_reached":19,"playtime":2613,"items_purged":["Defend_G"],"score":188,"play_id":"cb573872-5ec1-40eb-a58c-b49a1f8cab24","local_time":"20190224152250","is_ascension_mode":true,"campfire_choices":[{"data":"Quick Slash","floor":6,"key":"SMITH"},{"floor":15,"key":"REST"}],"neow_cost":"TEN_PERCENT_HP_LOSS","seed_source_timestamp":240065098164681,"circlet_count":0,"master_deck":["Defend_G","Defend_G","Defend_G","Defend_G","Strike_G","Strike_G","Survivor","Neutralize","Quick Slash+1","Acrobatics","Acrobatics","Escape Plan","Escape Plan","Backflip"],"relics":["Ring of the Snake","Art of War","Oddly Smooth Stone","Anchor","Runic Pyramid"],"potions_floor_usage":[8,12,12,19],"damage_taken":[{"damage":2,"enemies":"Small Slimes","floor":1,"turns":5},{"damage":0,"enemies":"Jaw Worm","floor":2,"turns":6},{"damage":0,"enemies":"2 Louse","floor":4,"turns":3},{"damage":43,"enemies":"3 Sentries","floor":8,"turns":15},{"damage":0,"enemies":"2 Fungi Beasts","floor":11,"turns":4},{"damage":9,"enemies":"Lagavulin","floor":12,"turns":7},{"damage":0,"enemies":"Blue Slaver","floor":13,"turns":4},{"damage":5,"enemies":"Exordium Thugs","floor":14,"turns":7},{"damage":24,"enemies":"The Guardian","floor":16,"turns":21},{"damage":13,"enemies":"3 Byrds","floor":18,"turns":9},{"damage":9,"enemies":"Colosseum Slavers","floor":19,"turns":6},{"damage":63,"enemies":"Colosseum Nobs","floor":19,"turns":4}],"seed_played":"-504626436430252399","potions_obtained":[{"floor":1,"key":"Regen Potion"},{"floor":8,"key":"Dexterity Potion"},{"floor":11,"key":"Strength Potion"},{"floor":18,"key":"PowerPotion"}],"is_trial":false,"path_per_floor":["M","M","?","M","$","R","?","E","T","?","M","E","M","M","R","B",null,"M","?"],"character_chosen":"THE_SILENT","items_purchased":[],"campfire_rested":1,"item_purchase_floors":[],"current_hp_per_floor":[61,61,66,66,66,66,59,31,31,31,31,22,22,17,37,13,68,55,0],"gold":342,"neow_bonus":"REMOVE_TWO","is_prod":false,"is_daily":false,"chose_seed":false,"campfire_upgraded":1,"win_rate":0,"timestamp":1551039770,"path_taken":["M","M","?","M","?","R","?","E","T","?","?","E","M","M","R","BOSS","M","?"],"build_version":"2019-01-23","purchased_purges":1,"victory":false,"max_hp_per_floor":[63,63,68,68,68,68,68,68,68,68,68,68,68,68,68,68,68,68,68],"card_choices":[{"not_picked":["Accuracy","Masterful Stab","Dagger Spray"],"picked":"SKIP","floor":1},{"not_picked":["Dodge and Roll","Sucker Punch"],"picked":"Quick Slash","floor":2},{"not_picked":["Dash","Accuracy","Underhanded Strike"],"picked":"SKIP","floor":4},{"not_picked":["Footwork","Flying Knee"],"picked":"Acrobatics","floor":8},{"not_picked":["Flying Knee","Heel Hook"],"picked":"Acrobatics","floor":11},{"not_picked":["Deflect","Envenom"],"picked":"Escape Plan","floor":12},{"not_picked":["Bouncing Flask","Dash"],"picked":"Escape Plan","floor":13},{"not_picked":["Outmaneuver","Deflect"],"picked":"Backflip","floor":14},{"not_picked":["Riddle With Holes","Poisoned Stab+1","Dagger Spray"],"picked":"SKIP","floor":18}],"player_experience":201955,"relics_obtained":[{"floor":8,"key":"Art of War"},{"floor":9,"key":"Oddly Smooth Stone"},{"floor":12,"key":"Anchor"}],"event_choices":[{"damage_healed":0,"gold_gain":0,"player_choice":"Donut","damage_taken":0,"max_hp_gain":5,"max_hp_loss":0,"event_name":"Big Fish","floor":3,"gold_loss":0},{"cards_removed":["Strike_G"],"damage_healed":0,"gold_gain":0,"player_choice":"Card Removal","damage_taken":7,"max_hp_gain":0,"max_hp_loss":0,"event_name":"Golden Wing","floor":7,"gold_loss":0},{"damage_healed":0,"gold_gain":0,"player_choice":"Ignored","damage_taken":0,"max_hp_gain":0,"max_hp_loss":0,"event_name":"Liars Game","floor":10,"gold_loss":0},{"damage_healed":0,"gold_gain":0,"player_choice":"Fight","damage_taken":0,"max_hp_gain":0,"max_hp_loss":0,"event_name":"Colosseum","floor":19,"gold_loss":0},{"damage_healed":0,"gold_gain":0,"player_choice":"Fought Nobs","damage_taken":0,"max_hp_gain":0,"max_hp_loss":0,"event_name":"Colosseum","floor":19,"gold_loss":0}],"is_beta":false,"boss_relics":[{"not_picked":["Fusion Hammer","Ring of the Serpent"],"picked":"Runic Pyramid"}],"items_purged_floors":[5],"is_endless":false,"potions_floor_spawned":[1,8,11,18],"killed_by":"Colosseum Nobs","ascension_level":1}