{"path_per_floor":["M","M","M","M","M","E","?","R","T","M","?","R","M","E","R","B",null,"M","?","$","M","?","E","R","E","T","R","?","M","?","?","R"],"character_chosen":"THE_SILENT","items_purchased":["Caltrops","Paper Crane"],"gold_per_floor":[113,130,150,167,181,213,213,213,213,229,229,229,241,268,268,370,400,415,415,49,60,10,44,44,70,126,126,126,136,136,61,61],"floor_reached":33,"campfire_rested":3,"playtime":3216,"current_hp_per_floor":[67,67,62,62,61,27,20,41,41,39,62,62,62,53,53,43,75,56,42,42,42,42,27,66,39,39,39,23,20,20,20,59],"items_purged":["Strike_G"],"gold":61,"score":295,"play_id":"ceb526ed-34ab-471a-9611-8f2ef9114c9d","local_time":"20180303125353","is_prod":false,"is_daily":false,"is_ascension_mode":false,"campfire_upgraded":3,"timestamp":1520099633,"path_taken":["M","M","M","M","M","E","?","R","T","M","?","R","M","E","R","BOSS","M","?","$","M","?","E","R","E","T","R","?","M","?","?","R","BOSS"],"build_version":"2018-03-01-PROD1","purchased_purges":1,"victory":false,"master_deck":["Defend_G","Defend_G","Defend_G","Defend_G","Defend_G+1","Strike_G","Strike_G","Strike_G","Survivor","Neutralize","Deflect","Backflip","Dash","Backstab","Caltrops+1","Noxious Fumes","Sucker Punch","Bane","Distraction+1","Burst","Prepared","Bane","Caltrops+1","PiercingWail","Terror+1","Crippling Poison","Deadly Poison"],"max_hp_per_floor":[70,70,70,70,70,70,70,70,70,70,70,70,70,70,70,70,75,75,80,80,80,80,80,80,80,80,80,80,80,80,80,80],"relics":["Ring of the Snake","Meat on the Bone","Sundial","Ginger","Tiny House","Paper Crane","Regal Pillow","Pen Nib","Tiny Chest","Nilry\u0027s Codex","Mercury Hourglass"],"card_choices":[{"not_picked":["PiercingWail","Flechettes"],"picked":"Deflect"},{"not_picked":["Dodge and Roll","PiercingWail"],"picked":"Backflip"},{"not_picked":["Quick Slash","Slice"],"picked":"Dash"},{"not_picked":["Flying Knee","Bane"],"picked":"Backstab"},{"not_picked":["Flying Knee","Masterful Stab"],"picked":"Caltrops"},{"not_picked":["Night Terror","Underhanded Strike"],"picked":"Noxious Fumes"},{"not_picked":["Prepared","Blade Dance"],"picked":"Sucker Punch"},{"not_picked":["Dagger Throw","Dagger Spray"],"picked":"Bane"},{"not_picked":["Burst","Prepared"],"picked":"Distraction"},{"not_picked":["Envenom","Night Terror"],"picked":"Burst"},{"not_picked":["Flying Knee","Heel Hook"],"picked":"Prepared"},{"not_picked":["Heel Hook","Outmaneuver"],"picked":"Bane"},{"not_picked":["Slice","Infinite Blades"],"picked":"PiercingWail"},{"not_picked":["Backflip","Bane"],"picked":"Terror"},{"not_picked":["Bane","Die Die Die"],"picked":"Crippling Poison"},{"not_picked":["Underhanded Strike","Poisoned Stab"],"picked":"Deadly Poison"}],"player_experience":48728,"potions_floor_usage":[23,25,25],"damage_taken":[{"damage":3.0,"enemies":"Jaw Worm","floor":1.0,"turns":4.0},{"damage":0.0,"enemies":"Cultist","floor":2.0,"turns":4.0},{"damage":5.0,"enemies":"Small Slimes","floor":3.0,"turns":4.0},{"damage":0.0,"enemies":"2 Fungi Beasts","floor":4.0,"turns":5.0},{"damage":1.0,"enemies":"Red Slaver","floor":5.0,"turns":3.0},{"damage":34.0,"enemies":"Lagavulin","floor":6.0,"turns":9.0},{"damage":2.0,"enemies":"Blue Slaver","floor":10.0,"turns":4.0},{"damage":0.0,"enemies":"3 Louse","floor":13.0,"turns":2.0},{"damage":9.0,"enemies":"Gremlin Nob","floor":14.0,"turns":4.0},{"damage":10.0,"enemies":"The Guardian","floor":16.0,"turns":11.0},{"damage":19,"enemies":"Spheric Guardian","floor":18,"turns":7},{"damage":0,"enemies":"3 Byrds","floor":21,"turns":2},{"damage":27,"enemies":"Book of Stabbing","floor":23,"turns":6},{"damage":39,"enemies":"Slavers","floor":25,"turns":7},{"damage":15,"enemies":"Slaver and Parasite","floor":29,"turns":7},{"damage":60,"enemies":"Champ","floor":33,"turns":9}],"event_choices":[{"event_name":"Golden Wing","player_choice":"Card Removal","floor":7.0,"damage_taken":0.0},{"event_name":"Big Fish","player_choice":"Banana","floor":11.0,"damage_taken":0.0},{"event_name":"Forgotten Altar","player_choice":"Shed Blood","floor":19,"damage_taken":0},{"event_name":"The Joust","player_choice":"Bet on Murderer","floor":22,"damage_taken":0},{"event_name":"Cursed Tome","player_choice":"Obtained Book","floor":28,"damage_taken":0},{"event_name":"The Mausoleum","player_choice":"Yes","floor":30,"damage_taken":0},{"event_name":"Beggar","player_choice":"Gave Gold","floor":31,"damage_taken":0}],"boss_relics":[{"not_picked":["Philosopher\u0027s Stone","Snecko Eye"],"picked":"Tiny House"}],"potions_floor_spawned":[3,4,6,13,18,25],"seed_played":"7608828503589107672","killed_by":"Champ","ascension_level":0,"is_trial":false}