{"path_per_floor":["M","M","?","?","M","R","M","M","T","?","E","$","M","M","R","B",null,"M","M","?","M"],"character_chosen":"IRONCLAD","items_purchased":["Burning Pact","Panache","Strength Potion"],"gold_per_floor":[110,120,70,50,67,67,79,90,113,288,322,16,29,43,43,148,148,163,179,379,390],"floor_reached":22,"campfire_rested":0,"playtime":1770,"current_hp_per_floor":[80,78,78,78,79,79,80,80,87,87,61,61,67,66,66,9,87,87,54,54,23],"items_purged":[],"gold":390,"score":190,"play_id":"9fa62ccb-fa68-4f1c-a511-b7249b1cea13","local_time":"20180318042306","is_prod":false,"is_daily":false,"is_ascension_mode":false,"campfire_upgraded":2,"timestamp":1521361386,"path_taken":["M","M","?","?","M","R","M","?","T","?","E","$","M","?","R","BOSS","M","M","?","M","M"],"build_version":"2018-03-15v3","purchased_purges":0,"victory":false,"master_deck":["Strike_R","Strike_R","Strike_R","Strike_R","Defend_R","Defend_R","Defend_R","Defend_R","Bash","Heavy Blade+1","Reckless Charge","Clash","Searing Blow","Infernal Blade","Doubt","Power Through","Burning Pact","Panache","Spot Weakness","Rampage+1","Berserk","Flex","Iron Wave+1","Armaments+1"],"max_hp_per_floor":[80,80,80,80,80,80,80,80,87,87,87,87,87,87,87,87,87,87,87,87,87],"relics":["Burning Blood","Strawberry","Art of War","Black Star"],"card_choices":[{"not_picked":["Dropkick","Feel No Pain"],"picked":"Heavy Blade"},{"not_picked":["Combust","Havoc"],"picked":"Reckless Charge"},{"not_picked":["Pommel Strike","Headbutt"],"picked":"Clash"},{"not_picked":["Clothesline","Headbutt"],"picked":"Searing Blow"},{"not_picked":["Sever Soul","Combust"],"picked":"Infernal Blade"},{"not_picked":["Bludgeon","Twin Strike"],"picked":"Power Through"},{"not_picked":["Combust","Second Wind"],"picked":"Spot Weakness"},{"not_picked":["Clothesline","Anger"],"picked":"Rampage"},{"not_picked":["Brutality","Feed"],"picked":"Berserk"},{"not_picked":["True Grit","Metallicize"],"picked":"Flex"},{"not_picked":["Sword Boomerang","Havoc"],"picked":"Iron Wave"},{"not_picked":["Sword Boomerang","Shrug It Off"],"picked":"Armaments"}],"player_experience":165461,"potions_floor_usage":[],"damage_taken":[{"damage":3.0,"enemies":"Small Slimes","floor":1.0,"turns":3.0},{"damage":8.0,"enemies":"Jaw Worm","floor":2.0,"turns":3.0},{"damage":5.0,"enemies":"2 Louse","floor":5.0,"turns":3.0},{"damage":5.0,"enemies":"Looter","floor":7.0,"turns":2.0},{"damage":3.0,"enemies":"Red Slaver","floor":8.0,"turns":2.0},{"damage":32.0,"enemies":"Gremlin Nob","floor":11.0,"turns":5.0},{"damage":0.0,"enemies":"3 Louse","floor":13.0,"turns":3.0},{"damage":7.0,"enemies":"Lots of Slimes","floor":14.0,"turns":4.0},{"damage":63.0,"enemies":"Slime Boss","floor":16.0,"turns":12.0},{"damage":5.0,"enemies":"Spheric Guardian","floor":18.0,"turns":3.0},{"damage":39.0,"enemies":"Chosen","floor":19.0,"turns":6.0},{"damage":37,"enemies":"Centurion and Healer","floor":21,"turns":6},{"damage":24,"enemies":"Snake Plant","floor":22,"turns":5}],"event_choices":[{"event_name":"The Cleric","player_choice":"Card Removal","floor":3.0,"damage_taken":0.0},{"event_name":"The Woman in Blue","player_choice":"Bought 1 Potion","floor":4.0,"damage_taken":0.0},{"event_name":"Liars Game","player_choice":"agreed","floor":10.0,"damage_taken":0.0},{"event_name":"The Joust","player_choice":"Bet on Owner","floor":20.0,"damage_taken":0.0}],"boss_relics":[],"potions_floor_spawned":[1,7,14,16,18,21],"seed_played":"3573837758089587931","killed_by":"Snake Plant","ascension_level":0,"is_trial":false}