{"gold_per_floor":[109,126,126,126,138,169,169,200,200,200,200],"floor_reached":11,"playtime":849,"items_purged":[],"score":85,"play_id":"d0174a64-84c6-4af4-af6b-2305c1414ff1","local_time":"20190226134049","is_ascension_mode":true,"campfire_choices":[{"data":"Outmaneuver","floor":7,"key":"SMITH"},{"floor":10,"key":"REST"}],"neow_cost":"PERCENT_DAMAGE","seed_source_timestamp":284249142288656,"circlet_count":0,"master_deck":["Defend_G","Defend_G","Defend_G","Defend_G","Strike_G","Strike_G","Strike_G","Survivor","Neutralize","Outmaneuver+1","Night Terror","Blur","Predator","Outmaneuver","Outmaneuver","Backflip"],"relics":["Ring of the Snake","SsserpentHead","Matryoshka","Dead Branch","Omamori","The Specimen"],"potions_floor_usage":[5,5,6],"damage_taken":[{"damage":0,"enemies":"Jaw Worm","floor":1,"turns":8},{"damage":0,"enemies":"2 Louse","floor":2,"turns":4},{"damage":0,"enemies":"Cultist","floor":5,"turns":5},{"damage":19,"enemies":"Lagavulin","floor":6,"turns":12},{"damage":26,"enemies":"3 Sentries","floor":8,"turns":16},{"damage":0,"enemies":"3 Louse","floor":11,"turns":1}],"seed_played":"-456531793834244411","potions_obtained":[{"floor":1,"key":"SkillPotion"},{"floor":2,"key":"Regen Potion"},{"floor":5,"key":"SkillPotion"}],"is_trial":false,"path_per_floor":["M","M","?","?","M","E","R","E","T","R","M"],"character_chosen":"THE_SILENT","items_purchased":[],"campfire_rested":1,"item_purchase_floors":[],"current_hp_per_floor":[49,49,42,42,54,35,35,9,9,30,30],"gold":200,"neow_bonus":"TRANSFORM_TWO_CARDS","is_prod":false,"is_daily":false,"chose_seed":false,"campfire_upgraded":1,"win_rate":0,"timestamp":1551206449,"path_taken":["M","M","?","?","M","E","R","E","T","R","M"],"build_version":"2019-01-23","purchased_purges":0,"victory":false,"max_hp_per_floor":[70,70,70,70,70,70,70,70,70,70,70],"card_choices":[{"not_picked":["Dagger Throw","Cloak And Dagger"],"picked":"Blur","floor":1},{"not_picked":["Bouncing Flask","Flying Knee"],"picked":"Predator","floor":2},{"not_picked":["Blade Dance","Deadly Poison"],"picked":"Outmaneuver","floor":5},{"not_picked":["Dagger Spray","Prepared"],"picked":"Outmaneuver","floor":6},{"not_picked":["Finisher","Dagger Spray"],"picked":"Backflip","floor":8}],"player_experience":230960,"relics_obtained":[{"floor":6,"key":"Matryoshka"},{"floor":8,"key":"Dead Branch"},{"floor":9,"key":"Omamori"},{"floor":9,"key":"The Specimen"}],"event_choices":[{"cards_removed":["Defend_G"],"damage_healed":0,"gold_gain":0,"player_choice":"Card Removal","damage_taken":7,"max_hp_gain":0,"max_hp_loss":0,"event_name":"Golden Wing","floor":3,"gold_loss":0},{"damage_healed":0,"gold_gain":0,"player_choice":"Trade","damage_taken":0,"relics_obtained":["SsserpentHead"],"max_hp_gain":0,"max_hp_loss":0,"event_name":"FaceTrader","floor":4,"gold_loss":0}],"is_beta":false,"boss_relics":[],"items_purged_floors":[],"is_endless":false,"potions_floor_spawned":[1,2,5],"killed_by":"3 Louse","ascension_level":1}