{"gold_per_floor":[112,112,126,140,215,215,13,46,46,60,60,85,85,99,399,399],"floor_reached":16,"playtime":664,"items_purged":[],"score":143,"play_id":"9274198c-ec00-4f4a-b0c1-becdc3e3b087","local_time":"20190221221118","is_ascension_mode":true,"campfire_choices":[{"data":"Bash","floor":6,"key":"SMITH"},{"data":"Armaments","floor":11,"key":"SMITH"},{"floor":13,"key":"REST"},{"floor":15,"key":"DIG"}],"neow_cost":"NONE","seed_source_timestamp":361018361193851,"circlet_count":0,"master_deck":["Strike_R","Strike_R","Strike_R","Strike_R","Strike_R","Defend_R","Defend_R","Defend_R","Defend_R","Bash+1","Clothesline","Heavy Blade","Dark Embrace","Corruption","Armaments+1","Pummel","Shrug It Off","Armaments","Seeing Red","Wild Strike"],"relics":["Burning Blood","Gambling Chip","Shovel","Blood Vial","Old Coin"],"potions_floor_usage":[8,12,12,12,12,12,12,12],"damage_taken":[{"damage":0,"enemies":"2 Louse","floor":1,"turns":3},{"damage":0,"enemies":"Small Slimes","floor":3,"turns":3},{"damage":5,"enemies":"Jaw Worm","floor":4,"turns":4},{"damage":51,"enemies":"3 Sentries","floor":8,"turns":10},{"damage":11,"enemies":"Blue Slaver","floor":10,"turns":5},{"damage":6,"enemies":"Lagavulin","floor":12,"turns":8},{"damage":19,"enemies":"Exordium Thugs","floor":14,"turns":5},{"damage":57,"enemies":"The Guardian","floor":16,"turns":6}],"seed_played":"3845804535287076450","potions_obtained":[{"floor":0,"key":"Ancient Potion"},{"floor":0,"key":"Ancient Potion"},{"floor":0,"key":"EntropicBrew"},{"floor":8,"key":"EssenceOfSteel"},{"floor":10,"key":"Ancient Potion"},{"floor":12,"key":"Fruit Juice"}],"is_trial":false,"path_per_floor":["M","?","M","M","?","R","$","E","T","M","R","E","R","M","R","B"],"character_chosen":"IRONCLAD","items_purchased":["Corruption","Armaments","Pummel"],"campfire_rested":1,"item_purchase_floors":[7,7,7],"current_hp_per_floor":[78,78,80,80,69,69,69,24,24,19,19,24,49,38,38,0],"gold":399,"neow_bonus":"THREE_SMALL_POTIONS","is_prod":false,"is_daily":false,"chose_seed":false,"campfire_upgraded":2,"win_rate":0,"timestamp":1550783478,"path_taken":["M","?","M","M","?","R","$","E","T","M","R","E","R","M","R","BOSS"],"build_version":"2019-01-23","purchased_purges":0,"victory":false,"max_hp_per_floor":[80,80,80,80,80,80,80,80,80,80,80,85,85,85,85,85],"card_choices":[{"not_picked":["Heavy Blade","Twin Strike"],"picked":"Clothesline","floor":1},{"not_picked":["Wild Strike","Havoc"],"picked":"Heavy Blade","floor":3},{"not_picked":["Thunderclap","Searing Blow"],"picked":"Dark Embrace","floor":4},{"not_picked":["Heavy Blade","Twin Strike"],"picked":"Shrug It Off","floor":8},{"not_picked":["Heavy Blade","Whirlwind"],"picked":"Armaments","floor":10},{"not_picked":["Second Wind","Bludgeon"],"picked":"Seeing Red","floor":12},{"not_picked":["Rupture","Corruption"],"picked":"Wild Strike","floor":14}],"player_experience":708960,"relics_obtained":[{"floor":8,"key":"Gambling Chip"},{"floor":9,"key":"Shovel"},{"floor":12,"key":"Blood Vial"},{"floor":15,"key":"Old Coin"}],"event_choices":[{"damage_healed":0,"gold_gain":0,"player_choice":"Ignored","damage_taken":0,"max_hp_gain":0,"max_hp_loss":0,"event_name":"Liars Game","floor":2,"gold_loss":0},{"damage_healed":0,"gold_gain":75,"player_choice":"Gather Gold","damage_taken":11,"max_hp_gain":0,"max_hp_loss":0,"event_name":"World of Goop","floor":5,"gold_loss":0}],"is_beta":false,"boss_relics":[],"items_purged_floors":[],"is_endless":false,"potions_floor_spawned":[8,10,12],"killed_by":"The Guardian","ascension_level":6}