{"gold_per_floor":[135,174,249,34,34,34,112,112,112,152,203,269,311,354,354,354],"floor_reached":16,"playtime":822,"items_purged":["Strike_B"],"score":185,"play_id":"40a0cc94-4ad4-4800-b4d4-de520b4f6c82","local_time":"20190205044905","is_ascension_mode":true,"campfire_choices":[{"data":"HandOfGreed","floor":6,"key":"SMITH"},{"floor":8,"key":"REST"},{"floor":15,"key":"REST"}],"neow_cost":"CURSE","seed_source_timestamp":1812436384473892,"circlet_count":0,"master_deck":["AscendersBane","Strike_B","Strike_B","Strike_B","Defend_B","Defend_B","Defend_B","Defend_B","Zap","Dualcast","Jack Of All Trades","HandOfGreed+1","Writhe","BootSequence","Discovery","Glacier","Buffer","Conserve Battery"],"relics":["Cracked Core","GremlinMask","Molten Egg 2","Kunai","Bottled Lightning"],"potions_floor_usage":[11],"damage_taken":[{"damage":5,"enemies":"2 Louse","floor":1,"turns":2},{"damage":7,"enemies":"Jaw Worm","floor":2,"turns":4},{"damage":30,"enemies":"3 Sentries","floor":7,"turns":10},{"damage":0,"enemies":"Cultist","floor":10,"turns":3},{"damage":28,"enemies":"Gremlin Nob","floor":11,"turns":5},{"damage":4,"enemies":"Exordium Wildlife","floor":12,"turns":6},{"damage":0,"enemies":"Blue Slaver","floor":13,"turns":5},{"damage":0,"enemies":"Looter","floor":14,"turns":4},{"damage":27,"enemies":"Hexaghost","floor":16,"turns":15}],"seed_played":"-8314915952661111176","potions_obtained":[{"floor":7,"key":"AttackPotion"},{"floor":10,"key":"FocusPotion"},{"floor":14,"key":"Weak Potion"}],"is_trial":false,"path_per_floor":["M","M","?","$","?","R","E","R","T","M","E","M","M","M","R","B"],"character_chosen":"DEFECT","items_purchased":["Block Potion","Discovery"],"campfire_rested":2,"item_purchase_floors":[4,4],"current_hp_per_floor":[63,56,45,45,45,45,15,37,37,37,9,5,5,5,27,0],"gold":354,"neow_bonus":"RANDOM_COLORLESS_2","is_prod":false,"is_daily":false,"chose_seed":false,"campfire_upgraded":1,"win_rate":0,"timestamp":1549363745,"path_taken":["M","M","?","$","?","R","E","R","T","?","E","M","M","M","R","BOSS"],"build_version":"2019-01-23","purchased_purges":1,"victory":false,"max_hp_per_floor":[75,75,75,75,75,75,75,75,75,75,75,75,75,75,75,75],"card_choices":[{"not_picked":["Stack","Reprogram","Barrage"],"picked":"SKIP","floor":1},{"not_picked":["Ball Lightning","Blizzard"],"picked":"BootSequence","floor":2},{"not_picked":["Static Discharge","Steam Power"],"picked":"Glacier","floor":7},{"not_picked":["Glacier","Redo","Scrape+1"],"picked":"SKIP","floor":10},{"not_picked":["Leap","Thunder Strike+1"],"picked":"Buffer","floor":11},{"not_picked":["Scrape+1","Gash+1","Hologram"],"picked":"SKIP","floor":12},{"not_picked":["Recycle","Compile Driver+1"],"picked":"Conserve Battery","floor":13},{"not_picked":["Hologram","Redo","Streamline+1"],"picked":"SKIP","floor":14}],"player_experience":965810,"relics_obtained":[{"floor":7,"key":"Molten Egg 2"},{"floor":9,"key":"Kunai"},{"floor":11,"key":"Bottled Lightning"}],"event_choices":[{"damage_healed":0,"gold_gain":75,"player_choice":"Gather Gold","damage_taken":11,"max_hp_gain":0,"max_hp_loss":0,"event_name":"World of Goop","floor":3,"gold_loss":0},{"damage_healed":0,"gold_gain":0,"player_choice":"Trade","damage_taken":0,"relics_obtained":["GremlinMask"],"max_hp_gain":0,"max_hp_loss":0,"event_name":"FaceTrader","floor":5,"gold_loss":0}],"is_beta":false,"boss_relics":[],"items_purged_floors":[4],"is_endless":false,"potions_floor_spawned":[7,10,14],"killed_by":"Hexaghost","ascension_level":13}