{"gold_per_floor":[118,118,143,143,159,192,204,243,255,1,41,79,104,104,104,227,227,242,242,242,258,2,2,40,64,110,110,235,256,256,271,271,401,401,414,37,37,0,13,13,34,67,116,2,43,67,67,85,85,85],"floor_reached":51,"playtime":1999,"items_purged":["Zap","Dualcast+1","Defend_B","Parasite"],"score":893,"play_id":"5999a8d8-aa2e-4c9b-a372-d1d7db11eeb5","local_time":"20190228183011","is_ascension_mode":true,"campfire_choices":[{"data":"Sunder","floor":7.0,"key":"SMITH"},{"data":"Go for the Eyes","floor":15.0,"key":"SMITH"},{"data":"Scrape","floor":23.0,"key":"SMITH"},{"floor":30.0,"key":"REST"},{"floor":32.0,"key":"REST"},{"floor":40.0,"key":"REST"},{"data":"Gash","floor":49,"key":"SMITH"}],"neow_cost":"NONE","seed_source_timestamp":29602010556444,"circlet_count":0,"master_deck":["Strike_B","Strike_B+1","Strike_B","Strike_B","Scrape+1","Compile Driver","Gash+1","Sunder+1","Go for the Eyes+1","Ball Lightning","Core Surge","Doom and Gloom","Cold Snap","FTL+1","Beam Cell+1","Beam Cell+1","Compile Driver+1","FTL+1","Core Surge+1","Go for the Eyes+1","Cold Snap+1"],"special_seed":0,"relics":["Cracked Core","Golden Idol","MawBank","DataDisk","The Courier","Membership Card","Omamori","Turnip","Odd Mushroom","WarpedTongs","Cursed Key","Molten Egg 2","Vajra","Pantograph","Centennial Puzzle","Unceasing Top","Bottled Flame","Empty Cage","Pocketwatch","Pen Nib","Boot","Red Mask","Singing Bowl","Potion Belt","Bag of Preparation"],"potions_floor_usage":[50,50,50,50],"damage_taken":[{"damage":3.0,"enemies":"Small Slimes","floor":1.0,"turns":3.0},{"damage":3.0,"enemies":"Jaw Worm","floor":3.0,"turns":3.0},{"damage":0.0,"enemies":"2 Louse","floor":5.0,"turns":2.0},{"damage":14.0,"enemies":"Gremlin Nob","floor":6.0,"turns":4.0},{"damage":9.0,"enemies":"3 Sentries","floor":11.0,"turns":4.0},{"damage":7.0,"enemies":"The Mushroom Lair","floor":12.0,"turns":3.0},{"damage":0.0,"enemies":"Exordium Wildlife","floor":13.0,"turns":1.0},{"damage":4.0,"enemies":"Hexaghost","floor":16.0,"turns":7.0},{"damage":6.0,"enemies":"3 Byrds","floor":18.0,"turns":3.0},{"damage":2.0,"enemies":"Chosen","floor":21.0,"turns":3.0},{"damage":31.0,"enemies":"Slavers","floor":24.0,"turns":4.0},{"damage":5.0,"enemies":"Snecko","floor":25.0,"turns":3.0},{"damage":1.0,"enemies":"Colosseum Slavers","floor":28.0,"turns":2.0},{"damage":4.0,"enemies":"Colosseum Nobs","floor":28.0,"turns":3.0},{"damage":1.0,"enemies":"Sentry and Sphere","floor":29.0,"turns":3.0},{"damage":7.0,"enemies":"Chosen and Byrds","floor":31.0,"turns":2.0},{"damage":24.0,"enemies":"Champ","floor":33.0,"turns":7.0},{"damage":12.0,"enemies":"Orb Walker","floor":35.0,"turns":2.0},{"damage":13.0,"enemies":"3 Shapes","floor":39.0,"turns":6.0},{"damage":3,"enemies":"Maw","floor":41,"turns":3},{"damage":21,"enemies":"Nemesis","floor":42,"turns":3},{"damage":6,"enemies":"Giant Head","floor":45,"turns":5},{"damage":0,"enemies":"Sphere and 2 Shapes","floor":46,"turns":7},{"damage":4,"enemies":"Jaw Worm Horde","floor":48,"turns":2},{"damage":31,"enemies":"Time Eater","floor":50,"turns":8}],"seed_played":"7911405383471989623","potions_obtained":[{"floor":1.0,"key":"Weak Potion"},{"floor":5.0,"key":"SpeedPotion"},{"floor":12.0,"key":"Weak Potion"},{"floor":16.0,"key":"LiquidBronze"},{"floor":18.0,"key":"Regen Potion"},{"floor":21.0,"key":"FocusPotion"},{"floor":24.0,"key":"Poison Potion"},{"floor":29.0,"key":"Fire Potion"},{"floor":33.0,"key":"Regen Potion"},{"floor":35.0,"key":"Dexterity Potion"},{"floor":42,"key":"PowerPotion"}],"is_trial":false,"path_per_floor":["M","?","M","?","M","E","R","T","T","$","E","?","M","?","R","B",null,"M","?","?","M","$","R","E","M","T","T","?","M","R","M","R","B",null,"M","$","?","?","M","R","M","E","T","$","E","M","T","M","R","B",null],"character_chosen":"DEFECT","items_purchased":["Membership Card","Go for the Eyes","Omamori","Molten Egg 2","Vajra","FTL+1","Beam Cell+1","Core Surge+1","Pocketwatch","Pen Nib","Boot","SteroidPotion","SkillPotion"],"campfire_rested":3,"item_purchase_floors":[10,10,10,22,22,22,22,36,36,36,36,44,44],"current_hp_per_floor":[72,69,66,52,52,38,38,38,38,38,29,22,22,22,22,18,69,63,63,63,61,61,61,42,37,37,37,32,31,51,44,64,45,69,57,57,57,57,44,64,61,42,42,42,38,40,40,36,36,45],"gold":85,"neow_bonus":"TRANSFORM_CARD","is_prod":false,"is_daily":false,"chose_seed":false,"campfire_upgraded":4,"win_rate":0,"timestamp":1551396611,"path_taken":["M","?","M","?","M","E","R","?","T","?","E","?","?","?","R","BOSS","M","?","?","M","$","R","E","M","T","?","?","M","R","M","R","BOSS","M","$","?","?","M","R","?","E","T","$","E","M","?","M","R","BOSS"],"build_version":"2019-01-23","purchased_purges":4,"victory":true,"max_hp_per_floor":[75,69,69,69,69,69,69,69,69,69,69,69,69,69,69,69,69,69,69,69,69,69,69,69,69,69,69,69,69,69,69,69,69,69,69,69,69,69,69,69,69,71,71,68,70,72,72,72,72,72],"card_choices":[{"not_picked":["Self Repair","Redo","BootSequence"],"picked":"SKIP","floor":1.0},{"not_picked":["Capacitor","Coolheaded"],"picked":"Compile Driver","floor":3.0},{"not_picked":["Capacitor","Hologram"],"picked":"Gash","floor":5.0},{"not_picked":["Scrape","Buffer"],"picked":"Sunder","floor":6.0},{"not_picked":["Reprogram","Double Energy","Sweeping Beam"],"picked":"SKIP","floor":11.0},{"not_picked":["Conserve Battery","Glacier"],"picked":"Cold Snap","floor":12.0},{"not_picked":["Static Discharge","Tempest"],"picked":"Ball Lightning","floor":13.0},{"not_picked":["Rainbow","Biased Cognition"],"picked":"Core Surge","floor":16.0},{"not_picked":["Ball Lightning","Hologram"],"picked":"Doom and Gloom","floor":18.0},{"not_picked":["Aggregate","Go for the Eyes","Defragment+1"],"picked":"SKIP","floor":21.0},{"not_picked":["Hologram","White Noise"],"picked":"Beam Cell+1","floor":24.0},{"not_picked":["Hologram","Chill"],"picked":"Compile Driver+1","floor":25.0},{"not_picked":["Capacitor+1","Lockon+1","Auto Shields"],"picked":"SKIP","floor":29.0},{"not_picked":["Coolheaded+1","Chill","Genetic Algorithm"],"picked":"SKIP","floor":31.0},{"not_picked":["Sweeping Beam+1","Coolheaded+1"],"picked":"FTL+1","floor":35.0},{"not_picked":["Doom and Gloom+1","Beam Cell+1"],"picked":"Go for the Eyes+1","floor":39.0},{"not_picked":["Coolheaded","Melter+1","Recycle"],"picked":"SKIP","floor":41},{"not_picked":["Self Repair+1","Turbo","Glacier+1"],"picked":"Singing Bowl","floor":42},{"not_picked":["White Noise+1","Skim+1","Meteor Strike+1"],"picked":"Singing Bowl","floor":45},{"not_picked":["Fusion+1","Hologram+1","Beam Cell+1"],"picked":"Singing Bowl","floor":46},{"not_picked":["Ball Lightning+1","Consume+1"],"picked":"Cold Snap+1","floor":48}],"player_experience":2354282,"relics_obtained":[{"floor":6.0,"key":"MawBank"},{"floor":8.0,"key":"DataDisk"},{"floor":9.0,"key":"The Courier"},{"floor":11.0,"key":"Turnip"},{"floor":12.0,"key":"Odd Mushroom"},{"floor":24.0,"key":"Pantograph"},{"floor":26.0,"key":"Centennial Puzzle"},{"floor":28.0,"key":"Unceasing Top"},{"floor":28.0,"key":"Bottled Flame"},{"floor":42,"key":"Singing Bowl"},{"floor":43,"key":"Potion Belt"},{"floor":45,"key":"Bag of Preparation"}],"event_choices":[{"damage_healed":0.0,"max_hp_gain":0.0,"max_hp_loss":6.0,"gold_gain":0.0,"event_name":"Golden Idol","player_choice":"Lose Max HP","floor":2.0,"gold_loss":0.0,"damage_taken":0.0,"relics_obtained":["Golden Idol"]},{"damage_healed":0.0,"max_hp_gain":0.0,"max_hp_loss":0.0,"gold_gain":0.0,"event_name":"Shining Light","player_choice":"Entered Light","floor":4.0,"gold_loss":0.0,"damage_taken":14.0,"cards_upgraded":["Dualcast","Strike_B"]},{"damage_healed":0.0,"max_hp_gain":0.0,"max_hp_loss":0.0,"gold_gain":0.0,"event_name":"Mushrooms","player_choice":"Fought Mushrooms","floor":12.0,"gold_loss":0.0,"damage_taken":0.0},{"damage_healed":0.0,"max_hp_gain":0.0,"max_hp_loss":0.0,"gold_gain":0.0,"event_name":"Accursed Blacksmith","player_choice":"Rummage","floor":14.0,"gold_loss":0.0,"damage_taken":0.0,"relics_obtained":["WarpedTongs"],"cards_obtained":["Pain"]},{"damage_healed":0.0,"max_hp_gain":0.0,"max_hp_loss":0.0,"gold_gain":0.0,"event_name":"Ghosts","player_choice":"Ignored","floor":19.0,"gold_loss":0.0,"damage_taken":0.0},{"damage_healed":0.0,"max_hp_gain":0.0,"max_hp_loss":0.0,"gold_gain":0.0,"event_name":"The Library","player_choice":"Read","floor":20.0,"gold_loss":0.0,"damage_taken":0.0,"cards_obtained":["Cold Snap"]},{"damage_healed":0.0,"max_hp_gain":0.0,"max_hp_loss":0.0,"gold_gain":0.0,"event_name":"Colosseum","player_choice":"Fight","floor":28.0,"gold_loss":0.0,"damage_taken":0.0},{"damage_healed":0.0,"max_hp_gain":0.0,"max_hp_loss":0.0,"gold_gain":0.0,"event_name":"Colosseum","player_choice":"Fought Nobs","floor":28.0,"gold_loss":0.0,"damage_taken":0.0},{"cards_removed":["Cold Snap"],"damage_healed":0.0,"max_hp_gain":0.0,"max_hp_loss":0.0,"gold_gain":0.0,"event_name":"Falling","player_choice":"Removed Attack","floor":37.0,"gold_loss":0.0,"damage_taken":0.0},{"damage_healed":0.0,"max_hp_gain":0.0,"max_hp_loss":0.0,"gold_gain":0.0,"event_name":"Tomb of Lord Red Mask","player_choice":"Paid","floor":38.0,"gold_loss":37.0,"damage_taken":0.0,"relics_obtained":["Red Mask"]}],"is_beta":false,"boss_relics":[{"not_picked":["Astrolabe","Busted Crown"],"picked":"Cursed Key"},{"not_picked":["Philosopher\u0027s Stone","Velvet Choker"],"picked":"Empty Cage"}],"items_purged_floors":[10,22,36,44],"is_endless":false,"potions_floor_spawned":[1,5,12,16,18,21,24,29,33,35,42,45],"ascension_level":1}