{"gold_per_floor":[118,129,147,147,32,32,66,166,166,204,222,256,2,16,16,139,139,160,160,177,193,212,238,238,254,254,254,272,289,317,330,330,429,429,448,448,448,448,462,495,507,518,518,532,532,562,562,581,581,581,581,581,77,104,104],"floor_reached":56,"playtime":5666,"items_purged":["Strike_B","Strike_B"],"score":1435,"play_id":"dc7f6f51-66e0-4718-95d9-39ed8ffb82e4","local_time":"20190216132054","is_ascension_mode":true,"campfire_choices":[{"floor":6,"key":"REST"},{"floor":15,"key":"REST"},{"data":"Consume","floor":24,"key":"SMITH"},{"floor":27,"key":"REST"},{"data":"Fission","floor":32,"key":"SMITH"},{"floor":45,"key":"RECALL"},{"data":"Defragment","floor":49,"key":"SMITH"},{"data":"Rainbow","floor":52,"key":"SMITH"}],"neow_cost":"NONE","seed_source_timestamp":288713422625489,"circlet_count":0,"master_deck":["Strike_B","Strike_B","Defend_B","Defend_B+1","Defend_B+1","Zap","Dualcast","Ball Lightning","Beam Cell","Genetic Algorithm","Defragment+1","Compile Driver","Self Repair","Capacitor","Thunder Strike","Self Repair","Rainbow+1","Leap","Consume+1","Barrage","Go for the Eyes+1","Fission+1","Glacier","Static Discharge+1","Electrodynamics+1","Madness","Madness","Reinforced Body+1","Capacitor+1","Parasite","Melter","Undo+1","Loop+1"],"relics":["FrozenCore","War Paint","Bloody Idol","Mercury Hourglass","Matryoshka","Bottled Lightning","Lantern","Vajra","Velvet Choker","Frozen Egg 2","Oddly Smooth Stone","Pocketwatch","Cables","Du-Vu Doll","Strawberry","Regal Pillow","Bird Faced Urn","Runic Capacitor","Happy Flower","Blood Vial"],"potions_floor_usage":[7,12,20,33,55,55,55],"damage_taken":[{"damage":0,"enemies":"Small Slimes","floor":1,"turns":3},{"damage":3,"enemies":"2 Louse","floor":2,"turns":2},{"damage":0,"enemies":"Cultist","floor":3,"turns":2},{"damage":16,"enemies":"Lagavulin","floor":7,"turns":5},{"damage":16,"enemies":"3 Sentries","floor":10,"turns":5},{"damage":0,"enemies":"Looter","floor":11,"turns":2},{"damage":16,"enemies":"Gremlin Nob","floor":12,"turns":3},{"damage":0,"enemies":"2 Fungi Beasts","floor":14,"turns":2},{"damage":13,"enemies":"Slime Boss","floor":16,"turns":7},{"damage":16,"enemies":"Shell Parasite","floor":18,"turns":4},{"damage":7,"enemies":"2 Thieves","floor":20,"turns":3},{"damage":18,"enemies":"Snake Plant","floor":21,"turns":5},{"damage":22,"enemies":"Chosen and Byrds","floor":22,"turns":5},{"damage":48,"enemies":"Slavers","floor":23,"turns":6},{"damage":17,"enemies":"Cultist and Chosen","floor":25,"turns":6},{"damage":7,"enemies":"Snake Plant","floor":28,"turns":4},{"damage":3,"enemies":"Chosen and Byrds","floor":29,"turns":5},{"damage":28,"enemies":"Book of Stabbing","floor":30,"turns":6},{"damage":0,"enemies":"Snecko","floor":31,"turns":4},{"damage":9,"enemies":"Champ","floor":33,"turns":7},{"damage":0,"enemies":"3 Shapes","floor":35,"turns":5},{"damage":1,"enemies":"Orb Walker","floor":39,"turns":3},{"damage":15,"enemies":"Nemesis","floor":40,"turns":7},{"damage":7,"enemies":"Spire Growth","floor":41,"turns":6},{"damage":0,"enemies":"Maw","floor":42,"turns":7},{"damage":18,"enemies":"Writhing Mass","floor":44,"turns":6},{"damage":7,"enemies":"Giant Head","floor":46,"turns":9},{"damage":31,"enemies":"Spire Growth","floor":48,"turns":5},{"damage":26,"enemies":"Time Eater","floor":50,"turns":12},{"damage":68,"enemies":"Shield and Spear","floor":54,"turns":8},{"damage":33,"enemies":"The Heart","floor":55,"turns":10}],"seed_played":"1028916193275773486","potions_obtained":[{"floor":1,"key":"Poison Potion"},{"floor":2,"key":"Weak Potion"},{"floor":11,"key":"SpeedPotion"},{"floor":16,"key":"SteroidPotion"},{"floor":21,"key":"FocusPotion"},{"floor":25,"key":"SmokeBomb"},{"floor":28,"key":"FairyPotion"},{"floor":33,"key":"Ancient Potion"},{"floor":41,"key":"Ancient Potion"},{"floor":44,"key":"LiquidBronze"}],"is_trial":false,"path_per_floor":["M","M","M","?","$","R","E","?","T","E","M","E","$","M","R","B",null,"M","?","M","M","M","E","R","M","T","R","M","M","E","M","R","B",null,"M","?","?","?","M","E","M","M","T","M","R","E","T","M","R","B",null,"R","$","E","B",null],"character_chosen":"DEFECT","items_purchased":["Defragment","Vajra","Runic Capacitor","Happy Flower","Loop+1","FocusPotion"],"campfire_rested":3,"item_purchase_floors":[5,13,53,53,53,53],"current_hp_per_floor":[75,72,72,54,54,75,59,59,59,43,43,27,27,27,49,43,67,58,58,68,69,66,37,37,39,39,61,73,75,66,75,75,75,75,75,66,66,66,75,75,75,75,82,82,82,82,82,76,76,74,80,80,80,41,22],"gold":104,"neow_bonus":"RANDOM_COMMON_RELIC","is_prod":false,"is_daily":false,"chose_seed":false,"campfire_upgraded":4,"win_rate":0,"timestamp":1550341254,"path_taken":["M","M","M","?","$","R","E","?","T","E","M","E","$","?","R","BOSS","M","?","M","M","M","E","R","M","T","R","M","M","E","M","R","BOSS","M","?","?","?","M","E","M","M","T","M","R","E","?","M","R","BOSS","R","$","E","BOSS"],"build_version":"2019-01-23","purchased_purges":2,"victory":true,"max_hp_per_floor":[75,75,75,75,75,75,75,75,75,75,75,75,75,75,75,75,75,75,75,75,75,75,75,75,75,75,75,75,75,75,75,75,75,75,75,75,75,75,75,75,75,75,82,82,82,82,82,82,82,82,82,82,82,82,82],"card_choices":[{"not_picked":["Redo","Rebound"],"picked":"Ball Lightning","floor":1},{"not_picked":["Coolheaded","Redo"],"picked":"Beam Cell","floor":2},{"not_picked":["Rebound","Steam"],"picked":"Genetic Algorithm","floor":3},{"not_picked":["Beam Cell","Hologram"],"picked":"Compile Driver","floor":7},{"not_picked":["Chill","Stack","Blizzard"],"picked":"SKIP","floor":10},{"not_picked":["Amplify","Stack","Compile Driver"],"picked":"SKIP","floor":11},{"not_picked":["Conserve Battery","Gash"],"picked":"Self Repair","floor":12},{"not_picked":["Blizzard","Barrage"],"picked":"Capacitor","floor":14},{"not_picked":["Echo Form","Buffer"],"picked":"Thunder Strike","floor":16},{"not_picked":["Redo","Beam Cell","Rebound"],"picked":"SKIP","floor":18},{"not_picked":["Capacitor","Compile Driver"],"picked":"Self Repair","floor":20},{"not_picked":["Blizzard","Rebound"],"picked":"Rainbow","floor":21},{"not_picked":["Sweeping Beam","Heatsinks"],"picked":"Leap","floor":22},{"not_picked":["Steam","Compile Driver"],"picked":"Consume","floor":23},{"not_picked":["Turbo","Streamline"],"picked":"Barrage","floor":25},{"not_picked":["Double Energy","Hologram"],"picked":"Go for the Eyes+1","floor":28},{"not_picked":["Turbo","Leap"],"picked":"Fission","floor":29},{"not_picked":["Hologram","Fusion"],"picked":"Glacier","floor":30},{"not_picked":["Streamline","Steam Power"],"picked":"Static Discharge+1","floor":31},{"not_picked":["Echo Form+1","Meteor Strike"],"picked":"Electrodynamics+1","floor":33},{"not_picked":["Gash","Rebound+1","Rip and Tear+1"],"picked":"SKIP","floor":35},{"not_picked":["Cold Snap","Leap+1"],"picked":"Reinforced Body+1","floor":39},{"not_picked":["Double Energy","Genetic Algorithm"],"picked":"Capacitor+1","floor":40},{"not_picked":["Rebound","BootSequence+1","Streamline"],"picked":"SKIP","floor":41},{"not_picked":["Barrage+1","Gash","Redo"],"picked":"SKIP","floor":42},{"not_picked":["Rebound+1","Storm+1"],"picked":"Melter","floor":44},{"not_picked":["White Noise","Turbo"],"picked":"Undo+1","floor":46},{"not_picked":["Reprogram+1","Skim","Sweeping Beam+1"],"picked":"SKIP","floor":48},{"not_picked":["Turbo","Rebound","Conserve Battery"],"picked":"SKIP","floor":54}],"player_experience":587144,"relics_obtained":[{"floor":7,"key":"Mercury Hourglass"},{"floor":9,"key":"Matryoshka"},{"floor":10,"key":"Bottled Lightning"},{"floor":12,"key":"Lantern"},{"floor":23,"key":"Frozen Egg 2"},{"floor":26,"key":"Oddly Smooth Stone"},{"floor":26,"key":"Pocketwatch"},{"floor":30,"key":"Cables"},{"floor":40,"key":"Du-Vu Doll"},{"floor":43,"key":"Strawberry"},{"floor":46,"key":"Regal Pillow"},{"floor":47,"key":"Bird Faced Urn"},{"floor":54,"key":"Blood Vial"}],"event_choices":[{"damage_healed":0,"gold_gain":0,"player_choice":"Take Damage","damage_taken":18,"relics_obtained":["Golden Idol"],"max_hp_gain":0,"max_hp_loss":0,"event_name":"Golden Idol","floor":4,"gold_loss":0},{"damage_healed":0,"gold_gain":100,"player_choice":"Pray","damage_taken":0,"max_hp_gain":0,"max_hp_loss":0,"event_name":"Golden Shrine","floor":8,"gold_loss":0},{"damage_healed":0,"gold_gain":0,"player_choice":"Gave Idol","damage_taken":0,"relics_obtained":["Bloody Idol"],"max_hp_gain":0,"max_hp_loss":0,"event_name":"Forgotten Altar","floor":19,"relics_lost":["Golden Idol"],"gold_loss":0},{"damage_healed":0,"gold_gain":0,"player_choice":"Embrace Madness","damage_taken":9,"max_hp_gain":0,"max_hp_loss":0,"event_name":"Winding Halls","floor":36,"gold_loss":0,"cards_obtained":["Madness","Madness"]},{"damage_healed":0,"gold_gain":0,"player_choice":"Ignored","damage_taken":0,"max_hp_gain":0,"max_hp_loss":0,"event_name":"Tomb of Lord Red Mask","floor":37,"gold_loss":0},{"cards_removed":["Defend_B"],"damage_healed":0,"gold_gain":0,"player_choice":"Removed Skill","damage_taken":0,"max_hp_gain":0,"max_hp_loss":0,"event_name":"Falling","floor":38,"gold_loss":0}],"is_beta":false,"boss_relics":[{"not_picked":["Pandora\u0027s Box","Calling Bell"],"picked":"Velvet Choker"},{"not_picked":["Eternal Feather","Philosopher\u0027s Stone"],"picked":"FrozenCore"}],"items_purged_floors":[5,13],"is_endless":false,"potions_floor_spawned":[1,2,11,16,21,25,28,29,30,33,35,40,41,44,46],"ascension_level":5}