{"gold_per_floor":[111,111,111,132,150,150,164,185,185,201,201,201,126,201,201,327,327,343,357,60,60,79,79,102,102,102,17,32,32,47,67,67,67],"floor_reached":33,"playtime":2193,"items_purged":["Strike_R","Defend_R"],"score":266,"play_id":"aa20f43a-eaa0-440f-8e56-6d50ed962e77","local_time":"20180928030617","is_ascension_mode":false,"campfire_choices":[{"data":"Searing Blow","floor":6,"key":"SMITH"},{"data":"Searing Blow+1","floor":11,"key":"SMITH"},{"data":"Searing Blow+2","floor":15,"key":"SMITH"},{"data":"Searing Blow+3","floor":23,"key":"SMITH"},{"data":"Searing Blow+4","floor":25,"key":"SMITH"},{"floor":32,"key":"REST"}],"neow_cost":"PERCENT_DAMAGE","seed_source_timestamp":39854417352753,"circlet_count":0,"master_deck":["Defend_R","Defend_R","Bash","Clash","Searing Blow+5","Double Tap","Reaper","Battle Trance+1","Clash","Bite","Bite","Bite","Bite","Bite"],"relics":["Burning Blood","Gambling Chip","Golden Idol","Question Card","Runic Pyramid","Centennial Puzzle","Anchor","Gremlin Horn"],"potions_floor_usage":[8,16,33],"damage_taken":[{"damage":0,"enemies":"Small Slimes","floor":1,"turns":4},{"damage":0,"enemies":"2 Louse","floor":4,"turns":3},{"damage":1,"enemies":"Cultist","floor":5,"turns":3},{"damage":8,"enemies":"2 Fungi Beasts","floor":7,"turns":3},{"damage":20,"enemies":"Large Slime","floor":8,"turns":6},{"damage":2,"enemies":"Blue Slaver","floor":10,"turns":2},{"damage":53,"enemies":"The Guardian","floor":16,"turns":8},{"damage":31,"enemies":"2 Thieves","floor":18,"turns":4},{"damage":10,"enemies":"Shell Parasite","floor":19,"turns":3},{"damage":46,"enemies":"Cultist and Chosen","floor":22,"turns":5},{"damage":19,"enemies":"Centurion and Healer","floor":24,"turns":3},{"damage":4,"enemies":"Sentry and Sphere","floor":28,"turns":4},{"damage":11,"enemies":"Snake Plant","floor":30,"turns":2},{"damage":0,"enemies":"Shelled Parasite and Fungi","floor":31,"turns":1},{"damage":110,"enemies":"Collector","floor":33,"turns":5}],"seed_played":"-5377609128068837125","potions_obtained":[{"floor":4,"key":"Fruit Juice"},{"floor":5,"key":"Poison Potion"},{"floor":8,"key":"SpeedPotion"},{"floor":19,"key":"BloodPotion"},{"floor":28,"key":"Fire Potion"},{"floor":30,"key":"Regen Potion"}],"is_trial":false,"path_per_floor":["M","?","?","M","M","R","M","M","T","M","R","?","$","?","R","B",null,"M","M","$","?","M","R","M","R","T","?","M","?","M","M","R"],"character_chosen":"IRONCLAD","items_purchased":["Clash","Centennial Puzzle"],"campfire_rested":1,"item_purchase_floors":[20,20],"current_hp_per_floor":[62,62,55,61,66,66,64,55,55,59,59,64,64,56,56,9,84,67,63,63,63,39,39,26,26,26,26,32,32,32,38,55,0],"gold":67,"neow_bonus":"ONE_RARE_RELIC","is_prod":false,"is_daily":false,"chose_seed":false,"campfire_upgraded":5,"win_rate":0.0,"timestamp":1538096777,"path_taken":["M","?","?","M","?","R","M","M","T","M","R","?","?","?","R","BOSS","M","?","$","?","M","R","M","R","T","?","M","?","M","M","R","BOSS"],"build_version":"2018-09-20","purchased_purges":2,"victory":false,"max_hp_per_floor":[80,74,74,74,74,74,74,79,79,79,79,84,84,84,84,84,84,84,84,84,84,84,84,84,84,84,84,84,58,58,58,58,58],"card_choices":[{"not_picked":["Body Slam","Armaments","Dropkick"],"picked":"SKIP","floor":1},{"not_picked":["Thunderclap","Pummel"],"picked":"Clash","floor":4},{"not_picked":["Anger","Uppercut"],"picked":"Searing Blow","floor":5},{"not_picked":["Headbutt","Flex","True Grit"],"picked":"SKIP","floor":7},{"not_picked":["Fire Breathing","Sever Soul","Headbutt"],"picked":"SKIP","floor":8},{"not_picked":["Warcry","Infernal Blade","Twin Strike"],"picked":"Double Tap","floor":10},{"not_picked":["Fiend Fire","Barricade","Limit Break"],"picked":"Reaper","floor":16},{"not_picked":["Pommel Strike","Corruption","Iron Wave"],"picked":"Battle Trance+1","floor":18},{"not_picked":["Carnage","Body Slam","Warcry","Searing Blow"],"picked":"SKIP","floor":19},{"not_picked":["Armaments","Body Slam","Combust","Shrug It Off"],"picked":"SKIP","floor":22},{"not_picked":["Reaper","Perfected Strike","Corruption","Flame Barrier+1"],"picked":"SKIP","floor":24},{"not_picked":["Body Slam","Pommel Strike+1","Metallicize+1","True Grit"],"picked":"SKIP","floor":28},{"not_picked":["Hemokinesis","Armaments","Limit Break","Clothesline"],"picked":"SKIP","floor":30},{"not_picked":["True Grit","Fire Breathing","Iron Wave","Pommel Strike"],"picked":"SKIP","floor":31}],"player_experience":19394,"relics_obtained":[{"floor":9,"key":"Question Card"},{"floor":26,"key":"Anchor"}],"event_choices":[{"event_name":"Golden Idol","player_choice":"Lose Max HP","floor":2,"damage_taken":0},{"event_name":"Golden Wing","player_choice":"Card Removal","floor":3,"damage_taken":0},{"event_name":"Big Fish","player_choice":"Donut","floor":12,"damage_taken":0},{"event_name":"FaceTrader","player_choice":"Touch","floor":14,"damage_taken":0},{"event_name":"Beggar","player_choice":"Ignored","floor":21,"damage_taken":0},{"event_name":"Addict","player_choice":"Obtained Relic","floor":27,"damage_taken":0},{"event_name":"Vampires","player_choice":"Became a vampire","floor":29,"damage_taken":0}],"is_beta":false,"boss_relics":[{"not_picked":["Philosopher\u0027s Stone","Mark of Pain"],"picked":"Runic Pyramid"}],"items_purged_floors":[13,20],"is_endless":false,"potions_floor_spawned":[4,5,8,19,28,30,31],"killed_by":"Collector","ascension_level":0}