{"gold_per_floor":[117,132,143,0,17,17,17,17,17,17,32,65,65,65,65,195,195,181,181,32,112,125,125,166,166,190,190,230,105,126,86,86,86],"floor_reached":33,"playtime":1416,"items_purged":["Strike_G","Decay","Strike_G"],"score":481,"play_id":"b1f0156d-8e68-489c-a240-7ce10e6bfc75","local_time":"20190107170212","is_ascension_mode":true,"campfire_choices":[{"data":"Bouncing Flask","floor":6.0,"key":"SMITH"},{"data":"Noxious Fumes","floor":10.0,"key":"SMITH"},{"data":"Neutralize","floor":13.0,"key":"SMITH"},{"data":"Backflip","floor":15.0,"key":"SMITH"},{"data":"Malaise","floor":23.0,"key":"SMITH"},{"data":"Well Laid Plans","floor":25.0,"key":"SMITH"},{"floor":27.0,"key":"REST"},{"data":"Noxious Fumes","floor":32,"key":"SMITH"}],"neow_cost":"NONE","seed_source_timestamp":0,"circlet_count":0,"master_deck":["Defend_G","Defend_G","Defend_G","Defend_G","Defend_G","Strike_G","Strike_G","Survivor","Neutralize+1","Bouncing Flask+1","Noxious Fumes+1","Footwork+1","Backflip+1","Dash","Flying Knee","Poisoned Stab","Malaise+1","Bane","PiercingWail","Well Laid Plans+1","Dagger Spray+1","Noxious Fumes+1"],"special_seed":0,"relics":["Ring of the Snake","Golden Idol","Dead Branch","FossilizedHelix","Busted Crown","Bottled Lightning","Boot","Bag of Preparation","Dream Catcher"],"potions_floor_usage":[30,33],"damage_taken":[{"damage":0.0,"enemies":"Cultist","floor":1.0,"turns":4.0},{"damage":9.0,"enemies":"Small Slimes","floor":2.0,"turns":5.0},{"damage":0.0,"enemies":"Jaw Worm","floor":3.0,"turns":5.0},{"damage":1.0,"enemies":"Looter","floor":5.0,"turns":5.0},{"damage":0.0,"enemies":"2 Fungi Beasts","floor":11.0,"turns":3.0},{"damage":0.0,"enemies":"3 Sentries","floor":12.0,"turns":5.0},{"damage":0.0,"enemies":"Slime Boss","floor":16.0,"turns":9.0},{"damage":0.0,"enemies":"2 Thieves","floor":18.0,"turns":4.0},{"damage":0.0,"enemies":"Spheric Guardian","floor":22.0,"turns":5.0},{"damage":5.0,"enemies":"Book of Stabbing","floor":24.0,"turns":8.0},{"damage":19.0,"enemies":"Slavers","floor":28.0,"turns":6.0},{"damage":10,"enemies":"3 Cultists","floor":30,"turns":5},{"damage":44,"enemies":"Champ","floor":33,"turns":12}],"seed_played":"-4553788638115635769","potions_obtained":[{"floor":2.0,"key":"Energy Potion"},{"floor":5.0,"key":"Explosive Potion"},{"floor":11.0,"key":"Explosive Potion"},{"floor":12.0,"key":"Explosive Potion"},{"floor":18.0,"key":"GamblersBrew"},{"floor":28,"key":"EssenceOfSteel"}],"is_trial":false,"path_per_floor":["M","M","M","$","M","R","?","?","T","R","M","E","R","?","R","B",null,"M","?","$","T","M","R","E","R","T","R","E","$","M","$","R","B"],"character_chosen":"THE_SILENT","items_purchased":["Dash","PiercingWail","Noxious Fumes"],"campfire_rested":1,"item_purchase_floors":[4,20,31],"current_hp_per_floor":[63,54,54,54,53,53,53,53,53,53,53,53,53,46,46,46,60,60,60,60,60,60,60,55,55,55,65,46,46,36,36,36,0],"gold":86,"neow_bonus":"THREE_CARDS","is_prod":false,"is_daily":false,"chose_seed":false,"campfire_upgraded":7,"win_rate":0,"timestamp":1546876932,"path_taken":["M","M","?","$","M","R","?","?","T","R","M","E","R","?","R","BOSS","M","?","$","?","M","R","E","R","T","R","E","$","M","$","R","BOSS"],"build_version":"2019-01-03v4","purchased_purges":3,"victory":false,"max_hp_per_floor":[70,70,70,70,70,70,70,65,65,65,65,65,65,65,65,65,65,65,65,65,65,65,65,65,65,65,65,65,65,65,65,65,65],"card_choices":[{"not_picked":["Tactician","Dagger Throw"],"picked":"Bouncing Flask","floor":0.0},{"not_picked":["Quick Slash","Bane"],"picked":"Noxious Fumes","floor":1.0},{"not_picked":["Dagger Throw","Crippling Poison"],"picked":"Footwork","floor":2.0},{"not_picked":["Heel Hook","Sucker Punch"],"picked":"Backflip","floor":3.0},{"not_picked":["Finisher","Poisoned Stab","Choke"],"picked":"SKIP","floor":5.0},{"not_picked":["Sucker Punch","Blade Dance"],"picked":"Flying Knee","floor":11.0},{"not_picked":["Caltrops","Calculated Gamble"],"picked":"Poisoned Stab","floor":12.0},{"not_picked":["Die Die Die","Night Terror"],"picked":"Malaise","floor":16.0},{"not_picked":[],"picked":"Bane","floor":18.0},{"not_picked":[],"picked":"Well Laid Plans","floor":22.0},{"not_picked":["Eviscerate+1"],"picked":"SKIP","floor":24.0},{"not_picked":["Expertise"],"picked":"SKIP","floor":28},{"not_picked":[],"picked":"Dagger Spray+1","floor":30}],"player_experience":488909,"relics_obtained":[{"floor":9.0,"key":"Dead Branch"},{"floor":12.0,"key":"FossilizedHelix"},{"floor":21.0,"key":"Bottled Lightning"},{"floor":24.0,"key":"Boot"},{"floor":26.0,"key":"Bag of Preparation"},{"floor":28,"key":"Dream Catcher"}],"event_choices":[{"damage_healed":0.0,"max_hp_gain":0.0,"max_hp_loss":0.0,"gold_gain":0.0,"event_name":"Living Wall","player_choice":"Grow","floor":7.0,"gold_loss":0.0,"damage_taken":0.0,"cards_upgraded":["Footwork"]},{"damage_healed":0.0,"max_hp_gain":0.0,"max_hp_loss":5.0,"gold_gain":0.0,"event_name":"Golden Idol","player_choice":"Lose Max HP","floor":8.0,"gold_loss":0.0,"damage_taken":0.0,"relics_obtained":["Golden Idol"]},{"cards_removed":["Strike_G"],"damage_healed":0.0,"max_hp_gain":0.0,"max_hp_loss":0.0,"gold_gain":0.0,"event_name":"Golden Wing","player_choice":"Card Removal","floor":14.0,"gold_loss":0.0,"damage_taken":7.0},{"damage_healed":0.0,"max_hp_gain":0.0,"max_hp_loss":0.0,"gold_gain":0.0,"event_name":"Wheel of Change","player_choice":"Cursed","floor":19.0,"gold_loss":0.0,"damage_taken":0.0,"cards_obtained":["Decay"]}],"is_beta":false,"boss_relics":[{"not_picked":["Coffee Dripper","Orrery"],"picked":"Busted Crown"}],"items_purged_floors":[4,20,29],"is_endless":false,"potions_floor_spawned":[2,5,11,12,18,28],"killed_by":"Champ","ascension_level":7}