{"gold_per_floor":[114,132,132,142,162,196,196,225,249,324,356,356,356,376,376,480,480,500,180,251,262,272,302,312,322,346,357,376,410,53,80,80,181,181,197,211,211,224,224,224,255,255,278,308,321,332,366,376,376,376,376,376,21,47,47],"floor_reached":55,"playtime":6177,"items_purged":["Strike_B","Strike_B"],"score":1342,"play_id":"02c820b9-3a15-4cfc-9bfa-c5ff0025bf4d","local_time":"20190127022307","is_ascension_mode":true,"campfire_choices":[{"floor":7.0,"key":"REST"},{"floor":12.0,"key":"REST"},{"data":"Zap","floor":15.0,"key":"SMITH"},{"data":"Loop","floor":32,"key":"SMITH"},{"data":"Biased Cognition","floor":40,"key":"SMITH"},{"floor":42,"key":"RECALL"},{"data":"Buffer","floor":49,"key":"SMITH"},{"data":"Echo Form","floor":52,"key":"SMITH"}],"neow_cost":"PERCENT_DAMAGE","seed_source_timestamp":0,"circlet_count":0,"master_deck":["AscendersBane","Strike_B","Strike_B+1","Defend_B","Defend_B","Defend_B","Defend_B","Zap+1","Dualcast","Coolheaded","BootSequence","Defragment+1","Conserve Battery","Electrodynamics","Chill","Rip and Tear+1","Undo+1","Madness","Glacier","Self Repair+1","Echo Form+1","Loop+1","Biased Cognition+1","Ball Lightning","Buffer+1"],"special_seed":0,"relics":["Cracked Core","Sundial","PreservedInsect","Ancient Tea Set","Bag of Preparation","Dream Catcher","Nuclear Battery","DataDisk","Symbiotic Virus","Bronze Scales","Omamori","Potion Belt","ClockworkSouvenir","Art of War","Oddly Smooth Stone","Coffee Dripper","Letter Opener","Incense Burner","Juzu Bracelet","Orichalcum","Toy Ornithopter","Whetstone"],"potions_floor_usage":[46,50,54,55,55,55],"damage_taken":[{"damage":7.0,"enemies":"Jaw Worm","floor":1.0,"turns":3.0},{"damage":5.0,"enemies":"2 Louse","floor":2.0,"turns":3.0},{"damage":0.0,"enemies":"Cultist","floor":4.0,"turns":5.0},{"damage":0.0,"enemies":"Red Slaver","floor":5.0,"turns":4.0},{"damage":35.0,"enemies":"3 Sentries","floor":6.0,"turns":12.0},{"damage":10.0,"enemies":"Lagavulin","floor":8.0,"turns":8.0},{"damage":16.0,"enemies":"Gremlin Nob","floor":11.0,"turns":3.0},{"damage":0.0,"enemies":"2 Fungi Beasts","floor":14.0,"turns":1.0},{"damage":9.0,"enemies":"The Guardian","floor":16.0,"turns":13.0},{"damage":1,"enemies":"Shell Parasite","floor":18,"turns":6},{"damage":0,"enemies":"3 Byrds","floor":21,"turns":2},{"damage":5,"enemies":"Shelled Parasite and Fungi","floor":22,"turns":8},{"damage":4,"enemies":"Book of Stabbing","floor":23,"turns":7},{"damage":1,"enemies":"Snake Plant","floor":24,"turns":4},{"damage":3,"enemies":"Sentry and Sphere","floor":25,"turns":5},{"damage":2,"enemies":"Chosen and Byrds","floor":27,"turns":4},{"damage":5,"enemies":"Centurion and Healer","floor":28,"turns":4},{"damage":16,"enemies":"Slavers","floor":29,"turns":4},{"damage":14,"enemies":"Book of Stabbing","floor":31,"turns":4},{"damage":0,"enemies":"Automaton","floor":33,"turns":11},{"damage":3,"enemies":"3 Shapes","floor":35,"turns":5},{"damage":25,"enemies":"3 Darklings","floor":36,"turns":5},{"damage":2,"enemies":"Sphere and 2 Shapes","floor":38,"turns":8},{"damage":0,"enemies":"Giant Head","floor":41,"turns":8},{"damage":21,"enemies":"Nemesis","floor":44,"turns":7},{"damage":0,"enemies":"4 Shapes","floor":45,"turns":4},{"damage":17,"enemies":"Maw","floor":46,"turns":8},{"damage":8,"enemies":"Giant Head","floor":47,"turns":10},{"damage":0,"enemies":"Spire Growth","floor":48,"turns":6},{"damage":50,"enemies":"Time Eater","floor":50,"turns":15},{"damage":30,"enemies":"Shield and Spear","floor":54,"turns":5},{"damage":97,"enemies":"The Heart","floor":55,"turns":12}],"seed_played":"-1182496047600901775","potions_obtained":[{"floor":1.0,"key":"Weak Potion"},{"floor":5.0,"key":"Weak Potion"},{"floor":6.0,"key":"Poison Potion"},{"floor":11.0,"key":"PowerPotion"},{"floor":16.0,"key":"Strength Potion"},{"floor":18,"key":"Swift Potion"},{"floor":24,"key":"FocusPotion"},{"floor":41,"key":"SteroidPotion"},{"floor":44,"key":"Swift Potion"},{"floor":46,"key":"FearPotion"}],"is_trial":false,"path_per_floor":["M","M","?","M","M","E","R","E","T","?","E","R","?","M","R","B",null,"M","$","T","M","M","E","M","M","T","M","M","E","$","E","R","B",null,"M","M","?","M","T","R","E","R","T","E","M","M","E","M","R","B",null,"R","$","E","B"],"character_chosen":"DEFECT","items_purchased":["DataDisk","Madness","ClockworkSouvenir","Art of War","Toy Ornithopter","Weak Potion"],"campfire_rested":2,"item_purchase_floors":[19,19,30,30,53,53],"current_hp_per_floor":[57,52,49,49,49,14,40,30,30,19,3,29,29,29,29,20,72,71,71,71,71,66,72,81,88,88,89,89,83,83,89,89,89,89,89,74,74,82,82,82,89,89,89,78,78,71,73,89,89,59,82,82,82,67,0],"gold":47,"neow_bonus":"TWENTY_PERCENT_HP_BONUS","is_prod":false,"is_daily":false,"chose_seed":false,"campfire_upgraded":5,"win_rate":0,"timestamp":1548577387,"path_taken":["M","M","?","M","M","E","R","E","T","?","E","R","?","M","R","BOSS","M","$","?","M","M","E","?","M","T","M","M","E","$","E","R","BOSS","M","M","?","?","?","R","E","R","T","E","M","M","E","M","R","BOSS","R","$","E","BOSS"],"build_version":"2019-01-23","purchased_purges":2,"victory":false,"max_hp_per_floor":[89,89,89,89,89,89,89,89,89,89,89,89,89,89,89,89,89,89,89,89,89,89,89,89,89,89,89,89,89,89,89,89,89,89,89,89,89,89,89,89,89,89,89,89,89,89,89,89,89,89,89,89,89,89,89],"card_choices":[{"not_picked":["Darkness","Beam Cell"],"picked":"Coolheaded","floor":1.0},{"not_picked":["Rebound","Reprogram"],"picked":"BootSequence","floor":2.0},{"not_picked":["Capacitor","Compile Driver"],"picked":"Defragment","floor":4.0},{"not_picked":["Beam Cell","Cold Snap"],"picked":"Conserve Battery","floor":5.0},{"not_picked":["Redo","Cold Snap"],"picked":"Electrodynamics","floor":6.0},{"not_picked":["Aggregate","Streamline"],"picked":"Chill","floor":8.0},{"not_picked":["Rebound","Redo"],"picked":"Rip and Tear","floor":11.0},{"not_picked":["Go for the Eyes","Redo","Beam Cell"],"picked":"SKIP","floor":14.0},{"not_picked":["Redo","Lockon"],"picked":"Undo+1","floor":18},{"not_picked":["Barrage","Coolheaded"],"picked":"Glacier","floor":21},{"not_picked":["Capacitor","Compile Driver"],"picked":"Self Repair+1","floor":22},{"not_picked":["Rebound","BootSequence+1","Self Repair+1"],"picked":"SKIP","floor":23},{"not_picked":["Auto Shields","Steam"],"picked":"Echo Form","floor":24},{"not_picked":["Redo+1","Tempest+1"],"picked":"Loop","floor":25},{"not_picked":["Leap","BootSequence+1","Force Field"],"picked":"SKIP","floor":27},{"not_picked":["Doom and Gloom","Steam","Compile Driver"],"picked":"SKIP","floor":28},{"not_picked":["Loop","Beam Cell+1","Steam"],"picked":"SKIP","floor":29},{"not_picked":["Rebound","Barrage","Redo"],"picked":"SKIP","floor":31},{"not_picked":["All For One","Machine Learning"],"picked":"Biased Cognition","floor":33},{"not_picked":["Storm+1","Cold Snap","Genetic Algorithm"],"picked":"SKIP","floor":35},{"not_picked":["Tempest","Conserve Battery+1","Lockon+1"],"picked":"SKIP","floor":36},{"not_picked":["BootSequence","Rebound+1","Cold Snap+1"],"picked":"SKIP","floor":38},{"not_picked":["Chaos+1","Streamline+1","Sunder+1"],"picked":"SKIP","floor":41},{"not_picked":["Hologram","Force Field+1","Barrage"],"picked":"SKIP","floor":44},{"not_picked":["Hello World+1","FTL","Consume"],"picked":"SKIP","floor":45},{"not_picked":["Sweeping Beam+1","Rip and Tear+1","Steam Power+1"],"picked":"SKIP","floor":46},{"not_picked":["Chaos+1","White Noise"],"picked":"Buffer","floor":47},{"not_picked":["Coolheaded","Recycle","Scrape"],"picked":"SKIP","floor":48},{"not_picked":["Reinforced Body+1","Static Discharge+1","Genetic Algorithm+1"],"picked":"SKIP","floor":54}],"player_experience":881182,"relics_obtained":[{"floor":6.0,"key":"PreservedInsect"},{"floor":8.0,"key":"Ancient Tea Set"},{"floor":9.0,"key":"Bag of Preparation"},{"floor":11.0,"key":"Dream Catcher"},{"floor":20,"key":"Symbiotic Virus"},{"floor":23,"key":"Bronze Scales"},{"floor":26,"key":"Omamori"},{"floor":29,"key":"Potion Belt"},{"floor":31,"key":"Oddly Smooth Stone"},{"floor":39,"key":"Letter Opener"},{"floor":41,"key":"Incense Burner"},{"floor":44,"key":"Juzu Bracelet"},{"floor":47,"key":"Orichalcum"},{"floor":54,"key":"Whetstone"}],"event_choices":[{"damage_healed":0.0,"max_hp_gain":0.0,"max_hp_loss":0.0,"gold_gain":0.0,"event_name":"Scrap Ooze","player_choice":"Success","floor":3.0,"gold_loss":0.0,"damage_taken":3.0,"relics_obtained":["Sundial"]},{"damage_healed":0.0,"max_hp_gain":0.0,"max_hp_loss":0.0,"gold_gain":75.0,"event_name":"World of Goop","player_choice":"Gather Gold","floor":10.0,"gold_loss":0.0,"damage_taken":11.0},{"damage_healed":0.0,"max_hp_gain":0.0,"max_hp_loss":0.0,"gold_gain":0.0,"event_name":"Accursed Blacksmith","player_choice":"Forge","floor":13.0,"gold_loss":0.0,"damage_taken":0.0,"cards_upgraded":["Defragment"]},{"damage_healed":0,"gold_gain":0,"player_choice":"1 cards matched","damage_taken":0,"max_hp_gain":0,"max_hp_loss":0,"event_name":"Match and Keep!","floor":37,"gold_loss":0,"cards_obtained":["Ball Lightning"]}],"is_beta":false,"boss_relics":[{"not_picked":["Orrery","Velvet Choker"],"picked":"Nuclear Battery"},{"not_picked":["Busted Crown","Eternal Feather"],"picked":"Coffee Dripper"}],"items_purged_floors":[19,53],"is_endless":false,"potions_floor_spawned":[1,5,6,11,16,18,22,24,25,28,41,44,46,47],"killed_by":"The Heart","ascension_level":11}