{"gold_per_floor":[117,25,25,37,63,29,29,54,104,136,25,54,67,67,67,167,167,180,280,297,310,326,326,355,355,355,355,370,397,397,410,410,512,512,523,535,409,409,187,212,212,244,296,296,148,158,172,204,204,204],"floor_reached":51,"playtime":3327,"items_purged":["Strike_B","Strike_B","Defend_B"],"score":1108,"play_id":"1a2523df-62ff-4abd-b06a-fc21dc95d47f","local_time":"20190214221236","is_ascension_mode":true,"campfire_choices":[{"data":"Zap","floor":7,"key":"SMITH"},{"data":"Defragment","floor":15,"key":"SMITH"},{"data":"Creative AI","floor":23,"key":"SMITH"},{"floor":27,"key":"REST"},{"data":"Turbo","floor":30,"key":"SMITH"},{"data":"Coolheaded","floor":32,"key":"SMITH"},{"data":"Strike_B","floor":41,"key":"PURGE"},{"data":"Defend_B","floor":44,"key":"PURGE"},{"data":"Defend_B","floor":49,"key":"PURGE"}],"neow_cost":"NONE","seed_source_timestamp":18035409755772,"circlet_count":0,"master_deck":["Defend_B","Zap+1","Dualcast","Cold Snap","Defragment+1","Steam","Sweeping Beam","Coolheaded+1","FTL","Streamline","Defragment+1","Glacier","Creative AI+1","Skim","Barrage+1","Conserve Battery","Glacier+1","Turbo+1","BootSequence","Coolheaded+1","Fission","Hologram","Auto Shields+1","Sweeping Beam","Go for the Eyes","Gash","Compile Driver+1","Turbo","Hologram+1","Ball Lightning"],"relics":["Cracked Core","NeowsBlessing","MawBank","Boot","Pen Nib","Mercury Hourglass","Mummified Hand","Inserter","Oddly Smooth Stone","Blood Vial","Sundial","Fusion Hammer","Happy Flower","Peace Pipe","Turnip","Bag of Preparation","Darkstone Periapt"],"potions_floor_usage":[20,24,24,29,33,50,50,50],"damage_taken":[{"damage":0,"enemies":"Jaw Worm","floor":1,"turns":1},{"damage":0,"enemies":"Small Slimes","floor":5,"turns":1},{"damage":0,"enemies":"Gremlin Nob","floor":8,"turns":1},{"damage":17,"enemies":"3 Sentries","floor":10,"turns":6},{"damage":5,"enemies":"Gremlin Nob","floor":12,"turns":3},{"damage":0,"enemies":"Cultist","floor":13,"turns":3},{"damage":1,"enemies":"Slime Boss","floor":16,"turns":8},{"damage":12,"enemies":"3 Byrds","floor":18,"turns":4},{"damage":5,"enemies":"Spheric Guardian","floor":20,"turns":3},{"damage":5,"enemies":"Cultist and Chosen","floor":21,"turns":6},{"damage":1,"enemies":"Snecko","floor":22,"turns":5},{"damage":32,"enemies":"Slavers","floor":24,"turns":7},{"damage":0,"enemies":"Snake Plant","floor":28,"turns":5},{"damage":1,"enemies":"Gremlin Leader","floor":29,"turns":9},{"damage":2,"enemies":"3 Cultists","floor":31,"turns":5},{"damage":28,"enemies":"Collector","floor":33,"turns":11},{"damage":0,"enemies":"3 Darklings","floor":35,"turns":8},{"damage":0,"enemies":"3 Shapes","floor":36,"turns":3},{"damage":0,"enemies":"Reptomancer","floor":40,"turns":9},{"damage":0,"enemies":"Giant Head","floor":42,"turns":11},{"damage":0,"enemies":"Jaw Worm Horde","floor":46,"turns":3},{"damage":0,"enemies":"Spire Growth","floor":47,"turns":3},{"damage":0,"enemies":"Nemesis","floor":48,"turns":6},{"damage":28,"enemies":"Donu and Deca","floor":50,"turns":10}],"seed_played":"-2526911685568426152","potions_obtained":[{"floor":10,"key":"Dexterity Potion"},{"floor":12,"key":"SpeedPotion"},{"floor":16,"key":"Fire Potion"},{"floor":21,"key":"Regen Potion"},{"floor":24,"key":"AttackPotion"},{"floor":31,"key":"Explosive Potion"},{"floor":33,"key":"Ancient Potion"},{"floor":46,"key":"Weak Potion"},{"floor":48,"key":"Dexterity Potion"}],"is_trial":false,"path_per_floor":["M","$","?","?","M","$","R","E","T","E","$","E","M","?","R","B",null,"M","?","M","M","M","R","E","?","T","R","M","E","R","M","R","B",null,"M","M","$","?","$","E","R","E","T","R","$","M","M","E","R","B",null],"character_chosen":"DEFECT","items_purchased":["Defragment","Steam","Coolheaded","Defragment","Sweeping Beam","Happy Flower","Go for the Eyes","Gash","Turbo"],"campfire_rested":1,"item_purchase_floors":[2,2,6,11,37,39,39,39,45],"current_hp_per_floor":[75,75,72,72,72,72,72,72,72,55,55,50,50,50,50,49,69,57,57,52,47,46,46,29,29,29,51,53,54,54,54,54,28,63,65,67,67,67,67,69,69,71,71,71,71,71,71,71,71,43],"gold":204,"neow_bonus":"THREE_ENEMY_KILL","is_prod":false,"is_daily":false,"chose_seed":false,"campfire_upgraded":5,"win_rate":0,"timestamp":1550178756,"path_taken":["M","$","?","?","?","$","R","E","T","E","?","E","?","?","R","BOSS","M","?","?","M","M","R","E","?","T","R","M","E","R","M","R","BOSS","M","M","$","?","$","E","R","E","T","R","$","M","M","E","R","BOSS"],"build_version":"2019-01-23","purchased_purges":3,"victory":true,"max_hp_per_floor":[75,75,75,75,75,75,75,75,75,75,75,75,75,75,75,75,75,75,75,75,75,75,75,75,75,75,75,75,75,75,75,75,75,75,75,75,75,71,71,71,71,71,71,71,71,71,71,71,71,71],"card_choices":[{"not_picked":["Streamline","Hello World"],"picked":"Cold Snap","floor":1},{"not_picked":["Steam","Redo"],"picked":"Sweeping Beam","floor":5},{"not_picked":["Force Field","Gash"],"picked":"FTL","floor":8},{"not_picked":["Fusion","Genetic Algorithm"],"picked":"Streamline","floor":10},{"not_picked":["Stack","Streamline","Meteor Strike"],"picked":"SKIP","floor":12},{"not_picked":["Barrage","Aggregate"],"picked":"Glacier","floor":13},{"not_picked":["Electrodynamics","Rainbow"],"picked":"Creative AI","floor":16},{"not_picked":["Chaos","Compile Driver"],"picked":"Skim","floor":18},{"not_picked":["Sunder+1","Hologram"],"picked":"Barrage+1","floor":20},{"not_picked":["Barrage+1","Compile Driver"],"picked":"Conserve Battery","floor":21},{"not_picked":["Coolheaded","Skim"],"picked":"Glacier+1","floor":22},{"not_picked":["Stack+1","Compile Driver+1"],"picked":"Turbo","floor":24},{"not_picked":["Streamline+1","Conserve Battery"],"picked":"BootSequence","floor":28},{"not_picked":["Reprogram","Fission"],"picked":"Coolheaded+1","floor":29},{"not_picked":["Compile Driver","Barrage","Tempest+1"],"picked":"SKIP","floor":31},{"not_picked":["Amplify","Hyperbeam"],"picked":"Fission","floor":33},{"not_picked":["Redo+1","Reinforced Body"],"picked":"Hologram","floor":35},{"not_picked":["Streamline+1","Redo+1"],"picked":"Auto Shields+1","floor":36},{"not_picked":["Ball Lightning","Aggregate+1","Multi-Cast"],"picked":"SKIP","floor":40},{"not_picked":["Sunder","Barrage"],"picked":"Compile Driver+1","floor":42},{"not_picked":["Barrage","Reprogram"],"picked":"Hologram+1","floor":46},{"not_picked":["Barrage","Self Repair+1"],"picked":"Ball Lightning","floor":47},{"not_picked":["Ball Lightning","Beam Cell+1","Streamline"],"picked":"SKIP","floor":48}],"player_experience":653213,"relics_obtained":[{"floor":8,"key":"Boot"},{"floor":9,"key":"Pen Nib"},{"floor":10,"key":"Mercury Hourglass"},{"floor":12,"key":"Mummified Hand"},{"floor":24,"key":"Oddly Smooth Stone"},{"floor":26,"key":"Blood Vial"},{"floor":29,"key":"Sundial"},{"floor":40,"key":"Peace Pipe"},{"floor":42,"key":"Turnip"},{"floor":43,"key":"Bag of Preparation"},{"floor":48,"key":"Darkstone Periapt"}],"event_choices":[{"damage_healed":0,"gold_gain":0,"player_choice":"Success","damage_taken":3,"relics_obtained":["MawBank"],"max_hp_gain":0,"max_hp_loss":0,"event_name":"Scrap Ooze","floor":3,"gold_loss":0},{"cards_removed":["Strike_B"],"damage_healed":0,"gold_gain":0,"player_choice":"Offered Basic","damage_taken":0,"max_hp_gain":0,"max_hp_loss":0,"event_name":"Bonfire Elementals","floor":4,"gold_loss":0},{"damage_healed":0,"gold_gain":0,"player_choice":"Upgraded","damage_taken":0,"max_hp_gain":0,"max_hp_loss":0,"event_name":"Upgrade Shrine","floor":14,"gold_loss":0,"cards_upgraded":["Defragment"]},{"damage_healed":0,"gold_gain":100,"player_choice":"Pray","damage_taken":0,"max_hp_gain":0,"max_hp_loss":0,"event_name":"Golden Shrine","floor":19,"gold_loss":0},{"damage_healed":0,"gold_gain":0,"player_choice":"Ignored","damage_taken":0,"max_hp_gain":0,"max_hp_loss":0,"event_name":"Ghosts","floor":25,"gold_loss":0},{"damage_healed":0,"gold_gain":0,"player_choice":"Max HP","damage_taken":0,"max_hp_gain":0,"max_hp_loss":4,"event_name":"Winding Halls","floor":38,"gold_loss":0}],"is_beta":false,"boss_relics":[{"not_picked":["Coffee Dripper","Runic Dome"],"picked":"Inserter"},{"not_picked":["Nuclear Battery","Black Star"],"picked":"Fusion Hammer"}],"items_purged_floors":[11,37,45],"is_endless":false,"potions_floor_spawned":[10,12,16,21,24,31,33,46,47,48],"ascension_level":5}