{"gold_per_floor":[119,119,119,119,134,59,89,104,104,119,132,57,332,0,0,100,100,117,117,137,148,160,85,116,127,203,531,531],"floor_reached":28,"playtime":2477,"items_purged":["Regret"],"score":310,"play_id":"91628955-58ae-4914-ae50-17105ac4a49c","local_time":"20190304040141","is_ascension_mode":false,"campfire_choices":[{"data":"LockedThread","floor":6,"key":"SMITH"},{"data":"ExoVibe","floor":12,"key":"SMITH"},{"data":"PatternShift","floor":15,"key":"SMITH"},{"data":"Analog","floor":23,"key":"SMITH"}],"neow_cost":"NONE","seed_source_timestamp":45909157089276,"circlet_count":0,"master_deck":["Strike_Br","Strike_Br","Strike_Br","Defend_Br","Defend_Br","Defend_Br","Defend_Br","SecondHand","PatternShift+1","AlternateTimeline","LockedThread+1","Analog+1","ReapSow","WindUp","ExoVibe+9","Echonomics+1","LockedBlood","LockedTornado","LockedAnchor","Break+1","Echoward+1","Pendulum+1","ExoVibe+1"],"relics":["Chronometer","Slimebound:GreedOozeRelic","Whetstone?","Bird Faced Urn","Dodecahedron","Toxic Egg 2","Runic Pyramid","Boot","Gremlin Horn","Old Coin"],"potions_floor_usage":[7,24,24,27,28],"damage_taken":[{"damage":0,"enemies":"Jaw Worm","floor":1,"turns":7},{"damage":0,"enemies":"2 Louse","floor":5,"turns":3},{"damage":7,"enemies":"3 Sentries","floor":7,"turns":9},{"damage":2,"enemies":"Cultist","floor":8,"turns":4},{"damage":2,"enemies":"Exordium Wildlife","floor":10,"turns":4},{"damage":3,"enemies":"Red Slaver","floor":11,"turns":3},{"damage":0,"enemies":"Slime Boss","floor":16,"turns":8},{"damage":6,"enemies":"Shell Parasite","floor":18,"turns":5},{"damage":21,"enemies":"3 Byrds","floor":20,"turns":5},{"damage":22,"enemies":"Centurion and Healer","floor":21,"turns":5},{"damage":10,"enemies":"Chosen and Byrds","floor":22,"turns":5},{"damage":3,"enemies":"Gremlin Leader","floor":24,"turns":7},{"damage":2,"enemies":"Snecko","floor":25,"turns":5},{"damage":67,"enemies":"Book of Stabbing","floor":27,"turns":7},{"damage":14,"enemies":"Snake Plant","floor":28,"turns":1}],"seed_played":"-5228324493010007112","potions_obtained":[{"floor":0,"key":"AttackPotion"},{"floor":0,"key":"SteroidPotion"},{"floor":0,"key":"SkillPotion"},{"floor":1,"key":"Strength Potion"},{"floor":18,"key":"SpeedPotion"},{"floor":24,"key":"GamblersBrew"}],"is_trial":false,"path_per_floor":["?","?","?","M","?","?"],"character_chosen":"CHRONO_CLASS","items_purchased":["Toxic Egg 2"],"campfire_rested":0,"item_purchase_floors":[14],"current_hp_per_floor":[65,65,65,65,65,65,58,56,56,56,53,53,53,53,53,55,65,61,61,48,38,42,42,53,65,65,8,0],"gold":531,"neow_bonus":"THREE_SMALL_POTIONS","is_prod":false,"is_daily":false,"chose_seed":false,"campfire_upgraded":4,"win_rate":0.0,"timestamp":1551668501,"path_taken":["M","?","?","?","M","R","E","M","T","?","M","R","?","$","R","BOSS","M","?","M","M","M","R","E","M","T","E","M"],"build_version":"2019-01-23","purchased_purges":1,"victory":false,"max_hp_per_floor":[65,65,65,65,65,65,65,65,65,65,65,65,65,65,65,65,65,65,65,65,65,65,65,65,65,65,65,65],"card_choices":[{"not_picked":["Tempo","PrimeTime"],"picked":"AlternateTimeline","floor":1},{"not_picked":["BlueShift","LockedAnchor"],"picked":"LockedThread","floor":5},{"not_picked":["ShortSighted","BlueShift"],"picked":"Analog","floor":7},{"not_picked":["WindUp","TiringSlam"],"picked":"ReapSow","floor":8},{"not_picked":["LockedAnchor","OverTime"],"picked":"WindUp","floor":10},{"not_picked":["LockedWhetstone","LockedScales"],"picked":"ExoVibe","floor":11},{"not_picked":["OverTime","Fragmentalize"],"picked":"Echonomics+1","floor":16},{"not_picked":["DaylightSavings+1","Engulf+1"],"picked":"LockedBlood","floor":18},{"not_picked":["Parity+1","LockedOrichalcum"],"picked":"LockedTornado","floor":20},{"not_picked":["HandsUp+1","AlternateTimeline+1"],"picked":"LockedAnchor","floor":21},{"not_picked":["Stagnate+1","AlternateTimeline+1"],"picked":"Break+1","floor":22},{"not_picked":["ReapSow","BiteCommand"],"picked":"Echoward+1","floor":24},{"not_picked":["TickedOff+1","HandsUp"],"picked":"Pendulum+1","floor":25},{"not_picked":["BackFourSeconds+1","AlternateTimeline+1"],"picked":"ExoVibe+1","floor":27}],"player_experience":361764,"relics_obtained":[{"floor":7,"key":"Bird Faced Urn"},{"floor":9,"key":"Dodecahedron"},{"floor":24,"key":"Boot"},{"floor":26,"key":"Gremlin Horn"},{"floor":27,"key":"Old Coin"}],"event_choices":[{"cards_removed":["Strike_Br"],"damage_healed":0,"gold_gain":0,"player_choice":"Purged","damage_taken":0,"max_hp_gain":0,"max_hp_loss":0,"event_name":"Purifier","floor":4,"gold_loss":0},{"damage_healed":0,"gold_gain":275,"player_choice":"Desecrate","damage_taken":0,"max_hp_gain":0,"max_hp_loss":0,"event_name":"Golden Shrine","floor":13,"gold_loss":0,"cards_obtained":["Regret"]},{"damage_healed":0,"gold_gain":0,"player_choice":"Ignored","damage_taken":0,"max_hp_gain":0,"max_hp_loss":0,"event_name":"N\u0027loth","floor":19,"gold_loss":0}],"is_beta":false,"boss_relics":[{"not_picked":["Lizard Tail","White Beast Statue"],"picked":"Runic Pyramid"}],"items_purged_floors":[14],"is_endless":false,"potions_floor_spawned":[1,5,18,22,24],"killed_by":"Snake Plant","ascension_level":0}