{"gold_per_floor":[112,122,72,72,48,73,91,91,91,106,106,121,140,140,140,140],"floor_reached":16,"playtime":397,"items_purged":[],"score":184,"play_id":"0f5bd012-5185-4b1f-9d34-b9d1bfe60c9f","local_time":"20190120014955","is_ascension_mode":true,"campfire_choices":[{"data":"Distraction","floor":8,"key":"SMITH"},{"data":"Neutralize","floor":15,"key":"SMITH"}],"neow_cost":"NONE","seed_source_timestamp":723653201197365,"circlet_count":0,"master_deck":["Defend_G","Defend_G","Defend_G","Defend_G","Defend_G","Strike_G","Strike_G","Strike_G","Strike_G","Survivor","Neutralize+1","Distraction+1","Dodge and Roll","Dagger Spray","Cloak And Dagger","All Out Attack","Sucker Punch","Backflip","Flying Knee"],"relics":["Ring of the Snake","NeowsBlessing","Darkstone Periapt","Bottled Flame","Singing Bowl","Paper Crane"],"potions_floor_usage":[10,16],"damage_taken":[{"damage":0,"enemies":"2 Louse","floor":1,"turns":1},{"damage":0,"enemies":"Jaw Worm","floor":2,"turns":1},{"damage":0,"enemies":"Lagavulin","floor":6,"turns":1},{"damage":0,"enemies":"Small Slimes","floor":7,"turns":5},{"damage":0,"enemies":"2 Fungi Beasts","floor":10,"turns":4},{"damage":0,"enemies":"3 Louse","floor":12,"turns":2},{"damage":3,"enemies":"Blue Slaver","floor":13,"turns":4},{"damage":45,"enemies":"Hexaghost","floor":16,"turns":15}],"seed_played":"-5459513886836063598","potions_obtained":[{"floor":2,"key":"GhostInAJar"},{"floor":12,"key":"SpeedPotion"},{"floor":13,"key":"Block Potion"}],"is_trial":false,"path_per_floor":["M","M","?","?","$","E","M","R","T","M","T","M","M","?","R","B"],"character_chosen":"THE_SILENT","items_purchased":["Dagger Spray"],"campfire_rested":0,"item_purchase_floors":[5],"current_hp_per_floor":[63,63,63,63,63,63,63,63,63,63,63,63,60,42,42,0],"gold":140,"neow_bonus":"THREE_ENEMY_KILL","is_prod":false,"is_daily":false,"chose_seed":false,"campfire_upgraded":2,"win_rate":0,"timestamp":1547945395,"path_taken":["M","M","?","?","?","E","M","R","T","M","?","M","M","?","R","BOSS"],"build_version":"2019-01-17v2","purchased_purges":0,"victory":false,"max_hp_per_floor":[70,70,70,70,70,70,70,70,70,70,70,70,70,70,70,70],"card_choices":[{"not_picked":["Quick Slash","Underhanded Strike"],"picked":"Distraction","floor":1},{"not_picked":["Quick Slash","Acrobatics"],"picked":"Dodge and Roll","floor":2},{"not_picked":["Terror","Quick Slash"],"picked":"Cloak And Dagger","floor":6},{"not_picked":["Acrobatics","Dodge and Roll"],"picked":"All Out Attack","floor":7},{"not_picked":["Underhanded Strike","Eviscerate"],"picked":"Sucker Punch","floor":10},{"not_picked":["Choke","Unload"],"picked":"Backflip","floor":12},{"not_picked":["Acrobatics","Distraction"],"picked":"Flying Knee","floor":13}],"player_experience":536170,"relics_obtained":[{"floor":6,"key":"Darkstone Periapt"},{"floor":9,"key":"Bottled Flame"},{"floor":11,"key":"Singing Bowl"}],"event_choices":[{"cards_removed":["Strike_G"],"damage_healed":0,"gold_gain":0,"player_choice":"Card Removal","damage_taken":0,"max_hp_gain":0,"max_hp_loss":0,"event_name":"The Cleric","floor":3,"gold_loss":50},{"damage_healed":0,"gold_gain":0,"player_choice":"Ignored","damage_taken":0,"max_hp_gain":0,"max_hp_loss":0,"event_name":"Liars Game","floor":4,"gold_loss":0},{"damage_healed":0,"gold_gain":0,"player_choice":"Success","damage_taken":18,"relics_obtained":["Paper Crane"],"max_hp_gain":0,"max_hp_loss":0,"event_name":"Scrap Ooze","floor":14,"gold_loss":0}],"is_beta":false,"boss_relics":[],"items_purged_floors":[],"is_endless":false,"potions_floor_spawned":[2,12,13],"killed_by":"Hexaghost","ascension_level":9}