{"gold_per_floor":[113,130,141,154,154,154,174,174,174,190,204,218,233,262,262,262],"floor_reached":16,"playtime":911,"items_purged":[],"score":108,"play_id":"ef660ba6-4915-4e47-83c2-cc852dfdefcd","local_time":"20180722221343","is_ascension_mode":false,"campfire_choices":[{"floor":6,"key":"REST"},{"data":"Backstab","floor":8,"key":"SMITH"},{"floor":15,"key":"REST"}],"neow_cost":"","seed_source_timestamp":795156306373961,"circlet_count":0,"master_deck":["Defend_G","Defend_G","Defend_G","Defend_G","Defend_G","Strike_G","Strike_G","Strike_G","Strike_G","Strike_G","Survivor","Neutralize","Flying Knee","Poisoned Stab","Blur","Endless Agony","Backstab+1","Infinite Blades","Dodge and Roll","Flying Knee","Poisoned Stab","Dagger Spray"],"relics":["Ring of the Snake","Oddly Smooth Stone","Snake Skull"],"potions_floor_usage":[11,13,14],"damage_taken":[{"damage":0,"enemies":"Small Slimes","floor":1,"turns":5},{"damage":0,"enemies":"Cultist","floor":2,"turns":4},{"damage":0,"enemies":"Jaw Worm","floor":3,"turns":5},{"damage":29,"enemies":"Exordium Wildlife","floor":4,"turns":11},{"damage":3,"enemies":"Red Slaver","floor":7,"turns":5},{"damage":0,"enemies":"2 Fungi Beasts","floor":10,"turns":3},{"damage":9,"enemies":"Gremlin Gang","floor":11,"turns":8},{"damage":0,"enemies":"Exordium Wildlife","floor":12,"turns":2},{"damage":0,"enemies":"Exordium Thugs","floor":13,"turns":4},{"damage":9,"enemies":"3 Sentries","floor":14,"turns":6},{"damage":66,"enemies":"The Guardian","floor":16,"turns":8}],"seed_played":"-635094890233984418","potions_obtained":[{"floor":10,"key":"GamblersBrew"},{"floor":11,"key":"PowerPotion"},{"floor":12,"key":"Fire Potion"}],"is_trial":false,"path_per_floor":["M","M","M","M","?","R","M","R","T","M","M","M","M","E","R"],"character_chosen":"THE_SILENT","items_purchased":[],"campfire_rested":2,"item_purchase_floors":[],"current_hp_per_floor":[70,70,70,41,41,62,59,59,59,59,50,50,50,41,62,0],"gold":262,"neow_bonus":"","is_prod":false,"is_daily":false,"chose_seed":false,"campfire_upgraded":1,"win_rate":0.0,"timestamp":1532290423,"path_taken":["M","M","M","M","?","R","M","R","T","M","M","M","M","E","R","BOSS"],"build_version":"2018-07-19v2","purchased_purges":0,"victory":false,"max_hp_per_floor":[70,70,70,70,70,70,70,70,70,70,70,70,70,70,70,70],"card_choices":[{"not_picked":["Quick Slash","Dagger Throw"],"picked":"Flying Knee","floor":1},{"not_picked":["PiercingWail","Bouncing Flask"],"picked":"Poisoned Stab","floor":2},{"not_picked":["Deflect","Underhanded Strike"],"picked":"Blur","floor":3},{"not_picked":["Slice","Acrobatics"],"picked":"Endless Agony","floor":4},{"not_picked":["Acrobatics","Poisoned Stab"],"picked":"Backstab","floor":7},{"not_picked":["Outmaneuver","Expertise"],"picked":"Infinite Blades","floor":10},{"not_picked":["Dagger Throw","Riddle With Holes"],"picked":"Dodge and Roll","floor":11},{"not_picked":["Underhanded Strike","Acrobatics"],"picked":"Flying Knee","floor":12},{"not_picked":["Backflip","Unload"],"picked":"Poisoned Stab","floor":13},{"not_picked":["Predator","Dagger Throw"],"picked":"Dagger Spray","floor":14}],"player_experience":14941,"relics_obtained":[{"floor":9,"key":"Oddly Smooth Stone"},{"floor":14,"key":"Snake Skull"}],"event_choices":[{"event_name":"Shining Light","player_choice":"Ignored","floor":5,"damage_taken":0}],"is_beta":false,"boss_relics":[],"items_purged_floors":[],"is_endless":false,"potions_floor_spawned":[10,11,12],"killed_by":"The Guardian","ascension_level":0}