{"gold_per_floor":[365,383,458,468,23,23,36,61,61,61,88,104,104,119,119,224,224,237,237,36,54,54,81,81,113,113,148,148,248,248,267,267,364,364,377,81,181,194,0,35,55,55,55,74,85,95,123,13,13,13],"floor_reached":50,"playtime":10295,"items_purged":["Strike_R"],"score":766,"play_id":"1b686060-79c5-4269-b446-c9993f775c06","local_time":"20190222191707","is_ascension_mode":true,"campfire_choices":[{"data":"Armaments","floor":6,"key":"SMITH"},{"data":"Whirlwind","floor":13,"key":"SMITH"},{"data":"Flex","floor":15,"key":"SMITH"},{"floor":28,"key":"REST"},{"floor":32,"key":"REST"},{"floor":42,"key":"REST"},{"floor":49,"key":"REST"}],"neow_cost":"TEN_PERCENT_HP_LOSS","seed_source_timestamp":427321413470795,"circlet_count":0,"master_deck":["Strike_R+1","Strike_R+1","Strike_R+1","Strike_R+1","Defend_R+1","Defend_R+1","Defend_R+1","Defend_R+1","Bash","Pommel Strike","Armaments+1","Flex+1","Whirlwind+1","Cleave","Pummel","Battle Trance+1","Barricade","Shrug It Off","Battle Trance","Rage","Seeing Red+1","Disarm+1","RitualDagger","Corruption","Impervious","Headbutt+1","Seeing Red","Ghostly Armor+1","Intimidate","Flame Barrier+1","Body Slam+1","Anger+1","Inflame","Deep Breath+1"],"relics":["Burning Blood","Letter Opener","Art of War","Anchor","Smiling Mask","Torii","Mummified Hand","Fusion Hammer","War Paint","Kunai","Charon\u0027s Ashes","Paper Frog","Omamori","Champion Belt","Blue Candle","Philosopher\u0027s Stone","StoneCalendar","FossilizedHelix","Red Mask","The Courier","Toxic Egg 2","Gremlin Horn"],"potions_floor_usage":[8,8,11,11,25,25,38,40,44,47,47,50],"damage_taken":[{"damage":2,"enemies":"Small Slimes","floor":1,"turns":4},{"damage":1,"enemies":"Cultist","floor":2,"turns":3},{"damage":0,"enemies":"2 Louse","floor":4,"turns":3},{"damage":11,"enemies":"Looter","floor":7,"turns":3},{"damage":44,"enemies":"Lagavulin","floor":8,"turns":8},{"damage":1,"enemies":"3 Sentries","floor":11,"turns":5},{"damage":0,"enemies":"2 Fungi Beasts","floor":12,"turns":2},{"damage":1,"enemies":"Blue Slaver","floor":14,"turns":3},{"damage":18,"enemies":"The Guardian","floor":16,"turns":16},{"damage":0,"enemies":"3 Byrds","floor":18,"turns":3},{"damage":19,"enemies":"Spheric Guardian","floor":21,"turns":4},{"damage":24,"enemies":"Book of Stabbing","floor":23,"turns":6},{"damage":8,"enemies":"Gremlin Leader","floor":25,"turns":7},{"damage":2,"enemies":"Book of Stabbing","floor":27,"turns":5},{"damage":9,"enemies":"Colosseum Slavers","floor":29,"turns":2},{"damage":0,"enemies":"Colosseum Nobs","floor":29,"turns":3},{"damage":1,"enemies":"Shelled Parasite and Fungi","floor":31,"turns":2},{"damage":32,"enemies":"Automaton","floor":33,"turns":10},{"damage":23,"enemies":"3 Darklings","floor":35,"turns":7},{"damage":0,"enemies":"Mind Bloom Boss Battle","floor":37,"turns":7},{"damage":0,"enemies":"Orb Walker","floor":38,"turns":2},{"damage":44,"enemies":"Reptomancer","floor":40,"turns":7},{"damage":7,"enemies":"4 Shapes","floor":41,"turns":4},{"damage":7,"enemies":"Writhing Mass","floor":44,"turns":6},{"damage":0,"enemies":"Spire Growth","floor":45,"turns":5},{"damage":9,"enemies":"Transient","floor":46,"turns":5},{"damage":9,"enemies":"Nemesis","floor":47,"turns":7},{"damage":74,"enemies":"Time Eater","floor":50,"turns":8}],"seed_played":"4266268804115295828","potions_obtained":[{"floor":2,"key":"BloodPotion"},{"floor":7,"key":"BloodPotion"},{"floor":8,"key":"EssenceOfSteel"},{"floor":16,"key":"BloodPotion"},{"floor":23,"key":"Poison Potion"},{"floor":29,"key":"Block Potion"},{"floor":31,"key":"Block Potion"},{"floor":33,"key":"PowerPotion"},{"floor":38,"key":"Fruit Juice"},{"floor":40,"key":"Fire Potion"},{"floor":45,"key":"Weak Potion"},{"floor":47,"key":"Block Potion"}],"is_trial":false,"path_per_floor":["M","M","?","M","$","R","M","E","T","T","E","M","R","M","R","B",null,"M","?","$","M","?","E","?","E","T","E","R","?","?","M","R","B",null,"M","$","?","M","?","E","M","R","T","M","M","M","E","$","R","B"],"character_chosen":"IRONCLAD","items_purchased":["Explosive Potion","Letter Opener","Art of War","War Paint","StoneCalendar","Inflame","Deep Breath+1"],"campfire_rested":4,"item_purchase_floors":[5,5,5,20,36,48,48],"current_hp_per_floor":[72,72,65,71,71,71,66,42,42,42,47,53,53,58,58,46,66,72,72,72,59,59,41,41,46,46,50,71,72,66,71,72,46,66,49,49,55,66,66,28,27,50,50,49,55,52,49,49,72,0],"gold":13,"neow_bonus":"TWO_FIFTY_GOLD","is_prod":false,"is_daily":false,"chose_seed":false,"campfire_upgraded":3,"win_rate":0,"timestamp":1550859427,"path_taken":["M","M","?","M","$","R","?","E","T","?","E","M","R","M","R","BOSS","M","?","$","?","?","E","?","E","T","E","R","?","?","M","R","BOSS","M","$","?","M","?","E","M","R","T","M","M","M","E","$","R","BOSS"],"build_version":"2019-01-23","purchased_purges":1,"victory":false,"max_hp_per_floor":[72,72,72,72,72,72,72,72,72,72,72,72,72,72,72,72,72,72,72,72,72,72,72,72,72,72,72,72,72,72,72,72,72,72,72,72,72,77,77,77,77,77,77,77,77,77,77,77,77,77],"card_choices":[{"not_picked":["Armaments","Bloodletting"],"picked":"Pommel Strike","floor":1},{"not_picked":["Reckless Charge","Clash","Heavy Blade"],"picked":"SKIP","floor":2},{"not_picked":["Shrug It Off","Pommel Strike"],"picked":"Armaments","floor":4},{"not_picked":["Power Through","Wild Strike"],"picked":"Flex","floor":7},{"not_picked":["True Grit","Thunderclap"],"picked":"Whirlwind","floor":8},{"not_picked":["Heavy Blade","Perfected Strike"],"picked":"Cleave","floor":11},{"not_picked":["Wild Strike","Havoc"],"picked":"Pummel","floor":12},{"not_picked":["Dropkick","True Grit"],"picked":"Battle Trance","floor":14},{"not_picked":["Immolate","Berserk"],"picked":"Barricade","floor":16},{"not_picked":["True Grit","Wild Strike"],"picked":"Shrug It Off","floor":18},{"not_picked":["Dropkick","Uppercut+1"],"picked":"Rage","floor":21},{"not_picked":["Havoc+1","Spot Weakness"],"picked":"Seeing Red+1","floor":23},{"not_picked":["Dual Wield","Twin Strike","Armaments+1"],"picked":"SKIP","floor":25},{"not_picked":["Exhume","Reckless Charge"],"picked":"Disarm+1","floor":27},{"not_picked":["Warcry","Heavy Blade+1"],"picked":"Corruption","floor":31},{"not_picked":["Bludgeon","Berserk"],"picked":"Impervious","floor":33},{"not_picked":["Pommel Strike+1","Havoc"],"picked":"Headbutt+1","floor":35},{"not_picked":["Perfected Strike+1","Evolve+1"],"picked":"Seeing Red","floor":37},{"not_picked":["Flex+1","Thunderclap+1"],"picked":"Ghostly Armor+1","floor":38},{"not_picked":["Hemokinesis+1","Battle Trance"],"picked":"Intimidate","floor":40},{"not_picked":["Seeing Red+1","Iron Wave","Clothesline+1"],"picked":"SKIP","floor":41},{"not_picked":["Pommel Strike","Thunderclap+1","True Grit+1"],"picked":"SKIP","floor":44},{"not_picked":["Clash","Fire Breathing+1"],"picked":"Flame Barrier+1","floor":45},{"not_picked":["Iron Wave","Feed"],"picked":"Body Slam+1","floor":46},{"not_picked":["Heavy Blade+1","Battle Trance+1"],"picked":"Anger+1","floor":47}],"player_experience":710409,"relics_obtained":[{"floor":8,"key":"Anchor"},{"floor":9,"key":"Smiling Mask"},{"floor":10,"key":"Torii"},{"floor":11,"key":"Mummified Hand"},{"floor":23,"key":"Kunai"},{"floor":25,"key":"Charon\u0027s Ashes"},{"floor":26,"key":"Paper Frog"},{"floor":27,"key":"Omamori"},{"floor":29,"key":"Champion Belt"},{"floor":29,"key":"Blue Candle"},{"floor":37,"key":"FossilizedHelix"},{"floor":40,"key":"The Courier"},{"floor":43,"key":"Toxic Egg 2"},{"floor":47,"key":"Gremlin Horn"}],"event_choices":[{"damage_healed":0,"gold_gain":75,"player_choice":"Touch","damage_taken":7,"max_hp_gain":0,"max_hp_loss":0,"event_name":"FaceTrader","floor":3,"gold_loss":0},{"damage_healed":0,"gold_gain":0,"player_choice":"Copied","damage_taken":0,"max_hp_gain":0,"max_hp_loss":0,"event_name":"Duplicator","floor":19,"gold_loss":0,"cards_obtained":["Battle Trance"]},{"damage_healed":0,"gold_gain":0,"player_choice":"Simplicity","damage_taken":0,"max_hp_gain":0,"max_hp_loss":0,"event_name":"Back to Basics","floor":22,"gold_loss":0,"cards_upgraded":["Strike_R","Strike_R","Strike_R","Strike_R","Defend_R","Defend_R","Defend_R"]},{"damage_healed":0,"gold_gain":0,"player_choice":"Ignored","damage_taken":0,"max_hp_gain":0,"max_hp_loss":0,"event_name":"The Mausoleum","floor":24,"gold_loss":0},{"damage_healed":0,"gold_gain":0,"player_choice":"Fight","damage_taken":0,"max_hp_gain":0,"max_hp_loss":0,"event_name":"Colosseum","floor":29,"gold_loss":0},{"damage_healed":0,"gold_gain":0,"player_choice":"Fought Nobs","damage_taken":0,"max_hp_gain":0,"max_hp_loss":0,"event_name":"Colosseum","floor":29,"gold_loss":0},{"damage_healed":0,"gold_gain":0,"player_choice":"Joined the Cult","damage_taken":6,"max_hp_gain":0,"max_hp_loss":0,"event_name":"Nest","floor":30,"gold_loss":0,"cards_obtained":["RitualDagger"]},{"damage_healed":0,"gold_gain":0,"player_choice":"Fight","damage_taken":0,"max_hp_gain":0,"max_hp_loss":0,"event_name":"MindBloom","floor":37,"gold_loss":0},{"damage_healed":0,"gold_gain":0,"player_choice":"Paid","damage_taken":0,"relics_obtained":["Red Mask"],"max_hp_gain":0,"max_hp_loss":0,"event_name":"Tomb of Lord Red Mask","floor":39,"gold_loss":194}],"is_beta":false,"boss_relics":[{"not_picked":["Astrolabe","Black Blood"],"picked":"Fusion Hammer"},{"not_picked":["Runic Pyramid","Pandora\u0027s Box"],"picked":"Philosopher\u0027s Stone"}],"items_purged_floors":[20],"is_endless":false,"potions_floor_spawned":[2,7,8,16,23,29,31,33,38,40,45,47],"killed_by":"Time Eater","ascension_level":6}