{"gold_per_floor":[112,124,137,112,127,127,139,139,164,38,38,52,17,32,32,156,156,170,269,269,171,86,86,55,55,108,108,131,50,50,64,64,183,183,203,203,203,227,252,252,265,279,279,279,279,302,302,327,327,327],"floor_reached":50,"playtime":5066,"items_purged":[],"score":461,"play_id":"65e801be-1f4e-4e8d-94a8-239a5dfc310a","local_time":"20181005015240","is_ascension_mode":false,"campfire_choices":[{"data":"Redo","floor":6,"key":"SMITH"},{"floor":8,"key":"REST"},{"data":"Loop","floor":15,"key":"SMITH"},{"data":"Creative AI","floor":23,"key":"SMITH"},{"data":"FTL","floor":25,"key":"SMITH"},{"data":"Redo","floor":27,"key":"SMITH"},{"floor":32,"key":"REST"},{"floor":40,"key":"REST"},{"floor":45,"key":"REST"},{"floor":49,"key":"REST"}],"neow_cost":"NONE","seed_source_timestamp":32890126992539,"circlet_count":0,"master_deck":["Strike_B+1","Strike_B+1","Strike_B+1","Strike_B+1","Defend_B+1","Defend_B+1","Defend_B+1","Defend_B+1","Zap+1","Dualcast","Rainbow","Sweeping Beam","Redo+1","Redo+1","Cold Snap","Loop+1","Leap","Chill","Injury","Leap","Creative AI+1","Conserve Battery","FTL+1","Leap","FTL","Auto Shields","Leap+1","Ball Lightning","Writhe","Writhe"],"relics":["Cracked Core","War Paint","Golden Idol","Busted Crown","Ancient Tea Set","Strawberry","Cursed Key","Kunai"],"potions_floor_usage":[33,50,50,50],"damage_taken":[{"damage":6,"enemies":"2 Louse","floor":1,"turns":3},{"damage":1,"enemies":"Jaw Worm","floor":2,"turns":3},{"damage":1,"enemies":"Small Slimes","floor":3,"turns":2},{"damage":23,"enemies":"Gremlin Gang","floor":5,"turns":5},{"damage":9,"enemies":"2 Fungi Beasts","floor":7,"turns":3},{"damage":6,"enemies":"Looter","floor":12,"turns":3},{"damage":8,"enemies":"3 Louse","floor":14,"turns":4},{"damage":33,"enemies":"The Guardian","floor":16,"turns":15},{"damage":1,"enemies":"Chosen","floor":18,"turns":7},{"damage":2,"enemies":"2 Thieves","floor":24,"turns":5},{"damage":0,"enemies":"Centurion and Healer","floor":28,"turns":8},{"damage":23,"enemies":"Sentry and Sphere","floor":31,"turns":6},{"damage":47,"enemies":"Automaton","floor":33,"turns":11},{"damage":14,"enemies":"Orb Walker","floor":35,"turns":6},{"damage":20,"enemies":"3 Darklings","floor":38,"turns":7},{"damage":27,"enemies":"4 Shapes","floor":39,"turns":7},{"damage":10,"enemies":"Spire Growth","floor":41,"turns":5},{"damage":19,"enemies":"3 Darklings","floor":42,"turns":7},{"damage":21,"enemies":"Reptomancer","floor":46,"turns":10},{"damage":34,"enemies":"Spire Growth","floor":48,"turns":6},{"damage":33,"enemies":"Awakened One","floor":50,"turns":3}],"seed_played":"1543840171088965330","potions_obtained":[{"floor":3,"key":"Poison Potion"},{"floor":7,"key":"Swift Potion"},{"floor":16,"key":"Ancient Potion"},{"floor":33,"key":"FearPotion"}],"is_trial":false,"path_per_floor":["M","M","M","$","M","R","M","R","T","$","?","M","?","M","R","B",null,"M","?","?","$","?","R","M","R","T","R","M","$","?","M","R","B",null,"M","?","?","M","M","R","M","M","T","?","R","M","?","M","R"],"character_chosen":"DEFECT","items_purchased":["Redo","Leap","Chill","Conserve Battery","FTL","FTL"],"campfire_rested":5,"item_purchase_floors":[4,10,10,21,21,29],"current_hp_per_floor":[69,68,67,67,44,44,35,57,57,57,57,51,69,61,61,28,75,74,74,74,74,74,74,72,72,79,79,79,79,79,56,80,33,82,68,68,68,48,21,45,35,16,16,16,40,19,40,6,30,0],"gold":327,"neow_bonus":"ONE_RANDOM_RARE_CARD","is_prod":false,"is_daily":false,"chose_seed":false,"campfire_upgraded":5,"win_rate":0,"timestamp":1538697160,"path_taken":["M","M","M","$","M","R","M","R","T","$","?","M","?","M","R","BOSS","M","?","?","$","?","R","M","R","T","R","M","$","?","M","R","BOSS","M","?","?","M","M","R","M","?","T","?","R","M","?","M","R","BOSS"],"build_version":"2018-09-20","purchased_purges":0,"victory":false,"max_hp_per_floor":[75,75,75,75,75,75,75,75,75,75,75,75,75,75,75,75,75,75,75,75,75,75,75,75,75,82,82,82,82,82,82,82,82,82,82,82,82,82,82,82,82,82,82,82,82,82,82,82,82,82],"card_choices":[{"not_picked":["Streamline","Force Field","Double Energy"],"picked":"SKIP","floor":1},{"not_picked":["Rip and Tear","Double Energy"],"picked":"Sweeping Beam","floor":2},{"not_picked":["Stack","Heatsinks"],"picked":"Redo","floor":3},{"not_picked":["Streamline","Sweeping Beam"],"picked":"Cold Snap","floor":5},{"not_picked":["Gash","Force Field"],"picked":"Loop","floor":7},{"not_picked":["Steam Power","Fission"],"picked":"Leap","floor":12},{"not_picked":["Storm","Static Discharge","Gash"],"picked":"SKIP","floor":14},{"not_picked":["All For One","Fission"],"picked":"Creative AI","floor":16},{"not_picked":["Streamline+1"],"picked":"SKIP","floor":18},{"not_picked":[],"picked":"Leap","floor":24},{"not_picked":["Melter"],"picked":"SKIP","floor":28},{"not_picked":[],"picked":"Auto Shields","floor":31},{"not_picked":[],"picked":"Creative AI","floor":33},{"not_picked":[],"picked":"Leap+1","floor":35},{"not_picked":["Cold Snap+1"],"picked":"SKIP","floor":38},{"not_picked":[],"picked":"Ball Lightning","floor":39},{"not_picked":["Static Discharge+1"],"picked":"SKIP","floor":41},{"not_picked":["Go for the Eyes"],"picked":"SKIP","floor":42},{"not_picked":["Darkness+1"],"picked":"SKIP","floor":46},{"not_picked":["Chaos"],"picked":"SKIP","floor":48}],"player_experience":86732,"relics_obtained":[{"floor":9,"key":"War Paint"},{"floor":26,"key":"Strawberry"},{"floor":43,"key":"Kunai"}],"event_choices":[{"event_name":"Golden Idol","player_choice":"Take Wound","floor":11,"damage_taken":0},{"event_name":"The Cleric","player_choice":"Healed","floor":13,"damage_taken":0},{"event_name":"Nest","player_choice":"Stole From Cult","floor":19,"damage_taken":0},{"event_name":"Ghosts","player_choice":"Ignored","floor":20,"damage_taken":0},{"event_name":"Addict","player_choice":"Obtained Relic","floor":22,"damage_taken":0},{"event_name":"Back to Basics","player_choice":"Simplicity","floor":30,"damage_taken":0},{"event_name":"Tomb of Lord Red Mask","player_choice":"Ignored","floor":36,"damage_taken":0},{"event_name":"Falling","player_choice":"Removed Power","floor":37,"damage_taken":0},{"event_name":"SensoryStone","player_choice":"Memory 1","floor":44,"damage_taken":0},{"event_name":"Winding Halls","player_choice":"Writhe","floor":47,"damage_taken":0}],"is_beta":false,"boss_relics":[{"not_picked":["Runic Dome","Orrery"],"picked":"Busted Crown"},{"not_picked":["Tiny House","Empty Cage"],"picked":"Cursed Key"}],"items_purged_floors":[],"is_endless":false,"potions_floor_spawned":[3,7,16,24,33,35,38,46,48],"killed_by":"Awakened One","ascension_level":0}