{"gold_per_floor":[113,113,130,130,144,144,174,174,174,193,210,221,233,209,209,209],"floor_reached":16,"playtime":1873,"items_purged":[],"score":104,"play_id":"33f36560-297e-49a0-9e81-49342af32d78","local_time":"20190216223328","is_ascension_mode":false,"campfire_choices":[{"data":"Dark Embrace","floor":6,"key":"SMITH"},{"data":"Armaments","floor":8,"key":"SMITH"},{"floor":15,"key":"REST"}],"neow_cost":"NONE","seed_source_timestamp":506120481417273,"circlet_count":0,"master_deck":["Strike_R","Strike_R","Strike_R+1","Strike_R","Strike_R","Defend_R+1","Defend_R","Defend_R","Defend_R","Bash","Dark Embrace+1","Burning Pact","Armaments+1","Corruption","Dark Embrace","Power Through","Dropkick","Sword Boomerang","True Grit","Shrug It Off"],"relics":["Burning Blood","Mango","Omamori","Du-Vu Doll"],"potions_floor_usage":[5,11,16],"damage_taken":[{"damage":1,"enemies":"Cultist","floor":1,"turns":3},{"damage":2,"enemies":"Small Slimes","floor":3,"turns":4},{"damage":0,"enemies":"Jaw Worm","floor":5,"turns":3},{"damage":41,"enemies":"Lagavulin","floor":7,"turns":9},{"damage":4,"enemies":"Exordium Wildlife","floor":10,"turns":6},{"damage":0,"enemies":"Large Slime","floor":11,"turns":6},{"damage":20,"enemies":"Red Slaver","floor":12,"turns":4},{"damage":0,"enemies":"2 Fungi Beasts","floor":13,"turns":5},{"damage":78,"enemies":"Slime Boss","floor":16,"turns":14}],"seed_played":"-2550290688673774204","potions_obtained":[{"floor":1,"key":"Energy Potion"},{"floor":7,"key":"Energy Potion"},{"floor":12,"key":"SmokeBomb"},{"floor":13,"key":"Fire Potion"}],"is_trial":false,"path_per_floor":["M","?","M","?","M","R","E","R","T","M","M","M","M","$","R","B"],"character_chosen":"IRONCLAD","items_purchased":["Shrug It Off"],"campfire_rested":1,"item_purchase_floors":[14],"current_hp_per_floor":[80,64,68,75,81,81,46,46,46,48,54,40,46,46,74,0],"gold":209,"neow_bonus":"ONE_RANDOM_RARE_CARD","is_prod":false,"is_daily":false,"chose_seed":false,"campfire_upgraded":2,"win_rate":0.0,"timestamp":1550374408,"path_taken":["M","?","M","?","M","R","E","R","T","M","M","M","M","$","R","BOSS"],"build_version":"2019-01-23","purchased_purges":0,"victory":false,"max_hp_per_floor":[80,80,80,94,94,94,94,94,94,94,94,94,94,94,94,94],"card_choices":[{"not_picked":["Twin Strike","Perfected Strike"],"picked":"Burning Pact","floor":1},{"not_picked":["Sword Boomerang","Body Slam"],"picked":"Armaments","floor":3},{"not_picked":["Spot Weakness","Heavy Blade"],"picked":"Corruption","floor":5},{"not_picked":["Corruption","Body Slam"],"picked":"Dark Embrace","floor":7},{"not_picked":["Cleave","Twin Strike"],"picked":"Power Through","floor":10},{"not_picked":["Anger","Twin Strike"],"picked":"Dropkick","floor":11},{"not_picked":["Iron Wave","Clothesline"],"picked":"Sword Boomerang","floor":12},{"not_picked":["Clash","Body Slam"],"picked":"True Grit","floor":13}],"player_experience":54460,"relics_obtained":[{"floor":7,"key":"Omamori"},{"floor":9,"key":"Du-Vu Doll"}],"event_choices":[{"damage_healed":0,"gold_gain":0,"player_choice":"Entered Light","damage_taken":16,"max_hp_gain":0,"max_hp_loss":0,"event_name":"Shining Light","floor":2,"gold_loss":0,"cards_upgraded":["Strike_R","Defend_R"]},{"damage_healed":0,"gold_gain":0,"player_choice":"Success","damage_taken":7,"relics_obtained":["Mango"],"max_hp_gain":0,"max_hp_loss":0,"event_name":"Scrap Ooze","floor":4,"gold_loss":0}],"is_beta":false,"boss_relics":[],"items_purged_floors":[],"is_endless":false,"potions_floor_spawned":[1,7,12,13],"killed_by":"Slime Boss","ascension_level":0}