{"gold_per_floor":[209,19,37,48,75,107,107,107,132,32,32,44,62,74,74,178,178,198,188,188,238,65,65],"floor_reached":23,"playtime":1106,"items_purged":["Strike_G","Strike_G","Strike_G"],"score":301,"play_id":"50e98c8a-de0c-4555-ab5f-2062b60eda5f","local_time":"20181222175704","is_ascension_mode":true,"campfire_choices":[{"data":"Neutralize","floor":7,"key":"SMITH"},{"data":"Noxious Fumes","floor":11,"key":"SMITH"},{"data":"Well Laid Plans","floor":15,"key":"SMITH"}],"neow_cost":"NONE","seed_source_timestamp":82783784826619,"circlet_count":0,"master_deck":["Defend_G","Defend_G+1","Defend_G","Defend_G","Defend_G+1","Strike_G","Strike_G","Survivor","Neutralize+1","Deflect","Noxious Fumes+1","Poisoned Stab","Backstab","Blur","Well Laid Plans+1","Dagger Spray","Blur","Envenom","Backflip","Flying Knee","Predator","Sucker Punch","Caltrops","Deflect+1"],"relics":["Ring of the Snake","War Paint","Blood Vial","Art of War","Orrery"],"potions_floor_usage":[6,18,18,19,23],"damage_taken":[{"damage":0,"enemies":"Cultist","floor":1,"turns":4},{"damage":2,"enemies":"Small Slimes","floor":3,"turns":3},{"damage":0,"enemies":"Jaw Worm","floor":4,"turns":4},{"damage":11,"enemies":"Gremlin Nob","floor":6,"turns":4},{"damage":4,"enemies":"Gremlin Gang","floor":12,"turns":5},{"damage":2,"enemies":"Blue Slaver","floor":13,"turns":4},{"damage":5,"enemies":"Exordium Thugs","floor":14,"turns":4},{"damage":0,"enemies":"The Guardian","floor":16,"turns":10},{"damage":12,"enemies":"Shell Parasite","floor":18,"turns":10},{"damage":16,"enemies":"2 Thieves","floor":19,"turns":4},{"damage":30,"enemies":"Colosseum Slavers","floor":20,"turns":5},{"damage":19,"enemies":"Book of Stabbing","floor":23,"turns":5}],"seed_played":"1340613752726551844","potions_obtained":[{"floor":1,"key":"Ancient Potion"},{"floor":3,"key":"PowerPotion"},{"floor":12,"key":"Swift Potion"},{"floor":13,"key":"Swift Potion"}],"is_trial":false,"path_per_floor":["M","$","M","M","T","E","R","?","T","$","R","M","M","M","R","B",null,"M","M","?","?","$","E"],"character_chosen":"THE_SILENT","items_purchased":["Noxious Fumes","Poisoned Stab","Block Potion"],"campfire_rested":0,"item_purchase_floors":[2,2,22],"current_hp_per_floor":[70,70,68,68,68,57,57,57,57,57,57,55,55,52,52,54,66,56,42,14,14,14,0],"gold":65,"neow_bonus":"HUNDRED_GOLD","is_prod":false,"is_daily":false,"chose_seed":false,"campfire_upgraded":3,"win_rate":0,"timestamp":1545497824,"path_taken":["M","$","M","M","?","E","R","?","T","$","R","M","M","M","R","BOSS","M","M","?","?","$","E"],"build_version":"2018-12-20","purchased_purges":3,"victory":false,"max_hp_per_floor":[70,70,70,70,70,70,70,70,70,70,70,70,70,70,70,70,70,70,70,70,70,70,70],"card_choices":[{"not_picked":["Infinite Blades","Heel Hook"],"picked":"Deflect","floor":1},{"not_picked":["Prepared","Blade Dance","Quick Slash"],"picked":"SKIP","floor":3},{"not_picked":["Underhanded Strike","PiercingWail"],"picked":"Backstab","floor":4},{"not_picked":["Flechettes","Slice"],"picked":"Blur","floor":6},{"not_picked":["Slice","Sucker Punch"],"picked":"Well Laid Plans","floor":12},{"not_picked":["Concentrate","Heel Hook"],"picked":"Dagger Spray","floor":13},{"not_picked":["Prepared","Calculated Gamble"],"picked":"Blur","floor":14},{"not_picked":["Unload","Tools of the Trade"],"picked":"Envenom","floor":16},{"not_picked":["Riddle With Holes","Masterful Stab"],"picked":"Backflip","floor":17},{"not_picked":["Terror","Prepared"],"picked":"Flying Knee","floor":17},{"not_picked":["Deadly Poison","Riddle With Holes"],"picked":"Predator","floor":17},{"not_picked":["Dagger Throw","Finisher"],"picked":"Sucker Punch","floor":17},{"not_picked":["Blade Dance","Storm of Steel"],"picked":"Caltrops","floor":18},{"not_picked":["Distraction","Acrobatics"],"picked":"Deflect+1","floor":19}],"player_experience":434700,"relics_obtained":[{"floor":5,"key":"War Paint"},{"floor":6,"key":"Blood Vial"},{"floor":9,"key":"Art of War"}],"event_choices":[{"damage_healed":0,"gold_gain":0,"player_choice":"Ignored","damage_taken":0,"max_hp_gain":0,"max_hp_loss":0,"event_name":"Liars Game","floor":8,"gold_loss":0},{"damage_healed":0,"gold_gain":0,"player_choice":"Fight","damage_taken":0,"max_hp_gain":0,"max_hp_loss":0,"event_name":"Colosseum","floor":20,"gold_loss":0},{"damage_healed":0,"gold_gain":0,"player_choice":"Fled From Nobs","damage_taken":0,"max_hp_gain":0,"max_hp_loss":0,"event_name":"Colosseum","floor":20,"gold_loss":0},{"damage_healed":0,"gold_gain":100,"player_choice":"Bet on Murderer","damage_taken":0,"max_hp_gain":0,"max_hp_loss":0,"event_name":"The Joust","floor":21,"gold_loss":50}],"is_beta":false,"boss_relics":[{"not_picked":["Empty Cage","Calling Bell"],"picked":"Orrery"}],"items_purged_floors":[2,10,22],"is_endless":false,"potions_floor_spawned":[1,3,12,13,14,20],"killed_by":"Book of Stabbing","ascension_level":5}