{"gold_per_floor":[115,129,129,139,139,170,18,18,71,104,117,117,132,132,132,262,262,262,11,0,0,0,0],"floor_reached":23,"playtime":2342,"items_purged":[],"score":251,"play_id":"141b6324-5c9d-4b6b-bf9c-b8a0efb7327d","local_time":"20190105174743","is_ascension_mode":true,"campfire_choices":[{"floor":8.0,"key":"REST"},{"floor":15,"key":"REST"}],"neow_cost":"PERCENT_DAMAGE","seed_source_timestamp":1197529603768747,"circlet_count":0,"master_deck":["Strike_B","Strike_B","Defend_B","Defend_B","Defend_B+1","Defend_B","Zap","Dualcast+1","Good Instincts","Trip","Conserve Battery","Rebound","Compile Driver","Self Repair","Undo","Recycle","Ball Lightning","Seek","Hologram","Discovery","Leap","Necronomicurse","Defragment+1"],"special_seed":0,"relics":["Cracked Core","War Paint","Lantern","Art of War","Oddly Smooth Stone","Bottled Flame","Golden Idol","Ectoplasm","Bag of Preparation","Necronomicon"],"potions_floor_usage":[11,23,23],"damage_taken":[{"damage":0.0,"enemies":"2 Louse","floor":1.0,"turns":3.0},{"damage":2.0,"enemies":"Jaw Worm","floor":2.0,"turns":4.0},{"damage":3.0,"enemies":"Small Slimes","floor":4.0,"turns":3.0},{"damage":42.0,"enemies":"3 Sentries","floor":6.0,"turns":11.0},{"damage":16.0,"enemies":"Gremlin Nob","floor":10.0,"turns":4.0},{"damage":1,"enemies":"Gremlin Gang","floor":11,"turns":4},{"damage":0,"enemies":"Looter","floor":13,"turns":3},{"damage":8,"enemies":"The Guardian","floor":16,"turns":11},{"damage":5,"enemies":"Shell Parasite","floor":18,"turns":6},{"damage":0,"enemies":"2 Thieves","floor":20,"turns":3},{"damage":9,"enemies":"Shelled Parasite and Fungi","floor":22,"turns":7},{"damage":48,"enemies":"Gremlin Leader","floor":23,"turns":7}],"seed_played":"1657239008829231113","potions_obtained":[{"floor":6.0,"key":"Weak Potion"},{"floor":10.0,"key":"SkillPotion"},{"floor":13,"key":"Energy Potion"},{"floor":16,"key":"SteroidPotion"},{"floor":22,"key":"Strength Potion"}],"is_trial":false,"path_per_floor":["M","M","?","M","T","E","$","R","T","E","M","?","M","?","R","B",null,"M","$","M","?","M","E"],"character_chosen":"DEFECT","items_purchased":["Art of War","Bag of Preparation","Discovery"],"campfire_rested":2,"item_purchase_floors":[7,19,19],"current_hp_per_floor":[54,52,52,49,49,7,7,29,29,13,19,19,19,1,23,22,62,64,64,64,48,46,0],"gold":0,"neow_bonus":"RANDOM_COLORLESS_2","is_prod":false,"is_daily":false,"chose_seed":false,"campfire_upgraded":0,"win_rate":0,"timestamp":1546732063,"path_taken":["M","M","?","M","?","E","$","R","T","E","M","?","?","?","R","BOSS","M","$","M","?","M","E"],"build_version":"2019-01-03v4","purchased_purges":0,"victory":false,"max_hp_per_floor":[75,75,75,75,75,75,75,75,75,75,75,75,75,75,75,75,75,75,75,75,75,75,75],"card_choices":[{"not_picked":["Coolheaded","Gash"],"picked":"Conserve Battery","floor":1.0},{"not_picked":["Hologram","Static Discharge"],"picked":"Rebound","floor":2.0},{"not_picked":["Compile Driver","Creative AI","Gash"],"picked":"SKIP","floor":4.0},{"not_picked":["Heatsinks","Hello World"],"picked":"Compile Driver","floor":6.0},{"not_picked":["Melter","Recycle"],"picked":"Self Repair","floor":10.0},{"not_picked":["Stack","Steam"],"picked":"Undo","floor":11},{"not_picked":["Storm","Skim"],"picked":"Ball Lightning","floor":13},{"not_picked":["Reboot","Fission"],"picked":"Seek","floor":16},{"not_picked":["Ball Lightning","Turbo"],"picked":"Hologram","floor":18},{"not_picked":["Hello World+1","Go for the Eyes"],"picked":"Leap","floor":20},{"not_picked":["Barrage+1","Conserve Battery"],"picked":"Defragment+1","floor":22}],"player_experience":474750,"relics_obtained":[{"floor":5.0,"key":"War Paint"},{"floor":6.0,"key":"Lantern"},{"floor":9.0,"key":"Oddly Smooth Stone"},{"floor":10.0,"key":"Bottled Flame"},{"floor":21,"key":"Necronomicon"}],"event_choices":[{"cards_removed":["Strike_B"],"damage_healed":0.0,"max_hp_gain":0.0,"max_hp_loss":0.0,"gold_gain":0.0,"event_name":"Living Wall","player_choice":"Forget","floor":3.0,"gold_loss":0.0,"damage_taken":0.0},{"damage_healed":0,"gold_gain":0,"cards_transformed":["Strike_B"],"player_choice":"Transformed","damage_taken":0,"max_hp_gain":0,"max_hp_loss":0,"event_name":"Transmorgrifier","floor":12,"gold_loss":0,"cards_obtained":["Recycle"]},{"damage_healed":0,"gold_gain":0,"player_choice":"Take Damage","damage_taken":18,"relics_obtained":["Golden Idol"],"max_hp_gain":0,"max_hp_loss":0,"event_name":"Golden Idol","floor":14,"gold_loss":0},{"damage_healed":0,"gold_gain":0,"player_choice":"Obtained Book","damage_taken":16,"max_hp_gain":0,"max_hp_loss":0,"event_name":"Cursed Tome","floor":21,"gold_loss":0}],"is_beta":false,"boss_relics":[{"not_picked":["Pandora\u0027s Box","Orrery"],"picked":"Ectoplasm"}],"items_purged_floors":[],"is_endless":false,"potions_floor_spawned":[6,10,13,16,22],"killed_by":"Gremlin Leader","ascension_level":5}