{"gold_per_floor":[109,121,134,134,134,134,134,134,134,146,146,172,172,186,186,263,263,279,279,296,296,320,320,320,320,320,320,320],"floor_reached":28,"playtime":696,"items_purged":[],"score":364,"play_id":"186fb15d-8146-46ee-92dc-320bd7ee58d6","local_time":"20190217141412","is_ascension_mode":true,"campfire_choices":[{"data":"Poisoned Stab","floor":6,"key":"SMITH"},{"floor":8,"key":"REST"},{"data":"Backflip","floor":11,"key":"SMITH"},{"data":"Envenom","floor":13,"key":"SMITH"},{"data":"1","floor":15,"key":"LIFT"},{"floor":23,"key":"REST"},{"data":"2","floor":25,"key":"LIFT"}],"neow_cost":"NONE","seed_source_timestamp":225307888354359,"circlet_count":0,"master_deck":["AscendersBane","Defend_G","Defend_G","Defend_G","Defend_G","Defend_G","Strike_G","Strike_G+1","Strike_G","Strike_G","Strike_G","Survivor","Neutralize+1","Poisoned Stab+1","Backflip+1","Dagger Throw+1","Deadly Poison+1","Envenom+1","Poisoned Stab","Night Terror+1","Cloak And Dagger+1","Footwork","Decay"],"relics":["Ring of the Snake","Oddly Smooth Stone","Singing Bowl","Toxic Egg 2","Girya","Busted Crown","Ancient Tea Set","Paper Crane","Nilry\u0027s Codex"],"potions_floor_usage":[14,14,16],"damage_taken":[{"damage":0,"enemies":"Cultist","floor":1,"turns":6},{"damage":0,"enemies":"Jaw Worm","floor":2,"turns":4},{"damage":2,"enemies":"Small Slimes","floor":3,"turns":4},{"damage":6,"enemies":"Exordium Wildlife","floor":10,"turns":5},{"damage":14,"enemies":"Gremlin Nob","floor":12,"turns":4},{"damage":19,"enemies":"Lots of Slimes","floor":14,"turns":5},{"damage":26,"enemies":"Slime Boss","floor":16,"turns":9},{"damage":3,"enemies":"Chosen","floor":18,"turns":4},{"damage":13,"enemies":"2 Thieves","floor":20,"turns":5},{"damage":32,"enemies":"Book of Stabbing","floor":28,"turns":5}],"seed_played":"-2151704428006187668","potions_obtained":[{"floor":1,"key":"Regen Potion"},{"floor":2,"key":"SmokeBomb"},{"floor":12,"key":"Poison Potion"},{"floor":14,"key":"PowerPotion"}],"is_trial":false,"path_per_floor":["M","M","M","?","?","R","?","R","T","M","R","E","R","M","R","B",null,"M","?","M","?","T","R","?","R","T","?","E"],"character_chosen":"THE_SILENT","items_purchased":[],"campfire_rested":2,"item_purchase_floors":[],"current_hp_per_floor":[59,59,57,57,44,44,41,60,60,54,54,40,40,33,33,7,51,48,42,29,29,29,48,48,48,48,32,0],"gold":320,"neow_bonus":"RANDOM_COMMON_RELIC","is_prod":false,"is_daily":false,"chose_seed":false,"campfire_upgraded":3,"win_rate":0,"timestamp":1550409252,"path_taken":["M","?","M","?","?","R","?","R","T","M","R","E","R","M","R","BOSS","M","?","?","?","?","R","?","R","T","?","E"],"build_version":"2019-01-23","purchased_purges":0,"victory":false,"max_hp_per_floor":[66,66,66,66,66,66,66,66,66,66,66,66,66,66,66,66,66,66,66,66,66,66,66,66,66,66,66,66],"card_choices":[{"not_picked":["Catalyst","Slice"],"picked":"Poisoned Stab","floor":1},{"not_picked":["Dodge and Roll","Expertise"],"picked":"Backflip","floor":2},{"not_picked":["Flying Knee","Leg Sweep"],"picked":"Dagger Throw","floor":3},{"not_picked":["Masterful Stab","All Out Attack"],"picked":"Deadly Poison+1","floor":10},{"not_picked":["Dodge and Roll+1","Acrobatics+1"],"picked":"Envenom","floor":12},{"not_picked":["Outmaneuver+1","Deadly Poison+1"],"picked":"Poisoned Stab","floor":14},{"not_picked":["Tools of the Trade","Die Die Die"],"picked":"Night Terror+1","floor":16},{"not_picked":[],"picked":"Cloak And Dagger+1","floor":18},{"not_picked":[],"picked":"Footwork","floor":20}],"player_experience":671176,"relics_obtained":[{"floor":9,"key":"Toxic Egg 2"},{"floor":12,"key":"Girya"},{"floor":22,"key":"Ancient Tea Set"},{"floor":26,"key":"Paper Crane"},{"floor":27,"key":"Nilry\u0027s Codex"}],"event_choices":[{"damage_healed":0,"gold_gain":0,"player_choice":"Grow","damage_taken":0,"max_hp_gain":0,"max_hp_loss":0,"event_name":"Living Wall","floor":4,"gold_loss":0,"cards_upgraded":["Neutralize"]},{"damage_healed":0,"gold_gain":0,"player_choice":"Entered Light","damage_taken":13,"max_hp_gain":0,"max_hp_loss":0,"event_name":"Shining Light","floor":5,"gold_loss":0,"cards_upgraded":["Strike_G","Dagger Throw"]},{"damage_healed":0,"gold_gain":0,"player_choice":"Success","damage_taken":3,"relics_obtained":["Singing Bowl"],"max_hp_gain":0,"max_hp_loss":0,"event_name":"Scrap Ooze","floor":7,"gold_loss":0},{"damage_healed":0,"gold_gain":0,"player_choice":"","damage_taken":6,"max_hp_gain":0,"max_hp_loss":0,"event_name":"Knowing Skull","floor":19,"potions_obtained":[],"gold_loss":0,"cards_obtained":[]},{"damage_healed":0,"gold_gain":0,"player_choice":"Smashed Altar","damage_taken":0,"max_hp_gain":0,"max_hp_loss":0,"event_name":"Forgotten Altar","floor":21,"gold_loss":0,"cards_obtained":["Decay"]},{"damage_healed":0,"gold_gain":0,"player_choice":"Ignored","damage_taken":0,"max_hp_gain":0,"max_hp_loss":0,"event_name":"Ghosts","floor":24,"gold_loss":0},{"damage_healed":0,"gold_gain":0,"player_choice":"Obtained Book","damage_taken":16,"max_hp_gain":0,"max_hp_loss":0,"event_name":"Cursed Tome","floor":27,"gold_loss":0}],"is_beta":false,"boss_relics":[{"not_picked":["Runic Dome","WristBlade"],"picked":"Busted Crown"}],"items_purged_floors":[],"is_endless":false,"potions_floor_spawned":[1,2,12,14],"killed_by":"Book of Stabbing","ascension_level":14}