{"gold_per_floor":[110,285,285,285,235,265,11,11],"floor_reached":8,"playtime":238,"items_purged":[],"score":70,"play_id":"1ccc244c-45cf-4a29-acc4-b58b2eac7d6c","local_time":"20190113105648","is_ascension_mode":true,"campfire_choices":[],"neow_cost":"TEN_PERCENT_HP_LOSS","seed_source_timestamp":151828070589981,"circlet_count":0,"master_deck":["Defend_G","Defend_G","Defend_G","Defend_G","Strike_G","Strike_G","Strike_G","Strike_G","Survivor","Neutralize","Dodge and Roll","PiercingWail","Bane","Sucker Punch"],"relics":["Ring of the Snake","Snake Skull","Anchor","Bag of Preparation"],"potions_floor_usage":[6],"damage_taken":[{"damage":2,"enemies":"2 Louse","floor":1,"turns":4},{"damage":57,"enemies":"Lagavulin","floor":6,"turns":9},{"damage":0,"enemies":"Jaw Worm","floor":8,"turns":1}],"seed_played":"-280062193647677686","potions_obtained":[{"floor":1,"key":"LiquidBronze"},{"floor":6,"key":"Poison Potion"}],"is_trial":false,"path_per_floor":["M","?","?","?","?","E","$","M"],"character_chosen":"THE_SILENT","items_purchased":["Bane","Sucker Punch","Bag of Preparation"],"campfire_rested":0,"item_purchase_floors":[7,7,7],"current_hp_per_floor":[61,61,66,63,63,6,6,6],"gold":11,"neow_bonus":"REMOVE_TWO","is_prod":false,"is_daily":false,"chose_seed":false,"campfire_upgraded":0,"win_rate":0,"timestamp":1547373408,"path_taken":["M","?","?","?","?","E","$","?"],"build_version":"2019-01-10","purchased_purges":0,"victory":false,"max_hp_per_floor":[63,63,68,68,68,68,68,68],"card_choices":[{"not_picked":["Choke","Prepared"],"picked":"Dodge and Roll","floor":1},{"not_picked":["Masterful Stab","Crippling Poison"],"picked":"PiercingWail","floor":6}],"player_experience":501667,"relics_obtained":[{"floor":6,"key":"Anchor"}],"event_choices":[{"damage_healed":0,"gold_gain":175,"player_choice":"AGREE","damage_taken":0,"max_hp_gain":0,"max_hp_loss":0,"event_name":"Liars Game","floor":2,"gold_loss":0,"cards_obtained":["Doubt"]},{"damage_healed":0,"gold_gain":0,"player_choice":"Donut","damage_taken":0,"max_hp_gain":5,"max_hp_loss":0,"event_name":"Big Fish","floor":3,"gold_loss":0},{"damage_healed":0,"gold_gain":0,"player_choice":"Success","damage_taken":3,"relics_obtained":["Snake Skull"],"max_hp_gain":0,"max_hp_loss":0,"event_name":"Scrap Ooze","floor":4,"gold_loss":0},{"cards_removed":["Doubt"],"damage_healed":0,"gold_gain":0,"player_choice":"Card Removal","damage_taken":0,"max_hp_gain":0,"max_hp_loss":0,"event_name":"The Cleric","floor":5,"gold_loss":50}],"is_beta":false,"boss_relics":[],"items_purged_floors":[],"is_endless":false,"potions_floor_spawned":[1,6],"killed_by":"Jaw Worm","ascension_level":7}