{"gold_per_floor":[117,130,147,166,180,198,30,30,110,110,128,128,128,162,162,267,267,284,284,284],"floor_reached":20,"playtime":928,"items_purged":["Strike_R"],"score":176,"play_id":"18bbb97b-0f45-4cfe-81fd-e2ef311bf322","local_time":"20181117150227","is_ascension_mode":false,"campfire_choices":[{"data":"Armaments","floor":8,"key":"SMITH"},{"data":"Bash","floor":10,"key":"SMITH"},{"data":"Spot Weakness","floor":13,"key":"SMITH"},{"data":"Uppercut","floor":15,"key":"SMITH"}],"neow_cost":"NONE","seed_source_timestamp":240232282224005,"circlet_count":0,"master_deck":["Strike_R","Strike_R","Strike_R","Defend_R","Defend_R","Defend_R","Defend_R","Bash+1","Armaments+1","Pummel","Clash","Headbutt","Spot Weakness+1","Dropkick","Flame Barrier","Shrug It Off","Uppercut+1","Dual Wield","Double Tap","Flame Barrier","Second Wind"],"relics":["Burning Blood","NeowsBlessing","Pantograph","Orichalcum","Dead Branch","Snecko Eye"],"potions_floor_usage":[4,14,14,16],"damage_taken":[{"damage":0,"enemies":"Cultist","floor":1,"turns":1},{"damage":0,"enemies":"2 Louse","floor":2,"turns":1},{"damage":0,"enemies":"Jaw Worm","floor":3,"turns":1},{"damage":19,"enemies":"3 Louse","floor":4,"turns":4},{"damage":13,"enemies":"Large Slime","floor":5,"turns":7},{"damage":4,"enemies":"Blue Slaver","floor":6,"turns":4},{"damage":0,"enemies":"3 Louse","floor":11,"turns":4},{"damage":21,"enemies":"3 Sentries","floor":14,"turns":8},{"damage":30,"enemies":"Slime Boss","floor":16,"turns":9},{"damage":36,"enemies":"Spheric Guardian","floor":18,"turns":9},{"damage":2,"enemies":"3 Byrds","floor":20,"turns":2}],"seed_played":"-5815799503257659575","potions_obtained":[{"floor":1,"key":"Energy Potion"},{"floor":4,"key":"Fruit Juice"},{"floor":5,"key":"Weak Potion"},{"floor":6,"key":"LiquidBronze"}],"is_trial":false,"path_per_floor":["M","M","M","M","M","M","$","R","T","R","M","?","R","E","R","B",null,"M","?","M"],"character_chosen":"IRONCLAD","items_purchased":["Flame Barrier","Shrug It Off"],"campfire_rested":0,"item_purchase_floors":[7,7],"current_hp_per_floor":[80,80,80,67,60,62,62,62,62,62,68,65,65,55,55,56,85,55,55,53],"gold":284,"neow_bonus":"THREE_ENEMY_KILL","is_prod":false,"is_daily":false,"chose_seed":false,"campfire_upgraded":4,"win_rate":0,"timestamp":1542463347,"path_taken":["M","?","M","M","M","M","$","R","T","R","M","?","R","E","R","BOSS","M","?","?"],"build_version":"2018-11-15","purchased_purges":1,"victory":false,"max_hp_per_floor":[80,80,80,80,80,80,80,80,80,80,80,80,80,85,85,85,85,85,85,85],"card_choices":[{"not_picked":["Metallicize","Perfected Strike"],"picked":"Armaments","floor":1},{"not_picked":["Iron Wave","Wild Strike"],"picked":"Pummel","floor":2},{"not_picked":["Clothesline","Havoc"],"picked":"Clash","floor":3},{"not_picked":["True Grit","Shrug It Off"],"picked":"Headbutt","floor":4},{"not_picked":["Sword Boomerang","Flex"],"picked":"Spot Weakness","floor":5},{"not_picked":["Hemokinesis","True Grit"],"picked":"Dropkick","floor":6},{"not_picked":["Metallicize","Shockwave"],"picked":"Uppercut","floor":11},{"not_picked":["Entrench","Reckless Charge"],"picked":"Dual Wield","floor":14},{"not_picked":["Dark Embrace","Exhume"],"picked":"Double Tap","floor":16},{"not_picked":["Warcry","Headbutt"],"picked":"Flame Barrier","floor":18}],"player_experience":304495,"relics_obtained":[{"floor":9,"key":"Pantograph"},{"floor":14,"key":"Dead Branch"}],"event_choices":[{"damage_healed":0,"gold_gain":0,"player_choice":"Success","damage_taken":3,"relics_obtained":["Orichalcum"],"max_hp_gain":0,"max_hp_loss":0,"event_name":"Scrap Ooze","floor":12,"gold_loss":0},{"damage_healed":0,"gold_gain":0,"cards_transformed":["Strike_R"],"player_choice":"Transformed","damage_taken":0,"max_hp_gain":0,"max_hp_loss":0,"event_name":"Transmorgrifier","floor":19,"gold_loss":0,"cards_obtained":["Second Wind"]}],"is_beta":false,"boss_relics":[{"not_picked":["White Beast Statue","Velvet Choker"],"picked":"Snecko Eye"}],"items_purged_floors":[7],"is_endless":false,"potions_floor_spawned":[1,4,5,6,11],"killed_by":"3 Byrds","ascension_level":0}