{"gold_per_floor":[112,112,387,213,228,262,262,590,590,590,590,606,606,606,606,606],"floor_reached":16,"playtime":677,"items_purged":["Regret"],"score":154,"play_id":"c005f283-db1d-4b22-a3d6-94cbb739c771","local_time":"20181105030518","is_ascension_mode":true,"campfire_choices":[{"data":"Inflame","floor":7,"key":"SMITH"},{"floor":10,"key":"REST"},{"data":"True Grit","floor":13,"key":"SMITH"},{"data":"Bash","floor":15,"key":"SMITH"}],"neow_cost":"TEN_PERCENT_HP_LOSS","seed_source_timestamp":42101834692766,"circlet_count":0,"master_deck":["Strike_R","Strike_R","Strike_R","Strike_R","Strike_R","Defend_R","Defend_R","Defend_R","Defend_R","Bash+1","Intimidate","Inflame+1","True Grit+1","Pummel+1","Twin Strike"],"relics":["Burning Blood","StoneCalendar","Singing Bowl","Matryoshka","Old Coin","Strawberry","Incense Burner","NlothsMask"],"potions_floor_usage":[6,16,16],"damage_taken":[{"damage":1,"enemies":"Cultist","floor":1,"turns":3},{"damage":5,"enemies":"2 Louse","floor":5,"turns":5},{"damage":35,"enemies":"Lagavulin","floor":6,"turns":6},{"damage":38,"enemies":"Gremlin Nob","floor":8,"turns":5},{"damage":0,"enemies":"Small Slimes","floor":12,"turns":4},{"damage":59,"enemies":"Slime Boss","floor":16,"turns":5}],"seed_played":"8820929906601231465","potions_obtained":[{"floor":1,"key":"Fire Potion"},{"floor":6,"key":"Fruit Juice"},{"floor":12,"key":"SkillPotion"}],"is_trial":false,"path_per_floor":["M","T","?","$","M","E","R","E","T","R","?","M","R","?","R"],"character_chosen":"IRONCLAD","items_purchased":["Inflame","True Grit"],"campfire_rested":1,"item_purchase_floors":[4,4],"current_hp_per_floor":[72,72,72,72,74,45,45,15,22,46,46,52,52,52,52,0],"gold":606,"neow_bonus":"ONE_RARE_RELIC","is_prod":false,"is_daily":false,"chose_seed":false,"campfire_upgraded":3,"win_rate":0,"timestamp":1541383518,"path_taken":["M","?","?","$","M","E","R","E","T","R","?","?","R","?","R","BOSS"],"build_version":"2018-10-25v2","purchased_purges":1,"victory":false,"max_hp_per_floor":[72,72,72,72,74,74,74,76,83,83,83,83,83,83,83,88],"card_choices":[{"not_picked":["Thunderclap","Warcry"],"picked":"Intimidate","floor":1},{"not_picked":["Iron Wave","Second Wind","Sever Soul"],"picked":"Singing Bowl","floor":5},{"not_picked":["Disarm","Pommel Strike"],"picked":"Pummel","floor":6},{"not_picked":["Perfected Strike","Warcry","Infernal Blade"],"picked":"Singing Bowl","floor":8},{"not_picked":["True Grit","Headbutt"],"picked":"Twin Strike","floor":12}],"player_experience":231161,"relics_obtained":[{"floor":2,"key":"Singing Bowl"},{"floor":6,"key":"Matryoshka"},{"floor":8,"key":"Old Coin"},{"floor":9,"key":"Strawberry"},{"floor":9,"key":"Incense Burner"}],"event_choices":[{"damage_healed":0,"gold_gain":275,"player_choice":"Desecrate","damage_taken":0,"max_hp_gain":0,"max_hp_loss":0,"event_name":"Golden Shrine","floor":3,"gold_loss":0,"cards_obtained":["Regret"]},{"damage_healed":0,"gold_gain":0,"player_choice":"Grow","damage_taken":0,"max_hp_gain":0,"max_hp_loss":0,"event_name":"Living Wall","floor":11,"gold_loss":0,"cards_upgraded":["Pummel"]},{"damage_healed":0,"gold_gain":0,"player_choice":"Trade","damage_taken":0,"relics_obtained":["NlothsMask"],"max_hp_gain":0,"max_hp_loss":0,"event_name":"FaceTrader","floor":14,"gold_loss":0}],"is_beta":false,"boss_relics":[],"items_purged_floors":[4],"is_endless":false,"potions_floor_spawned":[1,6,12],"killed_by":"Slime Boss","ascension_level":9}