{"gold_per_floor":[113,127,146,161,236,236,262,262,262,8,21,52,79,91,103,115],"floor_reached":16,"playtime":585,"items_purged":["Strike_G"],"score":151,"play_id":"d8729626-be32-48ec-9f17-9b5d596e6947","local_time":"20190105190020","is_ascension_mode":true,"campfire_choices":[{"floor":6,"key":"REST"},{"data":"Neutralize","floor":8,"key":"SMITH"},{"floor":15,"key":"REST"}],"neow_cost":"NONE","seed_source_timestamp":326726810313101,"circlet_count":0,"master_deck":["Defend_G","Defend_G","Defend_G","Defend_G","Defend_G","Strike_G","Strike_G","Strike_G","Strike_G","Survivor","Neutralize+1","Caltrops","Poisoned Stab","Backstab","Flying Knee","Slice","Deflect","Tactician","Prepared","Flying Knee","Flying Knee","Bullet Time","Cloak And Dagger"],"relics":["Ring of the Snake","PreservedInsect","Sundial","The Courier","MawBank","Bird Faced Urn"],"potions_floor_usage":[3,4,7],"damage_taken":[{"damage":0,"enemies":"Jaw Worm","floor":1,"turns":4},{"damage":0,"enemies":"Cultist","floor":2,"turns":3},{"damage":0,"enemies":"2 Louse","floor":3,"turns":3},{"damage":18,"enemies":"Lots of Slimes","floor":4,"turns":5},{"damage":3,"enemies":"Gremlin Nob","floor":7,"turns":4},{"damage":5,"enemies":"Exordium Wildlife","floor":11,"turns":3},{"damage":20,"enemies":"Lagavulin","floor":12,"turns":5},{"damage":13,"enemies":"3 Louse","floor":13,"turns":3},{"damage":40,"enemies":"The Guardian","floor":16,"turns":9}],"seed_played":"3589171786242190483","potions_obtained":[{"floor":1,"key":"AttackPotion"},{"floor":2,"key":"Block Potion"},{"floor":4,"key":"GhostInAJar"}],"is_trial":false,"path_per_floor":["M","M","M","M","?","R","E","R","T","$","M","E","M","T","R","B"],"character_chosen":"THE_SILENT","items_purchased":["Slice","Deflect","Tactician","Prepared","Flying Knee"],"campfire_rested":2,"item_purchase_floors":[10,10,10,10,10],"current_hp_per_floor":[63,63,63,45,34,55,52,52,52,52,47,27,14,14,35,0],"gold":115,"neow_bonus":"RANDOM_COMMON_RELIC","is_prod":false,"is_daily":false,"chose_seed":false,"campfire_upgraded":1,"win_rate":0,"timestamp":1546711220,"path_taken":["M","M","M","M","?","R","E","R","T","$","M","E","M","?","R","BOSS"],"build_version":"2019-01-03v4","purchased_purges":1,"victory":false,"max_hp_per_floor":[70,70,70,70,70,70,70,70,70,70,70,70,70,70,70,70],"card_choices":[{"not_picked":["Expertise","Choke","Blade Dance"],"picked":"SKIP","floor":1},{"not_picked":["Quick Slash","Prepared"],"picked":"Caltrops","floor":2},{"not_picked":["Outmaneuver","Slice"],"picked":"Poisoned Stab","floor":3},{"not_picked":["Deadly Poison","Slice"],"picked":"Backstab","floor":4},{"not_picked":["Malaise","Reflex"],"picked":"Flying Knee","floor":7},{"not_picked":["Riddle With Holes","Concentrate"],"picked":"Flying Knee","floor":11},{"not_picked":["Dagger Throw","Quick Slash"],"picked":"Bullet Time","floor":12},{"not_picked":["Blur","Endless Agony"],"picked":"Cloak And Dagger","floor":13}],"player_experience":479223,"relics_obtained":[{"floor":7,"key":"Sundial"},{"floor":9,"key":"The Courier"},{"floor":12,"key":"MawBank"},{"floor":14,"key":"Bird Faced Urn"}],"event_choices":[{"damage_healed":0,"gold_gain":75,"player_choice":"Gather Gold","damage_taken":11,"max_hp_gain":0,"max_hp_loss":0,"event_name":"World of Goop","floor":5,"gold_loss":0}],"is_beta":false,"boss_relics":[],"items_purged_floors":[10],"is_endless":false,"potions_floor_spawned":[1,2,4],"killed_by":"The Guardian","ascension_level":7}