{"gold_per_floor":[360,360,372,388,79,109,109,134,157,157,71,71,84,103,103,103],"floor_reached":16,"playtime":731,"items_purged":[],"score":176,"play_id":"068ddea9-f6f3-4b48-b4dc-34ab3710ba6d","local_time":"20190301173136","is_ascension_mode":true,"campfire_choices":[{"data":"Perfected Strike","floor":7,"key":"SMITH"},{"data":"Corruption","floor":10,"key":"SMITH"},{"data":"Bash","floor":12,"key":"SMITH"},{"floor":15,"key":"REST"}],"neow_cost":"TEN_PERCENT_HP_LOSS","seed_source_timestamp":13647965292156,"circlet_count":0,"master_deck":["AscendersBane","Strike_R","Strike_R","Strike_R","Strike_R","Strike_R","Defend_R","Defend_R","Defend_R","Defend_R","Bash+1","Uppercut+1","Perfected Strike+1","Perfected Strike+1","Corruption+1","Uppercut+1","Disarm"],"relics":["Burning Blood","Molten Egg 2","Potion Belt","Omamori","Centennial Puzzle"],"potions_floor_usage":[6,6,16],"damage_taken":[{"damage":6,"enemies":"Cultist","floor":1,"turns":4},{"damage":7,"enemies":"Small Slimes","floor":3,"turns":3},{"damage":12,"enemies":"Jaw Worm","floor":4,"turns":4},{"damage":5,"enemies":"3 Sentries","floor":6,"turns":8},{"damage":24,"enemies":"Gremlin Nob","floor":8,"turns":4},{"damage":30,"enemies":"Lots of Slimes","floor":13,"turns":6},{"damage":12,"enemies":"Large Slime","floor":14,"turns":4},{"damage":41,"enemies":"Hexaghost","floor":16,"turns":11}],"seed_played":"4973267857774594615","potions_obtained":[{"floor":4,"key":"Block Potion"},{"floor":6,"key":"Weak Potion"},{"floor":13,"key":"Strength Potion"}],"is_trial":false,"path_per_floor":["?","M"],"character_chosen":"IRONCLAD","items_purchased":["Molten Egg 2","Explosive Potion","Uppercut+1","FearPotion"],"campfire_rested":1,"item_purchase_floors":[5,5,11,11],"current_hp_per_floor":[72,72,71,65,65,66,66,48,48,48,48,48,24,18,39,0],"gold":103,"neow_bonus":"TWO_FIFTY_GOLD","is_prod":false,"is_daily":false,"chose_seed":false,"campfire_upgraded":3,"win_rate":0,"timestamp":1551457896,"path_taken":["M","?","?","M","$","E","R","E","T","R","$","R","M","M","R","BOSS"],"build_version":"2019-01-23","purchased_purges":0,"victory":false,"max_hp_per_floor":[72,72,72,72,72,72,72,72,72,72,72,72,72,72,72,72],"card_choices":[{"not_picked":["Body Slam","Sword Boomerang"],"picked":"Uppercut","floor":1},{"not_picked":["Iron Wave","Sword Boomerang","Pummel"],"picked":"SKIP","floor":3},{"not_picked":["Anger","Havoc"],"picked":"Perfected Strike","floor":4},{"not_picked":["Searing Blow+1","Warcry"],"picked":"Perfected Strike+1","floor":6},{"not_picked":["Armaments","Pummel+1"],"picked":"Corruption","floor":8},{"not_picked":["Body Slam+1","Anger+1","Sword Boomerang+1"],"picked":"SKIP","floor":13},{"not_picked":["Pummel+1","Rampage+1"],"picked":"Disarm","floor":14}],"player_experience":341345,"relics_obtained":[{"floor":6,"key":"Potion Belt"},{"floor":8,"key":"Omamori"},{"floor":9,"key":"Centennial Puzzle"}],"event_choices":[{"damage_healed":0,"gold_gain":0,"player_choice":"Upgraded","damage_taken":0,"max_hp_gain":0,"max_hp_loss":0,"event_name":"Upgrade Shrine","floor":2,"gold_loss":0,"cards_upgraded":["Uppercut"]}],"is_beta":false,"boss_relics":[],"items_purged_floors":[],"is_endless":false,"potions_floor_spawned":[4,6,13],"killed_by":"Hexaghost","ascension_level":12}