{"gold_per_floor":[114,131,131,142,217,217,229,229,229,246,246,246,246,266,266,366,366,306,306,306],"floor_reached":20,"playtime":829,"items_purged":[],"score":162,"play_id":"6a92fb8e-0cd3-4012-899c-0955709851ed","local_time":"20180729124725","is_ascension_mode":false,"campfire_choices":[{"data":"Zap","floor":6,"key":"SMITH"},{"data":"Go for the Eyes","floor":8,"key":"SMITH"},{"data":"Self Repair","floor":11,"key":"SMITH"},{"data":"Capacitor","floor":13,"key":"SMITH"},{"data":"Steam","floor":15,"key":"SMITH"}],"neow_cost":"NONE","seed_source_timestamp":1366057257118038,"circlet_count":0,"master_deck":["Strike_B","Strike_B","Strike_B","Defend_B","Defend_B","Defend_B","Defend_B","Zap+1","Dualcast","Coolheaded","Capacitor+1","Leap","Redo+1","Go for the Eyes+1","Self Repair+1","Steam+1","Biased Cognition","Sunder+1"],"relics":["Cracked Core","Oddly Smooth Stone","White Beast Statue"],"potions_floor_usage":[16,16,16,20],"damage_taken":[{"damage":4,"enemies":"2 Louse","floor":1,"turns":3},{"damage":0,"enemies":"Cultist","floor":2,"turns":4},{"damage":0,"enemies":"Small Slimes","floor":4,"turns":5},{"damage":3,"enemies":"Looter","floor":7,"turns":4},{"damage":0,"enemies":"Red Slaver","floor":10,"turns":5},{"damage":11,"enemies":"Exordium Thugs","floor":14,"turns":6},{"damage":42,"enemies":"Slime Boss","floor":16,"turns":13},{"damage":20,"enemies":"2 Thieves","floor":18,"turns":4},{"damage":51,"enemies":"3 Byrds","floor":20,"turns":4}],"seed_played":"1306159536805375446","potions_obtained":[{"floor":10,"key":"SkillPotion"},{"floor":18,"key":"Regen Potion"}],"is_trial":false,"path_per_floor":["M","M","?","M","?","R","M","R","T","M","R","?","R","M","R","B",null,"M","?"],"character_chosen":"DEFECT","items_purchased":[],"campfire_rested":0,"item_purchase_floors":[],"current_hp_per_floor":[71,71,71,71,60,60,57,57,57,57,57,57,57,56,56,24,75,55,41,0],"gold":306,"neow_bonus":"THREE_SMALL_POTIONS","is_prod":false,"is_daily":false,"chose_seed":false,"campfire_upgraded":5,"win_rate":0,"timestamp":1532861245,"path_taken":["M","M","?","M","?","R","M","R","T","?","R","?","R","M","R","BOSS","M","?","M"],"build_version":"2018-07-26","purchased_purges":0,"victory":false,"max_hp_per_floor":[75,75,75,75,75,75,75,75,75,75,75,75,75,75,75,75,75,75,80,80],"card_choices":[{"not_picked":["Undo","Sunder"],"picked":"Coolheaded","floor":1},{"not_picked":["Doom and Gloom","Heatsinks"],"picked":"Capacitor","floor":2},{"not_picked":["Rebound","Cold Snap"],"picked":"Redo","floor":4},{"not_picked":["Sweeping Beam","Lockon"],"picked":"Go for the Eyes","floor":7},{"not_picked":["Stack","Go for the Eyes"],"picked":"Self Repair","floor":10},{"not_picked":["Melter","Turbo"],"picked":"Steam","floor":14},{"not_picked":["Multi-Cast","Core Surge"],"picked":"Biased Cognition","floor":16},{"not_picked":["Double Energy","Beam Cell+1"],"picked":"Sunder+1","floor":18}],"player_experience":75785,"relics_obtained":[{"floor":9,"key":"Oddly Smooth Stone"}],"event_choices":[{"event_name":"Transmorgrifier","player_choice":"Transform","floor":3,"damage_taken":0},{"event_name":"World of Goop","player_choice":"Gather Gold","floor":5,"damage_taken":0},{"event_name":"Accursed Blacksmith","player_choice":"Forge","floor":12,"damage_taken":0},{"event_name":"Forgotten Altar","player_choice":"Shed Blood","floor":19,"damage_taken":0}],"is_beta":false,"boss_relics":[{"not_picked":["Busted Crown","Philosopher\u0027s Stone"],"picked":"White Beast Statue"}],"items_purged_floors":[],"is_endless":false,"potions_floor_spawned":[1,4,10,14,18],"killed_by":"3 Byrds","ascension_level":0}