{"gold_per_floor":[12,23,42,62,81,81,99,99,99,99,113,113,2,19,19,120,120,132,112,123,140,140,140,160,160,187,187,202,202,202,215,215,215],"floor_reached":33,"playtime":1825,"items_purged":[],"score":343,"play_id":"566f7369-2efe-4d7c-8ae2-21d02e40e76f","local_time":"20181020232148","is_ascension_mode":true,"campfire_choices":[{"floor":6,"key":"REST"},{"data":"True Grit","floor":8,"key":"SMITH"},{"data":"Disarm","floor":10,"key":"SMITH"},{"data":"Armaments","floor":12,"key":"SMITH"},{"data":"Shockwave","floor":15,"key":"SMITH"},{"floor":23,"key":"REST"},{"floor":25,"key":"REST"},{"floor":27,"key":"REST"},{"data":"Inflame","floor":29,"key":"SMITH"},{"floor":32,"key":"REST"}],"neow_cost":"NO_GOLD","seed_source_timestamp":65668781607774,"circlet_count":0,"master_deck":["Strike_R","Strike_R","Defend_R","Defend_R","Defend_R","Defend_R","Bash","Disarm+1","Whirlwind","Wild Strike","Cleave","True Grit+1","Shockwave+1","Armaments+1","Battle Trance","Metallicize","Shrug It Off","Demon Form","Evolve","Inflame+1","RitualDagger","Carnage","Thunderclap","Brutality"],"relics":["Black Blood","Bottled Flame","Omamori"],"potions_floor_usage":[28,33,33,33],"damage_taken":[{"damage":5,"enemies":"Small Slimes","floor":1,"turns":3},{"damage":0,"enemies":"2 Louse","floor":2,"turns":3},{"damage":0,"enemies":"Cultist","floor":3,"turns":4},{"damage":8,"enemies":"3 Louse","floor":4,"turns":2},{"damage":0,"enemies":"Lots of Slimes","floor":5,"turns":1},{"damage":13,"enemies":"Looter","floor":7,"turns":4},{"damage":8,"enemies":"Red Slaver","floor":11,"turns":3},{"damage":0,"enemies":"Blue Slaver","floor":14,"turns":4},{"damage":8,"enemies":"The Guardian","floor":16,"turns":14},{"damage":3,"enemies":"Chosen","floor":18,"turns":8},{"damage":11,"enemies":"2 Thieves","floor":19,"turns":4},{"damage":12,"enemies":"Centurion and Healer","floor":20,"turns":9},{"damage":41,"enemies":"Shelled Parasite and Fungi","floor":21,"turns":10},{"damage":43,"enemies":"Chosen and Byrds","floor":24,"turns":9},{"damage":26,"enemies":"Snake Plant","floor":28,"turns":6},{"damage":47,"enemies":"Cultist and Chosen","floor":31,"turns":10},{"damage":50,"enemies":"Automaton","floor":33,"turns":4}],"seed_played":"8809513897529384491","potions_obtained":[{"floor":1,"key":"Weak Potion"},{"floor":5,"key":"BloodPotion"},{"floor":7,"key":"Strength Potion"},{"floor":19,"key":"Strength Potion"},{"floor":31,"key":"LiquidBronze"}],"is_trial":false,"path_per_floor":["M","M","M","M","M","R","M","R","T","R","M","R","$","M","R","B",null,"M","M","M","M","?","R","M","R","T","R","M","R","?","M","R"],"character_chosen":"IRONCLAD","items_purchased":["Battle Trance","Metallicize"],"campfire_rested":5,"item_purchase_floors":[13,13],"current_hp_per_floor":[73,79,80,78,80,80,73,73,73,73,71,71,71,77,77,75,79,80,79,77,46,40,64,31,55,55,79,63,63,63,26,50,0],"gold":215,"neow_bonus":"TRANSFORM_TWO_CARDS","is_prod":false,"is_daily":false,"chose_seed":false,"campfire_upgraded":5,"win_rate":0,"timestamp":1540070508,"path_taken":["M","M","M","M","M","R","M","R","T","R","M","R","$","M","R","BOSS","M","M","M","M","?","R","M","R","T","R","M","R","?","?","R","BOSS"],"build_version":"2018-10-11","purchased_purges":0,"victory":false,"max_hp_per_floor":[80,80,80,80,80,80,80,80,80,80,80,80,80,80,80,80,80,80,80,80,80,80,80,80,80,80,80,80,80,80,80,80,80],"card_choices":[{"not_picked":["Sentinel","Fire Breathing"],"picked":"Wild Strike","floor":1},{"not_picked":["Headbutt","Clothesline"],"picked":"Cleave","floor":2},{"not_picked":["Clash","Disarm","Wild Strike"],"picked":"SKIP","floor":3},{"not_picked":["Sentinel","Anger","Warcry"],"picked":"SKIP","floor":4},{"not_picked":["Havoc","Rage"],"picked":"True Grit","floor":5},{"not_picked":["Clash","Pommel Strike"],"picked":"Shockwave","floor":7},{"not_picked":["Thunderclap","Power Through"],"picked":"Armaments","floor":11},{"not_picked":["True Grit","Armaments"],"picked":"Shrug It Off","floor":14},{"not_picked":["Offering","Feed"],"picked":"Demon Form","floor":16},{"not_picked":["Burning Pact","Clothesline+1"],"picked":"Evolve","floor":18},{"not_picked":["Sentinel","Clash+1"],"picked":"Inflame","floor":19},{"not_picked":["Fire Breathing+1","Whirlwind","Heavy Blade+1"],"picked":"SKIP","floor":20},{"not_picked":["Pommel Strike","Heavy Blade+1","True Grit"],"picked":"SKIP","floor":21},{"not_picked":["Pommel Strike","Perfected Strike"],"picked":"Carnage","floor":24},{"not_picked":["True Grit","Warcry"],"picked":"Thunderclap","floor":28},{"not_picked":["Rampage","Headbutt"],"picked":"Brutality","floor":31}],"player_experience":202581,"relics_obtained":[{"floor":9,"key":"Bottled Flame"},{"floor":26,"key":"Omamori"}],"event_choices":[{"event_name":"Nest","player_choice":"Joined the Cult","floor":22,"damage_taken":0},{"event_name":"Bonfire Elementals","player_choice":"BASIC","floor":30,"damage_taken":0}],"is_beta":false,"boss_relics":[{"not_picked":["Empty Cage","Eternal Feather"],"picked":"Black Blood"}],"items_purged_floors":[],"is_endless":false,"potions_floor_spawned":[1,5,7,14,19,20,31],"killed_by":"Automaton","ascension_level":8}