{"gold_per_floor":[114,126,144,144,161,161,193,158,158,158,83,83,102,134,134,233,233,247,260,271,102,114,114,148,148,148,148,158,177,177,190,190,190],"floor_reached":33,"playtime":1863,"items_purged":["Strike_G","Defend_G"],"score":279,"play_id":"e6d67313-1abc-46a2-b64b-b65d4c77b9c7","local_time":"20181117122422","is_ascension_mode":false,"campfire_choices":[{"data":"Neutralize","floor":6,"key":"SMITH"},{"data":"Dash","floor":10,"key":"SMITH"},{"data":"Survivor","floor":12,"key":"SMITH"},{"data":"Accuracy","floor":15,"key":"SMITH"},{"data":"Cloak And Dagger","floor":23,"key":"SMITH"},{"floor":25,"key":"REST"},{"floor":30,"key":"REST"},{"floor":32,"key":"REST"}],"neow_cost":"NONE","seed_source_timestamp":229813142075649,"circlet_count":0,"master_deck":["Defend_G","Defend_G","Defend_G","Defend_G+1","Strike_G","Strike_G","Strike_G","Strike_G","Survivor+1","Neutralize+1","Escape Plan","Slice","Endless Agony","Poisoned Stab","Dash+1","Accuracy+1","Backstab","Storm of Steel","Acrobatics+1","Blade Dance","Reflex","Footwork","Sucker Punch","Escape Plan","Die Die Die","Blade Dance+1","Well Laid Plans","Cloak And Dagger+1","Backflip","Dagger Spray","Caltrops+1"],"relics":["Ring of the Snake","Anchor","Darkstone Periapt","Ninja Scroll","Mercury Hourglass","Orrery","War Paint","Frozen Egg 2"],"potions_floor_usage":[16,16,33,33,33],"damage_taken":[{"damage":0,"enemies":"Cultist","floor":1,"turns":4},{"damage":0,"enemies":"2 Louse","floor":2,"turns":4},{"damage":0,"enemies":"Jaw Worm","floor":3,"turns":4},{"damage":14,"enemies":"Gremlin Gang","floor":5,"turns":6},{"damage":19,"enemies":"Gremlin Nob","floor":7,"turns":4},{"damage":2,"enemies":"2 Fungi Beasts","floor":13,"turns":3},{"damage":4,"enemies":"3 Sentries","floor":14,"turns":9},{"damage":46,"enemies":"The Guardian","floor":16,"turns":14},{"damage":2,"enemies":"Shell Parasite","floor":18,"turns":4},{"damage":3,"enemies":"Spheric Guardian","floor":19,"turns":3},{"damage":6,"enemies":"Snecko","floor":20,"turns":5},{"damage":23,"enemies":"Chosen and Byrds","floor":22,"turns":7},{"damage":34,"enemies":"Gremlin Leader","floor":24,"turns":6},{"damage":0,"enemies":"Snake Plant","floor":28,"turns":4},{"damage":3,"enemies":"3 Cultists","floor":29,"turns":4},{"damage":0,"enemies":"Snecko","floor":31,"turns":3},{"damage":63,"enemies":"Champ","floor":33,"turns":10}],"seed_played":"1220671459555843425","potions_obtained":[{"floor":1,"key":"GamblersBrew"},{"floor":3,"key":"Strength Potion"},{"floor":7,"key":"GamblersBrew"},{"floor":14,"key":"SkillPotion"},{"floor":18,"key":"SteroidPotion"},{"floor":22,"key":"GamblersBrew"},{"floor":29,"key":"Energy Potion"}],"is_trial":false,"path_per_floor":["M","M","M","?","M","R","E","?","T","R","$","R","M","E","R","B",null,"M","M","M","$","M","R","E","R","T","?","M","M","R","M","R","B"],"character_chosen":"THE_SILENT","items_purchased":["Well Laid Plans"],"campfire_rested":3,"item_purchase_floors":[21],"current_hp_per_floor":[70,70,70,70,56,56,37,54,54,54,54,54,52,48,48,2,70,68,65,59,59,36,36,2,23,23,16,16,13,34,34,55,0],"gold":190,"neow_bonus":"RANDOM_COMMON_RELIC","is_prod":false,"is_daily":false,"chose_seed":false,"campfire_upgraded":5,"win_rate":0,"timestamp":1542453862,"path_taken":["M","M","M","?","M","R","E","?","T","R","$","R","M","E","R","BOSS","M","M","M","$","M","R","E","R","T","?","?","M","R","M","R","BOSS"],"build_version":"2018-11-15","purchased_purges":2,"victory":false,"max_hp_per_floor":[70,70,70,70,70,70,70,70,70,70,70,70,70,70,70,70,70,70,70,70,70,70,70,70,70,70,70,70,70,70,70,70,70],"card_choices":[{"not_picked":["Acrobatics","Crippling Poison"],"picked":"Escape Plan","floor":1},{"not_picked":["Finisher","Underhanded Strike"],"picked":"Slice","floor":2},{"not_picked":["PiercingWail","Bane"],"picked":"Endless Agony","floor":3},{"not_picked":["Backflip","Concentrate"],"picked":"Poisoned Stab","floor":5},{"not_picked":["Concentrate","Masterful Stab"],"picked":"Dash","floor":7},{"not_picked":["Slice","Blade Dance"],"picked":"Accuracy","floor":13},{"not_picked":["Blur","Crippling Poison"],"picked":"Backstab","floor":14},{"not_picked":["Tools of the Trade","Phantasmal Killer"],"picked":"Storm of Steel","floor":16},{"not_picked":["Quick Slash","Predator"],"picked":"Acrobatics","floor":17},{"not_picked":["Well Laid Plans","Acrobatics"],"picked":"Blade Dance","floor":17},{"not_picked":["Dodge and Roll","Bane"],"picked":"Reflex","floor":17},{"not_picked":["Distraction","Slice"],"picked":"Footwork","floor":17},{"not_picked":["Quick Slash","Deadly Poison"],"picked":"Sucker Punch","floor":17},{"not_picked":["PiercingWail","Bane"],"picked":"Escape Plan","floor":18},{"not_picked":["Caltrops","PiercingWail"],"picked":"Die Die Die","floor":19},{"not_picked":["Catalyst+1","Slice"],"picked":"Blade Dance+1","floor":20},{"not_picked":["PiercingWail","Prepared"],"picked":"Cloak And Dagger","floor":22},{"not_picked":["Corpse Explosion","Sucker Punch"],"picked":"Backflip","floor":24},{"not_picked":["Bane+1","Flechettes+1","Acrobatics+1"],"picked":"SKIP","floor":28},{"not_picked":["Reflex","All Out Attack"],"picked":"Dagger Spray","floor":29},{"not_picked":["Masterful Stab","Poisoned Stab"],"picked":"Caltrops+1","floor":31}],"player_experience":302632,"relics_obtained":[{"floor":7,"key":"Darkstone Periapt"},{"floor":9,"key":"Ninja Scroll"},{"floor":14,"key":"Mercury Hourglass"},{"floor":24,"key":"War Paint"},{"floor":26,"key":"Frozen Egg 2"}],"event_choices":[{"damage_healed":0,"gold_gain":0,"player_choice":"Ignored","damage_taken":0,"max_hp_gain":0,"max_hp_loss":0,"event_name":"Liars Game","floor":4,"gold_loss":0},{"damage_healed":17,"gold_gain":0,"player_choice":"Healed","damage_taken":0,"max_hp_gain":0,"max_hp_loss":0,"event_name":"The Cleric","floor":8,"gold_loss":35},{"damage_healed":0,"gold_gain":0,"player_choice":"Damaged","damage_taken":7,"max_hp_gain":0,"max_hp_loss":0,"event_name":"Wheel of Change","floor":27,"gold_loss":0}],"is_beta":false,"boss_relics":[{"not_picked":["Runic Pyramid","Black Star"],"picked":"Orrery"}],"items_purged_floors":[11,21],"is_endless":false,"potions_floor_spawned":[1,3,7,14,18,22,29,31],"killed_by":"Champ","ascension_level":0}