{"gold_per_floor":[119,16,36,52,62,62,74,74,100,119,21,21,52,62,62,166,166,179,197,24,24,34,34,67,67,91,116,24,39,39,55,55,55],"floor_reached":33,"playtime":1799,"items_purged":["Strike_G","Strike_G"],"score":393,"play_id":"c3a10245-4909-4c26-b8e1-e64f02771171","local_time":"20181222202832","is_ascension_mode":true,"campfire_choices":[{"data":"Neutralize","floor":6,"key":"SMITH"},{"data":"Footwork","floor":8,"key":"SMITH"},{"data":"Noxious Fumes","floor":12,"key":"SMITH"},{"data":"Doppelganger","floor":15,"key":"SMITH"},{"data":"Backflip","floor":23,"key":"SMITH"},{"data":"Bouncing Flask","floor":25,"key":"SMITH"},{"floor":32,"key":"REST"}],"neow_cost":"NONE","seed_source_timestamp":91178061158915,"circlet_count":0,"master_deck":["Defend_G","Defend_G","Defend_G","Defend_G","Defend_G","Strike_G","Strike_G","Survivor","Neutralize+1","Predator","Noxious Fumes+1","Backflip+1","Cloak And Dagger","Footwork+1","Bouncing Flask+1","Poisoned Stab","Doppelganger+1","Dagger Spray","Glass Knife","Bane","Dodge and Roll+1","Well Laid Plans","Footwork+1","Deflect","Dagger Spray+1","Backstab+1","Enlightenment","Blur+1","PiercingWail"],"relics":["Ring of the Snake","Blood Vial","Pen Nib","Sozu","Juzu Bracelet","Boot","Vajra"],"potions_floor_usage":[13,13,13],"damage_taken":[{"damage":4,"enemies":"Jaw Worm","floor":1,"turns":4},{"damage":0,"enemies":"Cultist","floor":3,"turns":3},{"damage":0,"enemies":"Small Slimes","floor":4,"turns":4},{"damage":5,"enemies":"Exordium Thugs","floor":5,"turns":9},{"damage":0,"enemies":"Large Slime","floor":7,"turns":6},{"damage":0,"enemies":"Blue Slaver","floor":10,"turns":4},{"damage":0,"enemies":"Gremlin Nob","floor":13,"turns":3},{"damage":0,"enemies":"3 Louse","floor":14,"turns":4},{"damage":35,"enemies":"Slime Boss","floor":16,"turns":9},{"damage":0,"enemies":"Shell Parasite","floor":18,"turns":5},{"damage":2,"enemies":"Spheric Guardian","floor":19,"turns":4},{"damage":12,"enemies":"Snake Plant","floor":22,"turns":4},{"damage":7,"enemies":"Book of Stabbing","floor":24,"turns":8},{"damage":23,"enemies":"Gremlin Leader","floor":27,"turns":7},{"damage":0,"enemies":"Snecko","floor":29,"turns":5},{"damage":2,"enemies":"3 Cultists","floor":31,"turns":4},{"damage":73,"enemies":"Champ","floor":33,"turns":11}],"seed_played":"5385560884198250257","potions_obtained":[{"floor":1,"key":"SpeedPotion"},{"floor":3,"key":"Explosive Potion"},{"floor":5,"key":"AttackPotion"},{"floor":14,"key":"Strength Potion"}],"is_trial":false,"path_per_floor":["M","$","M","M","M","R","M","R","T","M","$","R","E","M","R","B",null,"M","M","$","?","M","R","E","R","T","E","$","M","?","M","R","B"],"character_chosen":"THE_SILENT","items_purchased":["Noxious Fumes","Backflip","Poisoned Stab","Well Laid Plans","Enlightenment"],"campfire_rested":1,"item_purchase_floors":[2,2,11,20,28],"current_hp_per_floor":[66,66,66,66,61,61,61,61,61,63,63,63,65,67,67,34,61,63,63,63,63,53,53,48,48,48,27,27,29,29,29,50,0],"gold":55,"neow_bonus":"REMOVE_CARD","is_prod":false,"is_daily":false,"chose_seed":false,"campfire_upgraded":6,"win_rate":0,"timestamp":1545506912,"path_taken":["M","$","M","M","M","R","M","R","T","M","$","R","E","M","R","BOSS","M","M","$","?","?","R","E","R","T","E","$","M","?","M","R","BOSS"],"build_version":"2018-12-20","purchased_purges":2,"victory":false,"max_hp_per_floor":[70,70,70,70,70,70,70,70,70,70,70,70,70,70,70,70,70,70,70,70,70,70,70,70,70,70,70,70,70,70,70,70,70],"card_choices":[{"not_picked":["Sucker Punch","Slice"],"picked":"Predator","floor":1},{"not_picked":["Escape Plan","Finisher"],"picked":"Cloak And Dagger","floor":3},{"not_picked":["Bane","Well Laid Plans"],"picked":"Footwork","floor":4},{"not_picked":["Blur","Poisoned Stab"],"picked":"Bouncing Flask","floor":5},{"not_picked":["Quick Slash","Blade Dance","Phantasmal Killer"],"picked":"SKIP","floor":7},{"not_picked":["Flechettes","Quick Slash","Calculated Gamble"],"picked":"SKIP","floor":10},{"not_picked":["Backflip","Backstab"],"picked":"Doppelganger","floor":13},{"not_picked":["Poisoned Stab","Dagger Throw"],"picked":"Dagger Spray","floor":14},{"not_picked":["Unload","Grand Finale"],"picked":"Glass Knife","floor":16},{"not_picked":["Deadly Poison","Acrobatics"],"picked":"Bane","floor":18},{"not_picked":["Bane+1","Dagger Spray+1"],"picked":"Dodge and Roll+1","floor":19},{"not_picked":["Prepared","Cloak And Dagger+1"],"picked":"Deflect","floor":22},{"not_picked":["Bouncing Flask","Die Die Die"],"picked":"Dagger Spray+1","floor":24},{"not_picked":["Poisoned Stab","Accuracy+1"],"picked":"Backstab+1","floor":27},{"not_picked":["Predator+1","Deflect"],"picked":"Blur+1","floor":29},{"not_picked":["Flechettes","Blade Dance"],"picked":"PiercingWail","floor":31}],"player_experience":435806,"relics_obtained":[{"floor":9,"key":"Blood Vial"},{"floor":13,"key":"Pen Nib"},{"floor":24,"key":"Juzu Bracelet"},{"floor":26,"key":"Boot"},{"floor":27,"key":"Vajra"}],"event_choices":[{"damage_healed":0,"gold_gain":0,"player_choice":"Copied","damage_taken":0,"max_hp_gain":0,"max_hp_loss":0,"event_name":"Duplicator","floor":21,"gold_loss":0,"cards_obtained":["Footwork"]},{"damage_healed":0,"gold_gain":0,"player_choice":"Got Potions","damage_taken":0,"max_hp_gain":0,"max_hp_loss":0,"event_name":"Lab","floor":30,"gold_loss":0}],"is_beta":false,"boss_relics":[{"not_picked":["Ectoplasm","Busted Crown"],"picked":"Sozu"}],"items_purged_floors":[11,20],"is_endless":false,"potions_floor_spawned":[1,3,5,14,18,27],"killed_by":"Champ","ascension_level":5}