{"gold_per_floor":[113,113,124,144,144,172,189,222,271,271],"floor_reached":10,"playtime":1000,"items_purged":[],"score":78,"play_id":"936ddcc8-dc66-4484-b126-c462b99e7e97","local_time":"20190216160522","is_ascension_mode":false,"campfire_choices":[],"neow_cost":"NONE","seed_source_timestamp":483707472012521,"circlet_count":0,"master_deck":["Strike_B","Strike_B","Strike_B","Strike_B","Defend_B","Defend_B","Defend_B","Defend_B","Zap","Dualcast","Ball Lightning","Reprogram","Self Repair","White Noise","Zap","Heatsinks","Rainbow","Beam Cell","Defragment","Static Discharge"],"relics":["Cracked Core","Blood Vial","Bottled Flame","PreservedInsect"],"potions_floor_usage":[4,6,7,7,8,8,8,10,10],"damage_taken":[{"damage":1,"enemies":"Jaw Worm","floor":1,"turns":3},{"damage":1,"enemies":"Cultist","floor":3,"turns":4},{"damage":2,"enemies":"2 Louse","floor":4,"turns":3},{"damage":18,"enemies":"Gremlin Nob","floor":6,"turns":4},{"damage":29,"enemies":"Lots of Slimes","floor":7,"turns":4},{"damage":35,"enemies":"3 Sentries","floor":8,"turns":5},{"damage":31,"enemies":"Exordium Thugs","floor":10,"turns":2}],"seed_played":"6366117299637203238","potions_obtained":[{"floor":2,"key":"EntropicBrew"},{"floor":2,"key":"SneckoOil"},{"floor":2,"key":"EntropicBrew"},{"floor":4,"key":"SpeedPotion"},{"floor":6,"key":"Fire Potion"},{"floor":8,"key":"SteroidPotion"}],"is_trial":false,"path_per_floor":["M","?","M","M","?","E","M","E","T","M"],"character_chosen":"DEFECT","items_purchased":[],"campfire_rested":0,"item_purchase_floors":[],"current_hp_per_floor":[74,74,73,75,75,64,44,18,18,0],"gold":271,"neow_bonus":"THREE_CARDS","is_prod":false,"is_daily":false,"chose_seed":false,"campfire_upgraded":0,"win_rate":0.0,"timestamp":1550351122,"path_taken":["M","?","?","M","?","E","M","E","T","M"],"build_version":"2019-01-23","purchased_purges":0,"victory":false,"max_hp_per_floor":[75,75,75,75,75,75,75,75,75,75],"card_choices":[{"not_picked":["Capacitor","Compile Driver"],"picked":"Ball Lightning","floor":0},{"not_picked":["Leap","Go for the Eyes"],"picked":"Reprogram","floor":1},{"not_picked":["Hello World","Go for the Eyes"],"picked":"Self Repair","floor":3},{"not_picked":["Stack","Beam Cell"],"picked":"White Noise","floor":4},{"not_picked":["Sweeping Beam","Compile Driver"],"picked":"Beam Cell","floor":6},{"not_picked":["Sweeping Beam","Barrage"],"picked":"Defragment","floor":7},{"not_picked":["Doom and Gloom","Conserve Battery"],"picked":"Static Discharge","floor":8}],"player_experience":34402,"relics_obtained":[{"floor":6,"key":"Blood Vial"},{"floor":8,"key":"Bottled Flame"},{"floor":9,"key":"PreservedInsect"}],"event_choices":[{"damage_healed":0,"gold_gain":0,"player_choice":"Got Potions","damage_taken":0,"max_hp_gain":0,"max_hp_loss":0,"event_name":"Lab","floor":2,"gold_loss":0},{"damage_healed":0,"gold_gain":0,"player_choice":"3 cards matched","damage_taken":0,"max_hp_gain":0,"max_hp_loss":0,"event_name":"Match and Keep!","floor":5,"gold_loss":0,"cards_obtained":["Zap","Heatsinks","Rainbow"]}],"is_beta":false,"boss_relics":[],"items_purged_floors":[],"is_endless":false,"potions_floor_spawned":[4,6,8],"killed_by":"Exordium Thugs","ascension_level":0}