{"gold_per_floor":[119,139,153,73,73,73,87,87,114,139,139,167,167,177,177,177],"floor_reached":16,"playtime":422,"items_purged":[],"score":160,"play_id":"a755ed1f-ed0f-4435-a296-b34dd48ddd61","local_time":"20190302011109","is_ascension_mode":true,"campfire_choices":[{"data":"Dualcast","floor":6,"key":"SMITH"},{"floor":13,"key":"REST"},{"floor":15,"key":"REST"}],"neow_cost":"NONE","seed_source_timestamp":287907990085657,"circlet_count":0,"master_deck":["Strike_B","Strike_B","Strike_B","Defend_B","Defend_B","Defend_B","Defend_B","Zap+1","Dualcast+1","White Noise","Compile Driver","All For One","FTL","White Noise","Creative AI","Scrape","Go for the Eyes"],"relics":["Cracked Core","Lantern","Oddly Smooth Stone","Strawberry"],"potions_floor_usage":[12,12],"damage_taken":[{"damage":2,"enemies":"Jaw Worm","floor":1,"turns":3},{"damage":0,"enemies":"Small Slimes","floor":2,"turns":3},{"damage":11,"enemies":"2 Louse","floor":3,"turns":2},{"damage":9,"enemies":"Red Slaver","floor":7,"turns":3},{"damage":30,"enemies":"3 Sentries","floor":10,"turns":5},{"damage":20,"enemies":"Gremlin Nob","floor":12,"turns":3},{"damage":15,"enemies":"Blue Slaver","floor":14,"turns":3},{"damage":55,"enemies":"The Guardian","floor":16,"turns":6}],"seed_played":"-1679669112059363315","potions_obtained":[{"floor":2,"key":"Swift Potion"},{"floor":3,"key":"FearPotion"},{"floor":7,"key":"GamblersBrew"},{"floor":11,"key":"FairyPotion"},{"floor":14,"key":"Dexterity Potion"}],"is_trial":false,"path_per_floor":["M","M","M","$","?","R","M","?","T","E","?","E","R","M","R","B"],"character_chosen":"DEFECT","items_purchased":["FTL"],"campfire_rested":2,"item_purchase_floors":[4],"current_hp_per_floor":[73,73,62,62,62,62,53,46,46,16,16,15,41,26,52,0],"gold":177,"neow_bonus":"TEN_PERCENT_HP_BONUS","is_prod":false,"is_daily":false,"chose_seed":false,"campfire_upgraded":1,"win_rate":0,"timestamp":1551485469,"path_taken":["M","M","M","$","?","R","M","?","T","E","?","E","R","?","R","BOSS"],"build_version":"2019-01-23","purchased_purges":0,"victory":false,"max_hp_per_floor":[82,82,82,82,82,82,82,82,82,82,82,89,89,89,89,89],"card_choices":[{"not_picked":["Coolheaded","Reinforced Body"],"picked":"White Noise","floor":1},{"not_picked":["Stack","Streamline"],"picked":"Compile Driver","floor":2},{"not_picked":["Redo","Leap"],"picked":"All For One","floor":3},{"not_picked":["Chaos","Genetic Algorithm"],"picked":"White Noise","floor":7},{"not_picked":["Conserve Battery","Hologram"],"picked":"Creative AI","floor":10},{"not_picked":["Streamline","Steam Power"],"picked":"Scrape","floor":12},{"not_picked":["Steam","Reinforced Body"],"picked":"Go for the Eyes","floor":14}],"player_experience":817134,"relics_obtained":[{"floor":9,"key":"Lantern"},{"floor":10,"key":"Oddly Smooth Stone"},{"floor":12,"key":"Strawberry"}],"event_choices":[{"damage_healed":0,"gold_gain":0,"player_choice":"Grow","damage_taken":0,"max_hp_gain":0,"max_hp_loss":0,"event_name":"Living Wall","floor":5,"gold_loss":0,"cards_upgraded":["Zap"]},{"cards_removed":["Strike_B"],"damage_healed":0,"gold_gain":0,"player_choice":"Card Removal","damage_taken":7,"max_hp_gain":0,"max_hp_loss":0,"event_name":"Golden Wing","floor":8,"gold_loss":0},{"damage_healed":0,"gold_gain":0,"player_choice":"Got Potions","damage_taken":0,"max_hp_gain":0,"max_hp_loss":0,"event_name":"Lab","floor":11,"gold_loss":0}],"is_beta":false,"boss_relics":[],"items_purged_floors":[],"is_endless":false,"potions_floor_spawned":[2,3,7,10,14],"killed_by":"The Guardian","ascension_level":9}