{"gold_per_floor":[114,125,143,143,162,162,179,179,179,214,89,89,109,126,126,224,224,244,1,1,11,11,23,23,34,34,34,68,68,78,9,9,9],"floor_reached":33,"playtime":1573,"items_purged":["Strike_G","Strike_G"],"score":269,"play_id":"6a68bb37-2b16-41e0-b9e9-eef88262fff0","local_time":"20181104220713","is_ascension_mode":false,"campfire_choices":[{"data":"Survivor","floor":6.0,"key":"SMITH"},{"data":"Skewer","floor":8.0,"key":"SMITH"},{"floor":15.0,"key":"REST"},{"data":"Cloak And Dagger","floor":24,"key":"SMITH"},{"data":"Adrenaline","floor":27,"key":"SMITH"},{"data":"Footwork","floor":32,"key":"SMITH"}],"neow_cost":"NONE","seed_source_timestamp":0,"circlet_count":0,"master_deck":["Defend_G","Defend_G","Defend_G","Defend_G","Defend_G","Strike_G","Strike_G","Survivor+1","Neutralize+1","Dagger Spray+1","Bullet Time","Deflect","Skewer+1","Dash+1","Blade Dance","Prepared","Deflect","Adrenaline+1","Outmaneuver+1","Writhe","Endless Agony+1","Cloak And Dagger+1","Blur","Backflip+1","Die Die Die+1","Backflip","Footwork+1"],"special_seed":0,"relics":["Ring of the Serpent","Molten Egg 2","Ninja Scroll","Blood Vial","Kunai","Happy Flower","Du-Vu Doll"],"potions_floor_usage":[18,28,30],"damage_taken":[{"damage":0.0,"enemies":"Small Slimes","floor":1.0,"turns":5.0},{"damage":0.0,"enemies":"Cultist","floor":2.0,"turns":4.0},{"damage":7.0,"enemies":"2 Louse","floor":3.0,"turns":2.0},{"damage":15.0,"enemies":"Large Slime","floor":5.0,"turns":9.0},{"damage":0.0,"enemies":"Exordium Wildlife","floor":7.0,"turns":3.0},{"damage":18.0,"enemies":"Lagavulin","floor":10.0,"turns":5.0},{"damage":0.0,"enemies":"Red Slaver","floor":13.0,"turns":3.0},{"damage":0.0,"enemies":"Blue Slaver","floor":14.0,"turns":2.0},{"damage":48.0,"enemies":"The Guardian","floor":16.0,"turns":17.0},{"damage":10,"enemies":"Chosen","floor":18,"turns":5},{"damage":1,"enemies":"Shell Parasite","floor":21,"turns":6},{"damage":0,"enemies":"Centurion and Healer","floor":23,"turns":8},{"damage":0,"enemies":"Snake Plant","floor":25,"turns":4},{"damage":17,"enemies":"Gremlin Leader","floor":28,"turns":9},{"damage":7,"enemies":"Snecko","floor":30,"turns":3},{"damage":54,"enemies":"Collector","floor":33,"turns":7}],"seed_played":"-4474468596191590445","potions_obtained":[{"floor":1.0,"key":"Explosive Potion"},{"floor":7.0,"key":"FearPotion"},{"floor":13.0,"key":"Swift Potion"},{"floor":16.0,"key":"Ancient Potion"},{"floor":21,"key":"GhostInAJar"},{"floor":28,"key":"FearPotion"}],"is_trial":false,"path_per_floor":["M","M","M","?","M","R","M","R","T","E","$","?","M","M","R","B",null,"M","$","?","M","?","M","R","M","T","R","E","$","M","$","R","B"],"character_chosen":"THE_SILENT","items_purchased":["Blade Dance","Blood Vial","Footwork"],"campfire_rested":1,"item_purchase_floors":[11,19,31],"current_hp_per_floor":[70,70,63,63,48,48,48,48,48,30,30,30,30,30,51,3,70,60,60,60,61,61,63,63,65,65,65,50,50,45,45,45,0],"gold":9,"neow_bonus":"UPGRADE_CARD","is_prod":false,"is_daily":false,"chose_seed":false,"campfire_upgraded":5,"win_rate":0,"timestamp":1541365633,"path_taken":["M","M","M","?","?","R","M","R","T","E","$","?","M","M","R","BOSS","M","$","?","M","?","M","R","?","T","R","E","?","M","$","R","BOSS"],"build_version":"2018-11-01","purchased_purges":2,"victory":false,"max_hp_per_floor":[70,70,70,70,70,70,70,70,70,70,70,70,70,70,70,70,70,70,70,70,70,70,70,70,70,70,70,70,70,70,70,70,70],"card_choices":[{"not_picked":["Calculated Gamble","Outmaneuver","Expertise"],"picked":"SKIP","floor":1.0},{"not_picked":["Flying Knee","PiercingWail"],"picked":"Dagger Spray","floor":2.0},{"not_picked":["Riddle With Holes","Sucker Punch"],"picked":"Bullet Time","floor":3.0},{"not_picked":["Quick Slash","Outmaneuver"],"picked":"Deflect","floor":5.0},{"not_picked":["Crippling Poison","Infinite Blades"],"picked":"Skewer","floor":7.0},{"not_picked":["Underhanded Strike+1","Infinite Blades"],"picked":"Dash+1","floor":10.0},{"not_picked":["Reflex","Venomology"],"picked":"Prepared","floor":13.0},{"not_picked":["Blur","Prepared"],"picked":"Deflect","floor":14.0},{"not_picked":["Glass Knife+1","Malaise"],"picked":"Adrenaline","floor":16.0},{"not_picked":["Deadly Poison","Eviscerate+1"],"picked":"Outmaneuver+1","floor":18},{"not_picked":["Backflip+1","PiercingWail+1"],"picked":"Endless Agony+1","floor":21},{"not_picked":["Caltrops","Prepared"],"picked":"Blur","floor":23},{"not_picked":["Setup","Deflect"],"picked":"Backflip+1","floor":25},{"not_picked":["Terror","Deadly Poison"],"picked":"Die Die Die+1","floor":28},{"not_picked":["Dagger Throw+1","Deadly Poison"],"picked":"Backflip","floor":30}],"player_experience":268734,"relics_obtained":[{"floor":9.0,"key":"Molten Egg 2"},{"floor":10.0,"key":"Ninja Scroll"},{"floor":26,"key":"Happy Flower"},{"floor":28,"key":"Du-Vu Doll"}],"event_choices":[{"damage_healed":0.0,"max_hp_gain":0.0,"max_hp_loss":0.0,"gold_gain":0.0,"event_name":"Accursed Blacksmith","player_choice":"Forge","floor":4.0,"gold_loss":0.0,"damage_taken":0.0,"cards_upgraded":["Dagger Spray"]},{"cards_removed":["Strike_G"],"damage_healed":0.0,"max_hp_gain":0.0,"max_hp_loss":0.0,"gold_gain":0.0,"event_name":"Living Wall","player_choice":"Forget","floor":12.0,"gold_loss":0.0,"damage_taken":0.0},{"damage_healed":0,"gold_gain":0,"player_choice":"Opened","damage_taken":0,"relics_obtained":["Kunai"],"max_hp_gain":0,"max_hp_loss":0,"event_name":"The Mausoleum","floor":20,"gold_loss":0,"cards_obtained":["Writhe"]},{"damage_healed":0,"gold_gain":0,"player_choice":"Read","damage_taken":0,"max_hp_gain":0,"max_hp_loss":0,"event_name":"The Library","floor":22,"gold_loss":0,"cards_obtained":["Cloak And Dagger"]}],"is_beta":false,"boss_relics":[{"not_picked":["Lizard Tail","Runic Dome"],"picked":"Ring of the Serpent"}],"items_purged_floors":[11,19],"is_endless":false,"potions_floor_spawned":[1,7,13,16,21,28],"killed_by":"Collector","ascension_level":0}