{"gold_per_floor":[112,124,124,137,154,179,189,189,212,212,212,276,26,44,44,139,139,159,172,191,37,54,54,54,54],"floor_reached":25,"playtime":1780,"items_purged":[],"score":290,"play_id":"0aa2dcf2-ea2c-45f5-bbb8-beae6601d0b9","local_time":"20181008044721","is_ascension_mode":false,"campfire_choices":[{"floor":8,"key":"REST"},{"floor":11,"key":"REST"},{"floor":15,"key":"REST"},{"floor":24,"key":"REST"}],"neow_cost":"PERCENT_DAMAGE","seed_source_timestamp":47215556028943,"circlet_count":0,"master_deck":["Strike_B","Strike_B","Defend_B","Defend_B","Defend_B","Defend_B","Zap","Dualcast","Core Surge","Gash","Hologram","Redo","Ball Lightning","Coolheaded","Lockon","Gash","Blind","Gash","Creative AI","Gash+1","Rebound+1"],"relics":["Cracked Core","Centennial Puzzle","PreservedInsect","Mummified Hand","Tiny Chest","Oddly Smooth Stone","Empty Cage","Pen Nib"],"potions_floor_usage":[6,16,22,22],"damage_taken":[{"damage":0,"enemies":"2 Louse","floor":1,"turns":3},{"damage":3,"enemies":"Small Slimes","floor":2,"turns":3},{"damage":0,"enemies":"Cultist","floor":4,"turns":4},{"damage":4,"enemies":"Blue Slaver","floor":5,"turns":4},{"damage":20,"enemies":"Gremlin Nob","floor":6,"turns":4},{"damage":8,"enemies":"Looter","floor":7,"turns":3},{"damage":13,"enemies":"3 Sentries","floor":12,"turns":6},{"damage":7,"enemies":"Gremlin Gang","floor":14,"turns":4},{"damage":0,"enemies":"Slime Boss","floor":16,"turns":7},{"damage":6,"enemies":"Spheric Guardian","floor":18,"turns":3},{"damage":14,"enemies":"2 Thieves","floor":19,"turns":4},{"damage":19,"enemies":"Shelled Parasite and Fungi","floor":20,"turns":6},{"damage":29,"enemies":"Snake Plant","floor":22,"turns":5},{"damage":0,"enemies":"Centurion and Healer","floor":25,"turns":1}],"seed_played":"892481530552947155","potions_obtained":[{"floor":1,"key":"Weak Potion"},{"floor":2,"key":"Strength Potion"},{"floor":12,"key":"Block Potion"},{"floor":14,"key":"SpeedPotion"},{"floor":16,"key":"Regen Potion"},{"floor":22,"key":"SkillPotion"}],"is_trial":false,"path_per_floor":["M","M","?","M","M","E","M","R","T","T","R","E","$","M","R","B",null,"M","M","M","$","M","$","R"],"character_chosen":"DEFECT","items_purchased":["Oddly Smooth Stone","Blind","Pen Nib"],"campfire_rested":4,"item_purchase_floors":[13,13,21],"current_hp_per_floor":[54,51,51,51,47,27,19,41,41,41,63,50,50,43,65,65,75,69,55,36,36,19,19,41,41],"gold":54,"neow_bonus":"THREE_RARE_CARDS","is_prod":false,"is_daily":false,"chose_seed":false,"campfire_upgraded":0,"win_rate":0,"timestamp":1538966841,"path_taken":["M","M","?","M","M","E","M","R","T","?","R","E","$","M","R","BOSS","M","M","M","$","M","$","R","M"],"build_version":"2018-10-04","purchased_purges":0,"victory":false,"max_hp_per_floor":[75,75,75,75,75,75,75,75,75,75,75,75,75,75,75,75,75,75,75,75,75,75,75,75,75],"card_choices":[{"not_picked":["Machine Learning","Thunder Strike"],"picked":"Core Surge","floor":0},{"not_picked":["Ball Lightning","Blizzard"],"picked":"Gash","floor":1},{"not_picked":["Stack","Turbo"],"picked":"Hologram","floor":2},{"not_picked":["Stack","Turbo"],"picked":"Redo","floor":4},{"not_picked":["White Noise","Turbo"],"picked":"Ball Lightning","floor":5},{"not_picked":["Rainbow","Fusion"],"picked":"Coolheaded","floor":6},{"not_picked":["Hello World","Static Discharge"],"picked":"Lockon","floor":7},{"not_picked":["Beam Cell","Barrage"],"picked":"Gash","floor":12},{"not_picked":["Rebound","Streamline"],"picked":"Gash","floor":14},{"not_picked":["Echo Form","Rainbow"],"picked":"Creative AI","floor":16},{"not_picked":["Sunder","BootSequence"],"picked":"Gash+1","floor":18},{"not_picked":["Chill","Tempest","Stack"],"picked":"SKIP","floor":19},{"not_picked":["Steam Power","Tempest+1","Redo"],"picked":"SKIP","floor":20},{"not_picked":["Beam Cell","Streamline"],"picked":"Rebound+1","floor":22}],"player_experience":117929,"relics_obtained":[{"floor":6,"key":"Centennial Puzzle"},{"floor":9,"key":"PreservedInsect"},{"floor":10,"key":"Mummified Hand"},{"floor":12,"key":"Tiny Chest"}],"event_choices":[{"event_name":"Liars Game","player_choice":"disagreed","floor":3,"damage_taken":0}],"is_beta":false,"boss_relics":[{"not_picked":["Snecko Eye","Pandora\u0027s Box"],"picked":"Empty Cage"}],"items_purged_floors":[],"is_endless":false,"potions_floor_spawned":[1,2,12,14,16,19,22],"killed_by":"Centurion and Healer","ascension_level":0}