{"gold_per_floor":[117,192,12,25,36,36,66,66,66,36,36,47,63,93,93,189,189,202,219,231,243,253,253,253,253,253,11,11,11,26,26,26,26],"floor_reached":33,"playtime":1816,"items_purged":[],"score":373,"play_id":"252491a4-c91c-4737-b77d-c90aac822a57","local_time":"20190302182844","is_ascension_mode":true,"campfire_choices":[{"data":"Rip and Tear","floor":6,"key":"SMITH"},{"data":"Melter","floor":8,"key":"SMITH"},{"data":"Dualcast","floor":11,"key":"SMITH"},{"data":"Go for the Eyes","floor":15,"key":"SMITH"},{"floor":23,"key":"REST"},{"floor":25,"key":"REST"},{"floor":32,"key":"REST"}],"neow_cost":"NONE","seed_source_timestamp":14296100732006,"circlet_count":0,"master_deck":["Strike_B","Strike_B","Defend_B","Defend_B","Defend_B","Defend_B","Zap","Dualcast+1","Steam","Self Repair","Compile Driver","Turbo","Rip and Tear+1","Cold Snap","Melter+1","Cold Snap","Tempest","Go for the Eyes+1","Buffer","Doom and Gloom","Turbo","Glacier","Electrodynamics","Conserve Battery","Biased Cognition+1","Panacea","Steam Power+1","Storm+1","Sunder"],"relics":["Cracked Core","Vajra","Ginger","Bottled Lightning","Mummified Hand","Fusion Hammer","Frozen Egg 2","Bottled Flame"],"potions_floor_usage":[7,14,20,21,21,22],"damage_taken":[{"damage":0,"enemies":"2 Louse","floor":1,"turns":2},{"damage":1,"enemies":"Jaw Worm","floor":4,"turns":3},{"damage":0,"enemies":"Cultist","floor":5,"turns":2},{"damage":19,"enemies":"3 Sentries","floor":7,"turns":5},{"damage":13,"enemies":"Gremlin Gang","floor":12,"turns":3},{"damage":14,"enemies":"Red Slaver","floor":13,"turns":2},{"damage":6,"enemies":"Gremlin Nob","floor":14,"turns":3},{"damage":19,"enemies":"Slime Boss","floor":16,"turns":7},{"damage":16,"enemies":"2 Thieves","floor":18,"turns":3},{"damage":11,"enemies":"3 Byrds","floor":19,"turns":6},{"damage":24,"enemies":"Snecko","floor":20,"turns":7},{"damage":28,"enemies":"Shelled Parasite and Fungi","floor":21,"turns":3},{"damage":4,"enemies":"3 Cultists","floor":22,"turns":5},{"damage":17,"enemies":"Colosseum Slavers","floor":28,"turns":2},{"damage":11,"enemies":"Cultist and Chosen","floor":30,"turns":5},{"damage":74,"enemies":"Champ","floor":33,"turns":13}],"seed_played":"3931897613167984743","potions_obtained":[{"floor":4,"key":"Regen Potion"},{"floor":10,"key":"FairyPotion"},{"floor":10,"key":"GamblersBrew"},{"floor":12,"key":"Fire Potion"},{"floor":16,"key":"FocusPotion"},{"floor":20,"key":"SkillPotion"},{"floor":21,"key":"Dexterity Potion"}],"is_trial":false,"path_per_floor":["M","?","$","M","M","R","E","R","T","?","R","M","M","E","R","B",null,"M","M","M","M","M","R","T","R","T","$","?","$","M","?","R","B"],"character_chosen":"DEFECT","items_purchased":["Self Repair","Compile Driver","Turbo","Fire Potion","Biased Cognition+1","Panacea"],"campfire_rested":3,"item_purchase_floors":[3,3,3,3,27,27],"current_hp_per_floor":[68,57,57,63,70,70,58,58,58,58,58,52,45,46,46,27,63,54,50,33,14,17,39,39,61,61,61,44,44,40,40,62,0],"gold":26,"neow_bonus":"RANDOM_COMMON_RELIC","is_prod":false,"is_daily":false,"chose_seed":false,"campfire_upgraded":4,"win_rate":0,"timestamp":1551547724,"path_taken":["M","?","$","M","M","R","E","R","T","?","R","?","M","E","R","BOSS","M","M","M","?","M","R","?","R","T","?","?","?","?","?","R","BOSS"],"build_version":"2019-01-23","purchased_purges":0,"victory":false,"max_hp_per_floor":[75,75,75,75,75,75,75,75,75,75,75,75,75,75,75,75,75,75,75,75,75,75,75,75,75,75,75,75,75,75,75,75,75],"card_choices":[{"not_picked":["Redo","Undo"],"picked":"Steam","floor":1},{"not_picked":["Coolheaded","Redo"],"picked":"Rip and Tear","floor":4},{"not_picked":["Stack","Steam"],"picked":"Cold Snap","floor":5},{"not_picked":["Genetic Algorithm","Seek"],"picked":"Melter","floor":7},{"not_picked":["Consume","Redo"],"picked":"Cold Snap","floor":12},{"not_picked":["Turbo","Compile Driver"],"picked":"Tempest","floor":13},{"not_picked":["Hyperbeam","Streamline"],"picked":"Go for the Eyes","floor":14},{"not_picked":["Amplify","Machine Learning"],"picked":"Buffer","floor":16},{"not_picked":["Scrape","Barrage+1"],"picked":"Doom and Gloom","floor":18},{"not_picked":["Melter","Go for the Eyes"],"picked":"Turbo","floor":19},{"not_picked":["Streamline","Leap+1"],"picked":"Glacier","floor":20},{"not_picked":["Beam Cell","Turbo+1"],"picked":"Electrodynamics","floor":21},{"not_picked":["Cold Snap+1","Leap+1"],"picked":"Conserve Battery","floor":22},{"not_picked":["Ball Lightning","Reboot"],"picked":"Steam Power+1","floor":30}],"player_experience":820983,"relics_obtained":[{"floor":7,"key":"Ginger"},{"floor":9,"key":"Bottled Lightning"},{"floor":14,"key":"Mummified Hand"},{"floor":24,"key":"Frozen Egg 2"},{"floor":26,"key":"Bottled Flame"}],"event_choices":[{"damage_healed":0,"gold_gain":75,"player_choice":"Gather Gold","damage_taken":11,"max_hp_gain":0,"max_hp_loss":0,"event_name":"World of Goop","floor":2,"gold_loss":0},{"damage_healed":0,"gold_gain":0,"player_choice":"Bought 2 Potions","damage_taken":0,"max_hp_gain":0,"max_hp_loss":0,"event_name":"The Woman in Blue","floor":10,"gold_loss":0},{"damage_healed":0,"gold_gain":0,"player_choice":"Fight","damage_taken":0,"max_hp_gain":0,"max_hp_loss":0,"event_name":"Colosseum","floor":28,"gold_loss":0},{"damage_healed":0,"gold_gain":0,"player_choice":"Fled From Nobs","damage_taken":0,"max_hp_gain":0,"max_hp_loss":0,"event_name":"Colosseum","floor":28,"gold_loss":0},{"damage_healed":0,"gold_gain":0,"cards_transformed":["Strike_B","Strike_B"],"player_choice":"Became Test Subject","damage_taken":0,"max_hp_gain":0,"max_hp_loss":0,"event_name":"Drug Dealer","floor":31,"gold_loss":0,"cards_obtained":["Storm","Sunder"]}],"is_beta":false,"boss_relics":[{"not_picked":["Black Star","Empty Cage"],"picked":"Fusion Hammer"}],"items_purged_floors":[],"is_endless":false,"potions_floor_spawned":[4,12,13,16,20,21],"killed_by":"Champ","ascension_level":9}