{"gold_per_floor":[117,71,83,158,158,158,175,209,264,283,283],"floor_reached":11,"playtime":720,"items_purged":[],"score":77,"play_id":"6ebd142a-d25a-488d-8a9d-bb92a140d01b","local_time":"20180722034552","is_ascension_mode":true,"campfire_choices":[{"data":"Redo","floor":6,"key":"SMITH"}],"neow_cost":"","seed_source_timestamp":0,"circlet_count":0,"master_deck":["Strike_B","Strike_B","Strike_B","Strike_B","Defend_B","Defend_B","Defend_B","Defend_B","Zap","Dualcast","Redo+1","Gash","Gash","Hologram","Steam","Hologram"],"special_seed":0,"relics":["Cracked Core","Strawberry","Incense Burner","Bag of Preparation","Du-Vu Doll"],"potions_floor_usage":[],"damage_taken":[{"damage":1.0,"enemies":"Cultist","floor":1.0,"turns":3.0},{"damage":6,"enemies":"Jaw Worm","floor":3,"turns":3},{"damage":5,"enemies":"Small Slimes","floor":7,"turns":2},{"damage":20,"enemies":"3 Sentries","floor":8,"turns":7},{"damage":5,"enemies":"3 Louse","floor":10,"turns":4},{"damage":14,"enemies":"Lagavulin Event","floor":11,"turns":3}],"seed_played":"-7192683624533817944","potions_obtained":[{"floor":3,"key":"GamblersBrew"},{"floor":7,"key":"Ancient Potion"}],"is_trial":false,"path_per_floor":["M","$","M","?","?","R","M","E","T","M"],"character_chosen":"DEFECT","items_purchased":["Gash"],"campfire_rested":0,"item_purchase_floors":[2],"current_hp_per_floor":[74,74,68,57,46,46,41,21,21,16,2],"gold":283,"neow_bonus":"","is_prod":false,"is_daily":false,"chose_seed":false,"campfire_upgraded":1,"win_rate":0.0,"timestamp":1532245552,"path_taken":["M","?","M","?","?","R","M","E","T","?","?"],"build_version":"2018-07-19v2","purchased_purges":0,"victory":false,"max_hp_per_floor":[75,75,75,75,82,82,82,82,82,82,82],"card_choices":[{"not_picked":["Hologram","Conserve Battery"],"picked":"Redo","floor":1.0},{"not_picked":["Go for the Eyes","White Noise"],"picked":"Gash","floor":3},{"not_picked":["Cold Snap","Gash"],"picked":"Hologram","floor":7},{"not_picked":["Ball Lightning","Self Repair"],"picked":"Steam","floor":8},{"not_picked":["Coolheaded","Ball Lightning"],"picked":"Hologram","floor":10}],"player_experience":387933,"relics_obtained":[{"floor":8,"key":"Incense Burner"},{"floor":9,"key":"Bag of Preparation"}],"event_choices":[{"event_name":"World of Goop","player_choice":"Gather Gold","floor":4,"damage_taken":0},{"event_name":"Scrap Ooze","player_choice":"success","floor":5,"damage_taken":18},{"event_name":"Dead Adventurer","player_choice":"Searched \u00272\u0027 times","floor":11,"damage_taken":0}],"is_beta":false,"boss_relics":[],"items_purged_floors":[],"is_endless":false,"potions_floor_spawned":[3,7],"killed_by":"Lagavulin Event","ascension_level":1}