{"gold_per_floor":[130,154,17,42,52,52,83,95,121,134,134,134],"floor_reached":12,"playtime":549,"items_purged":["Strike_G"],"score":80,"play_id":"974af335-be5f-4167-9e70-b04e27d038b7","local_time":"20181111115433","is_ascension_mode":false,"campfire_choices":[{"data":"Neutralize","floor":6,"key":"SMITH"},{"data":"Noxious Fumes","floor":11,"key":"SMITH"}],"neow_cost":"NONE","seed_source_timestamp":1737117093206,"circlet_count":0,"master_deck":["Defend_G","Defend_G","Defend_G","Defend_G","Defend_G+1","Strike_G","Strike_G","Strike_G","Strike_G","Survivor","Neutralize+1","Leg Sweep","Outmaneuver+1","Noxious Fumes+1","Skewer","Quick Slash","Deflect","Burst"],"relics":["Ring of the Snake","MawBank","Snake Skull","Kunai","War Paint"],"potions_floor_usage":[12,12,12],"damage_taken":[{"damage":4,"enemies":"Cultist","floor":1,"turns":5},{"damage":0,"enemies":"Small Slimes","floor":2,"turns":5},{"damage":0,"enemies":"Jaw Worm","floor":5,"turns":4},{"damage":9,"enemies":"Lagavulin","floor":7,"turns":10},{"damage":9,"enemies":"Blue Slaver","floor":8,"turns":5},{"damage":6,"enemies":"Gremlin Gang","floor":10,"turns":5},{"damage":47,"enemies":"Gremlin Nob","floor":12,"turns":5}],"seed_played":"8396529213528622326","potions_obtained":[{"floor":2,"key":"Swift Potion"},{"floor":5,"key":"PowerPotion"},{"floor":10,"key":"Explosive Potion"}],"is_trial":false,"path_per_floor":["M","M","$","T","M","R","E","M","T","M","R","E"],"character_chosen":"THE_SILENT","items_purchased":["Noxious Fumes"],"campfire_rested":0,"item_purchase_floors":[3],"current_hp_per_floor":[66,66,66,66,66,66,57,48,48,42,42,0],"gold":134,"neow_bonus":"RANDOM_COMMON_RELIC","is_prod":false,"is_daily":false,"chose_seed":false,"campfire_upgraded":2,"win_rate":0,"timestamp":1541933673,"path_taken":["M","M","$","?","?","R","E","M","T","M","R","E"],"build_version":"2018-11-08","purchased_purges":1,"victory":false,"max_hp_per_floor":[70,70,70,70,70,70,70,70,70,70,70,70],"card_choices":[{"not_picked":["Dagger Throw","Skewer"],"picked":"Leg Sweep","floor":1},{"not_picked":["Dagger Throw","Expertise"],"picked":"Outmaneuver","floor":2},{"not_picked":["Concentrate","Caltrops"],"picked":"Skewer","floor":5},{"not_picked":["Expertise","Cloak And Dagger"],"picked":"Quick Slash","floor":7},{"not_picked":["Leg Sweep","Bane"],"picked":"Deflect","floor":8},{"not_picked":["Crippling Poison","Dagger Throw"],"picked":"Burst","floor":10}],"player_experience":288119,"relics_obtained":[{"floor":4,"key":"Snake Skull"},{"floor":7,"key":"Kunai"},{"floor":9,"key":"War Paint"}],"event_choices":[],"is_beta":false,"boss_relics":[],"items_purged_floors":[3],"is_endless":false,"potions_floor_spawned":[2,5,10],"killed_by":"Gremlin Nob","ascension_level":0}