{"gold_per_floor":[116,116,15,15,33,60,60,94,118,134,134,156,156,183,183,285,285,300,284,284,302,302,302,159,159,182,25,37,37,49,49,49,147,147,166,126,143,159,159,159,176,176,200,79,95,115,130,92,92,92],"floor_reached":50,"playtime":3019,"items_purged":["Shame"],"score":778,"play_id":"e6087398-d935-4e52-9730-026865d96cb5","local_time":"20190224174213","is_ascension_mode":true,"campfire_choices":[{"data":"Uppercut","floor":7.0,"key":"SMITH"},{"data":"Metallicize","floor":13.0,"key":"SMITH"},{"data":"Bash","floor":15.0,"key":"SMITH"},{"data":"Demon Form","floor":23.0,"key":"SMITH"},{"data":"Seeing Red","floor":25.0,"key":"SMITH"},{"data":"Infernal Blade","floor":29,"key":"SMITH"},{"data":"Shrug It Off","floor":32,"key":"SMITH"},{"floor":40,"key":"REST"},{"data":"Armaments","floor":42,"key":"SMITH"},{"floor":49,"key":"REST"}],"neow_cost":"NONE","seed_source_timestamp":0,"circlet_count":0,"master_deck":["AscendersBane","Strike_R","Strike_R","Strike_R","Strike_R","Defend_R","Defend_R","Defend_R","Defend_R","Bash+1","Seeing Red+1","Headbutt","Metallicize+1","Uppercut+1","Feed+1","Feed","Infernal Blade+1","Shrug It Off","Dropkick","Demon Form+1","Shrug It Off+1","True Grit+1","Armaments+1","Armaments+1","Cleave","Clothesline+1","Metallicize"],"special_seed":0,"relics":["Burning Blood","NeowsBlessing","Anchor","Centennial Puzzle","Red Skull","Lantern","Odd Mushroom","Art of War","Busted Crown","Bag of Preparation","Regal Pillow","Ancient Tea Set","Oddly Smooth Stone","Potion Belt","Sozu","PreservedInsect"],"potions_floor_usage":[33,46],"damage_taken":[{"damage":0.0,"enemies":"2 Louse","floor":1.0,"turns":1.0},{"damage":0.0,"enemies":"Small Slimes","floor":5.0,"turns":1.0},{"damage":0.0,"enemies":"Gremlin Nob","floor":6.0,"turns":1.0},{"damage":19.0,"enemies":"Lagavulin","floor":8.0,"turns":5.0},{"damage":4.0,"enemies":"Cultist","floor":10.0,"turns":4.0},{"damage":1.0,"enemies":"The Mushroom Lair","floor":12.0,"turns":3.0},{"damage":12.0,"enemies":"Gremlin Nob","floor":14.0,"turns":3.0},{"damage":19.0,"enemies":"The Guardian","floor":16.0,"turns":15.0},{"damage":12.0,"enemies":"3 Byrds","floor":18.0,"turns":6.0},{"damage":8.0,"enemies":"2 Thieves","floor":19.0,"turns":4.0},{"damage":22.0,"enemies":"Masked Bandits","floor":20.0,"turns":3.0},{"damage":30.0,"enemies":"Sentry and Sphere","floor":21.0,"turns":5.0},{"damage":3.0,"enemies":"Cultist and Chosen","floor":28.0,"turns":5.0},{"damage":6,"enemies":"Snecko","floor":30,"turns":5},{"damage":65,"enemies":"Collector","floor":33,"turns":10},{"damage":11,"enemies":"3 Shapes","floor":35,"turns":6},{"damage":24,"enemies":"3 Darklings","floor":37,"turns":6},{"damage":65,"enemies":"Writhing Mass","floor":38,"turns":6},{"damage":22,"enemies":"4 Shapes","floor":41,"turns":6},{"damage":0,"enemies":"Jaw Worm Horde","floor":45,"turns":4},{"damage":33,"enemies":"3 Darklings","floor":46,"turns":3},{"damage":37,"enemies":"Sphere and 2 Shapes","floor":47,"turns":6},{"damage":77,"enemies":"Donu and Deca","floor":50,"turns":8}],"seed_played":"5698827948573039440","potions_obtained":[{"floor":1.0,"key":"SmokeBomb"},{"floor":4.0,"key":"LiquidBronze"},{"floor":4.0,"key":"FairyPotion"},{"floor":4.0,"key":"SteroidPotion"},{"floor":10.0,"key":"Fire Potion"},{"floor":14.0,"key":"Swift Potion"},{"floor":19.0,"key":"Dexterity Potion"},{"floor":33,"key":"Explosive Potion"}],"is_trial":false,"path_per_floor":["M","?","$","?","M","E","R","E","T","M","?","?","R","E","R","B",null,"M","M","?","M","T","R","$","R","T","$","M","R","M","?","R","B",null,"M","?","M","M","?","R","M","R","T","$","M","M","M","$","R","B"],"character_chosen":"IRONCLAD","items_purchased":["Headbutt","Metallicize","Regal Pillow","Oddly Smooth Stone","Cleave","Metallicize"],"campfire_rested":2,"item_purchase_floors":[3,3,24,27,44,48],"current_hp_per_floor":[78,71,71,71,77,80,80,67,67,72,69,80,80,77,77,67,88,88,89,76,55,55,55,55,55,55,55,64,64,64,64,64,20,94,92,92,74,15,15,66,57,57,57,57,67,40,17,17,74,0],"gold":92,"neow_bonus":"THREE_ENEMY_KILL","is_prod":false,"is_daily":false,"chose_seed":false,"campfire_upgraded":8,"win_rate":0,"timestamp":1551026533,"path_taken":["M","?","$","?","?","E","R","E","T","M","?","?","R","E","R","BOSS","M","M","?","M","?","R","$","R","T","$","M","R","M","?","R","BOSS","M","?","?","M","?","R","?","R","T","$","M","M","M","$","R","BOSS"],"build_version":"2019-01-23","purchased_purges":1,"victory":false,"max_hp_per_floor":[80,80,80,80,80,80,80,80,80,83,83,89,89,92,92,95,95,101,104,107,110,110,110,110,110,110,110,116,116,116,116,116,119,119,122,122,122,122,122,122,129,129,129,129,133,133,141,141,141,141],"card_choices":[{"not_picked":["Havoc","Clash"],"picked":"Seeing Red","floor":1.0},{"not_picked":["Wild Strike","Seeing Red"],"picked":"Uppercut","floor":5.0},{"not_picked":["Clothesline","Iron Wave"],"picked":"Feed","floor":6.0},{"not_picked":["Armaments","Inflame"],"picked":"Feed","floor":8.0},{"not_picked":["Burning Pact","Iron Wave"],"picked":"Infernal Blade","floor":10.0},{"not_picked":["Cleave","Clothesline"],"picked":"Shrug It Off","floor":12.0},{"not_picked":["Heavy Blade","Dual Wield"],"picked":"Dropkick","floor":14.0},{"not_picked":["Feed","Bludgeon"],"picked":"Demon Form","floor":16.0},{"not_picked":[],"picked":"Shrug It Off","floor":18.0},{"not_picked":["Flex"],"picked":"SKIP","floor":19.0},{"not_picked":["Evolve"],"picked":"SKIP","floor":21.0},{"not_picked":["Pommel Strike"],"picked":"SKIP","floor":28},{"not_picked":["Dual Wield"],"picked":"SKIP","floor":30},{"not_picked":["Perfected Strike+1"],"picked":"SKIP","floor":35},{"not_picked":[],"picked":"True Grit+1","floor":37},{"not_picked":[],"picked":"Armaments+1","floor":38},{"not_picked":[],"picked":"Armaments","floor":41},{"not_picked":[],"picked":"Clothesline+1","floor":45},{"not_picked":["Clothesline"],"picked":"SKIP","floor":46},{"not_picked":["Clothesline+1"],"picked":"SKIP","floor":47}],"player_experience":758657,"relics_obtained":[{"floor":6.0,"key":"Anchor"},{"floor":8.0,"key":"Centennial Puzzle"},{"floor":9.0,"key":"Red Skull"},{"floor":12.0,"key":"Odd Mushroom"},{"floor":14.0,"key":"Art of War"},{"floor":22.0,"key":"Bag of Preparation"},{"floor":26.0,"key":"Ancient Tea Set"},{"floor":43,"key":"PreservedInsect"}],"event_choices":[{"cards_removed":["Strike_R"],"damage_healed":0.0,"max_hp_gain":0.0,"max_hp_loss":0.0,"gold_gain":0.0,"event_name":"Golden Wing","player_choice":"Card Removal","floor":2.0,"gold_loss":0.0,"damage_taken":7.0},{"damage_healed":0.0,"max_hp_gain":0.0,"max_hp_loss":0.0,"gold_gain":0.0,"event_name":"Lab","player_choice":"Got Potions","floor":4.0,"gold_loss":0.0,"damage_taken":0.0},{"damage_healed":0.0,"max_hp_gain":0.0,"max_hp_loss":0.0,"gold_gain":0.0,"event_name":"Scrap Ooze","player_choice":"Success","floor":11.0,"gold_loss":0.0,"damage_taken":3.0,"relics_obtained":["Lantern"]},{"damage_healed":0.0,"max_hp_gain":0.0,"max_hp_loss":0.0,"gold_gain":0.0,"event_name":"Mushrooms","player_choice":"Fought Mushrooms","floor":12.0,"gold_loss":0.0,"damage_taken":0.0},{"damage_healed":0.0,"max_hp_gain":0.0,"max_hp_loss":0.0,"gold_gain":0.0,"event_name":"Masked Bandits","player_choice":"Fought Bandits","floor":20.0,"gold_loss":0.0,"damage_taken":0.0},{"damage_healed":0,"gold_gain":0,"player_choice":"Stole Relic","damage_taken":0,"relics_obtained":["Potion Belt"],"max_hp_gain":0,"max_hp_loss":0,"event_name":"Addict","floor":31,"gold_loss":0,"cards_obtained":["Shame"]},{"damage_healed":0,"gold_gain":0,"player_choice":"Bought 3 Potions","damage_taken":0,"max_hp_gain":0,"max_hp_loss":0,"event_name":"The Woman in Blue","floor":36,"gold_loss":0},{"damage_healed":0,"gold_gain":0,"player_choice":"Upgraded","damage_taken":0,"max_hp_gain":0,"max_hp_loss":0,"event_name":"Upgrade Shrine","floor":39,"gold_loss":0,"cards_upgraded":["Feed"]}],"is_beta":false,"boss_relics":[{"not_picked":["Coffee Dripper","Orrery"],"picked":"Busted Crown"},{"not_picked":["Mark of Pain","Philosopher\u0027s Stone"],"picked":"Sozu"}],"items_purged_floors":[44],"is_endless":false,"potions_floor_spawned":[1,10,14,19,33,41,46,47],"killed_by":"Donu and Deca","ascension_level":10}