{"gold_per_floor":[111,126,138,138,138,138,138,178,178,193,193],"floor_reached":11,"playtime":553,"items_purged":[],"score":113,"play_id":"bfbbb62e-2ee7-463d-81f5-6e95ee4841a7","local_time":"20190208200423","is_ascension_mode":true,"campfire_choices":[{"data":"Caltrops","floor":6,"key":"SMITH"}],"neow_cost":"NONE","seed_source_timestamp":460493132142922,"circlet_count":0,"master_deck":["AscendersBane","Defend_G","Defend_G","Defend_G+1","Defend_G","Defend_G","Strike_G","Strike_G","Strike_G","Strike_G","Survivor+1","Neutralize+1","Dagger Spray","Caltrops+1","Poisoned Stab","Injury","Malaise","Deep Breath","Footwork","Flying Knee"],"relics":["Ring of the Snake","Golden Idol","Bottled Tornado","War Paint"],"potions_floor_usage":[8,10],"damage_taken":[{"damage":4,"enemies":"Jaw Worm","floor":1,"turns":9},{"damage":0,"enemies":"2 Louse","floor":2,"turns":3},{"damage":2,"enemies":"Cultist","floor":3,"turns":4},{"damage":47,"enemies":"3 Sentries","floor":8,"turns":14},{"damage":0,"enemies":"Lots of Slimes","floor":10,"turns":1},{"damage":7,"enemies":"Exordium Thugs","floor":11,"turns":1}],"seed_played":"6544727745983087084","potions_obtained":[{"floor":3,"key":"Dexterity Potion"},{"floor":8,"key":"PowerPotion"}],"is_trial":false,"path_per_floor":["M","M","M","?","?","R","?","E","T","M","M"],"character_chosen":"THE_SILENT","items_purchased":[],"campfire_rested":0,"item_purchase_floors":[],"current_hp_per_floor":[59,59,57,50,50,50,50,3,3,3,0],"gold":193,"neow_bonus":"UPGRADE_CARD","is_prod":false,"is_daily":false,"chose_seed":false,"campfire_upgraded":1,"win_rate":0,"timestamp":1549652663,"path_taken":["M","M","M","?","?","R","?","E","T","?","?"],"build_version":"2019-01-23","purchased_purges":0,"victory":false,"max_hp_per_floor":[70,70,70,70,70,70,70,70,70,70,70],"card_choices":[{"not_picked":["Slice","Leg Sweep"],"picked":"Dagger Spray","floor":1},{"not_picked":["Poisoned Stab","Underhanded Strike"],"picked":"Caltrops","floor":2},{"not_picked":["Expertise","Bane"],"picked":"Poisoned Stab","floor":3},{"not_picked":["Sucker Punch","Deadly Poison"],"picked":"Footwork","floor":8},{"not_picked":["Tactician","Tools of the Trade"],"picked":"Flying Knee","floor":10}],"player_experience":596381,"relics_obtained":[{"floor":8,"key":"Bottled Tornado"},{"floor":9,"key":"War Paint"}],"event_choices":[{"cards_removed":["Strike_G"],"damage_healed":0,"gold_gain":0,"player_choice":"Card Removal","damage_taken":7,"max_hp_gain":0,"max_hp_loss":0,"event_name":"Golden Wing","floor":4,"gold_loss":0},{"damage_healed":0,"gold_gain":0,"player_choice":"Take Wound","damage_taken":0,"relics_obtained":["Golden Idol"],"max_hp_gain":0,"max_hp_loss":0,"event_name":"Golden Idol","floor":5,"gold_loss":0,"cards_obtained":["Injury"]},{"damage_healed":0,"gold_gain":0,"player_choice":"2 cards matched","damage_taken":0,"max_hp_gain":0,"max_hp_loss":0,"event_name":"Match and Keep!","floor":7,"gold_loss":0,"cards_obtained":["Malaise","Deep Breath"]}],"is_beta":false,"boss_relics":[],"items_purged_floors":[],"is_endless":false,"potions_floor_spawned":[3,8],"killed_by":"Exordium Thugs","ascension_level":11}