{"gold_per_floor":[110,124,134,34,4,4,20,20,94,94,110,10,10,10,10,110,110,126,96,49,64,64,64,97,97,97,117,117,131,131,148,148,247,247,257,257,283,283,44,44,64,396,419,435,435,435,2,18,18,18],"floor_reached":50,"playtime":4924,"items_purged":["Strike_G","Defend_G","Writhe"],"score":729,"play_id":"46f43c9d-f9ca-4799-b6ed-74145058bd85","local_time":"20190119103115","is_ascension_mode":true,"campfire_choices":[{"data":"Footwork","floor":6.0,"key":"SMITH"},{"data":"Neutralize","floor":8.0,"key":"SMITH"},{"data":"Cloak And Dagger","floor":15.0,"key":"SMITH"},{"data":"Tools of the Trade","floor":23.0,"key":"SMITH"},{"data":"Dodge and Roll","floor":25.0,"key":"SMITH"},{"floor":30.0,"key":"REST"},{"data":"Backflip","floor":32.0,"key":"SMITH"},{"data":"Footwork","floor":40.0,"key":"SMITH"},{"data":"Envenom","floor":45,"key":"SMITH"},{"data":"Adrenaline","floor":49,"key":"SMITH"}],"neow_cost":"NONE","seed_source_timestamp":0,"circlet_count":0,"master_deck":["Defend_G+1","Defend_G+1","Defend_G+1","Defend_G+1","Strike_G+1","Strike_G+1","Strike_G+1","Survivor+1","Neutralize+1","Poisoned Stab+1","Escape Plan+1","Footwork+1","Dodge and Roll+1","Flying Knee+1","Cloak And Dagger+1","Predator+1","Tools of the Trade+1","Flying Knee+1","PiercingWail+1","Bane+1","Backflip+1","Backflip+1","Envenom+1","Heel Hook+1","Finesse+1","Footwork+1","Backflip+1","Heel Hook+1","Flying Knee+1","Well Laid Plans","Reflex","Adrenaline+1"],"special_seed":0,"relics":["Ring of the Snake","Orichalcum","Paper Crane","Oddly Smooth Stone","Eternal Feather","Nilry\u0027s Codex","Bag of Marbles","Potion Belt","Cursed Key","Omamori","Old Coin","PreservedInsect","Mark of the Bloom","Bottled Tornado"],"potions_floor_usage":[44,48,50],"damage_taken":[{"damage":0.0,"enemies":"Cultist","floor":1.0,"turns":4.0},{"damage":0.0,"enemies":"Jaw Worm","floor":2.0,"turns":3.0},{"damage":0.0,"enemies":"2 Louse","floor":3.0,"turns":3.0},{"damage":0.0,"enemies":"Looter","floor":5.0,"turns":4.0},{"damage":0.0,"enemies":"Red Slaver","floor":7.0,"turns":5.0},{"damage":0.0,"enemies":"3 Louse","floor":11.0,"turns":6.0},{"damage":13.0,"enemies":"Hexaghost","floor":16.0,"turns":15.0},{"damage":0.0,"enemies":"3 Byrds","floor":18.0,"turns":10.0},{"damage":3.0,"enemies":"Chosen","floor":21.0,"turns":7.0},{"damage":18.0,"enemies":"Slavers","floor":24.0,"turns":4.0},{"damage":11.0,"enemies":"Snecko","floor":27.0,"turns":8.0},{"damage":14.0,"enemies":"Cultist and Chosen","floor":29.0,"turns":9.0},{"damage":14.0,"enemies":"3 Cultists","floor":31.0,"turns":7.0},{"damage":4.0,"enemies":"Champ","floor":33.0,"turns":21.0},{"damage":15.0,"enemies":"3 Darklings","floor":35.0,"turns":8.0},{"damage":16.0,"enemies":"3 Shapes","floor":41.0,"turns":5.0},{"damage":0.0,"enemies":"Reptomancer","floor":42.0,"turns":12.0},{"damage":22,"enemies":"Transient","floor":44,"turns":5},{"damage":11,"enemies":"3 Darklings","floor":48,"turns":6},{"damage":76,"enemies":"Awakened One","floor":50,"turns":11}],"seed_played":"3840726645383247961","potions_obtained":[{"floor":1.0,"key":"GhostInAJar"},{"floor":3.0,"key":"LiquidBronze"},{"floor":7.0,"key":"FearPotion"},{"floor":16.0,"key":"Block Potion"},{"floor":18.0,"key":"Dexterity Potion"},{"floor":19.0,"key":"Swift Potion"},{"floor":19.0,"key":"EssenceOfSteel"},{"floor":21.0,"key":"Poison Potion"},{"floor":24.0,"key":"SpeedPotion"},{"floor":31.0,"key":"Ancient Potion"},{"floor":33.0,"key":"PowerPotion"},{"floor":35.0,"key":"Regen Potion"},{"floor":41.0,"key":"Fire Potion"},{"floor":42.0,"key":"SpeedPotion"},{"floor":44,"key":"Poison Potion"}],"is_trial":false,"path_per_floor":["M","M","M","$","M","R","M","R","T","?","M","$","?","$","R","B",null,"M","?","$","M","?","R","E","R","T","M","?","M","R","M","R","B",null,"M","?","T","?","$","R","M","E","T","M","R","?","$","M","R","B"],"character_chosen":"THE_SILENT","items_purchased":["Dodge and Roll","PiercingWail","Footwork","Backflip","Well Laid Plans","Reflex","Bottled Tornado","LiquidBronze"],"campfire_rested":1,"item_purchase_floors":[4,20,39,39,47,47,47,47],"current_hp_per_floor":[63,63,63,63,63,63,63,63,63,63,63,63,63,63,63,50,65,65,65,65,62,46,58,40,52,52,41,41,27,60,46,58,54,66,51,51,51,51,51,66,50,65,65,43,58,58,58,47,47,0],"gold":18,"neow_bonus":"RANDOM_COMMON_RELIC","is_prod":false,"is_daily":false,"chose_seed":false,"campfire_upgraded":9,"win_rate":0,"timestamp":1547890275,"path_taken":["M","M","M","$","?","R","M","R","T","?","M","$","?","$","R","BOSS","M","?","$","?","?","R","E","R","T","M","?","M","R","?","R","BOSS","M","?","?","?","$","R","M","E","T","?","R","?","$","M","R","BOSS"],"build_version":"2019-01-17v2","purchased_purges":3,"victory":false,"max_hp_per_floor":[70,70,70,70,70,70,70,70,70,70,70,70,70,70,70,70,70,70,70,70,70,70,70,70,70,70,70,70,70,70,70,70,70,70,70,70,70,70,70,70,70,70,70,70,70,70,70,70,70,70],"card_choices":[{"not_picked":["Well Laid Plans","Accuracy"],"picked":"Poisoned Stab","floor":1.0},{"not_picked":["Infinite Blades","Acrobatics"],"picked":"Escape Plan","floor":2.0},{"not_picked":["Endless Agony","All Out Attack"],"picked":"Footwork","floor":3.0},{"not_picked":["Poisoned Stab","Underhanded Strike"],"picked":"Flying Knee","floor":5.0},{"not_picked":["Riddle With Holes","Escape Plan"],"picked":"Cloak And Dagger","floor":7.0},{"not_picked":["Quick Slash","Deadly Poison"],"picked":"Predator","floor":11.0},{"not_picked":["Storm of Steel","Bullet Time"],"picked":"Tools of the Trade","floor":16.0},{"not_picked":["Prepared","Crippling Poison"],"picked":"Flying Knee","floor":18.0},{"not_picked":["Slice","Expertise+1","Tools of the Trade"],"picked":"SKIP","floor":21.0},{"not_picked":["Slice","PiercingWail"],"picked":"Bane+1","floor":24.0},{"not_picked":["Deflect","PiercingWail"],"picked":"Backflip","floor":27.0},{"not_picked":["Bane+1","Poisoned Stab+1","Quick Slash+1"],"picked":"SKIP","floor":29.0},{"not_picked":["Masterful Stab","Bane"],"picked":"Backflip","floor":31.0},{"not_picked":["Glass Knife","Night Terror"],"picked":"Envenom","floor":33.0},{"not_picked":["Distraction+1","Quick Slash+1"],"picked":"Heel Hook+1","floor":35.0},{"not_picked":["Dark Shackles","HandOfGreed"],"picked":"Finesse","floor":38.0},{"not_picked":["Bane","Infinite Blades","Blade Dance+1"],"picked":"SKIP","floor":41.0},{"not_picked":["Bane","Infinite Blades","Blade Dance+1"],"picked":"SKIP","floor":41.0},{"not_picked":["Underhanded Strike","Accuracy+1"],"picked":"Heel Hook+1","floor":42.0},{"not_picked":["Prepared+1","Outmaneuver+1"],"picked":"Flying Knee","floor":44},{"not_picked":["Dagger Throw","Backflip"],"picked":"Adrenaline","floor":48}],"player_experience":528274,"relics_obtained":[{"floor":9.0,"key":"Paper Crane"},{"floor":22.0,"key":"Nilry\u0027s Codex"},{"floor":24.0,"key":"Bag of Marbles"},{"floor":26.0,"key":"Potion Belt"},{"floor":37.0,"key":"Omamori"},{"floor":42.0,"key":"Old Coin"},{"floor":43.0,"key":"PreservedInsect"}],"event_choices":[{"damage_healed":0.0,"max_hp_gain":0.0,"max_hp_loss":0.0,"gold_gain":0.0,"event_name":"Liars Game","player_choice":"Ignored","floor":10.0,"gold_loss":0.0,"damage_taken":0.0},{"damage_healed":0.0,"max_hp_gain":0.0,"max_hp_loss":0.0,"gold_gain":0.0,"event_name":"Dead Adventurer","player_choice":"Searched \u00271\u0027 times","floor":13.0,"gold_loss":0.0,"damage_taken":0.0,"relics_obtained":["Oddly Smooth Stone"]},{"damage_healed":0.0,"max_hp_gain":0.0,"max_hp_loss":0.0,"gold_gain":0.0,"event_name":"The Woman in Blue","player_choice":"Bought 2 Potions","floor":19.0,"gold_loss":0.0,"damage_taken":0.0},{"damage_healed":0.0,"max_hp_gain":0.0,"max_hp_loss":0.0,"gold_gain":0.0,"event_name":"Cursed Tome","player_choice":"Obtained Book","floor":22.0,"gold_loss":0.0,"damage_taken":16.0},{"cards_removed":["Strike_G"],"damage_healed":0.0,"max_hp_gain":0.0,"max_hp_loss":0.0,"gold_gain":0.0,"event_name":"Wheel of Change","player_choice":"Card Removal","floor":28.0,"gold_loss":0.0,"damage_taken":0.0},{"damage_healed":0.0,"max_hp_gain":0.0,"max_hp_loss":0.0,"gold_gain":0.0,"event_name":"Tomb of Lord Red Mask","player_choice":"Ignored","floor":36.0,"gold_loss":0.0,"damage_taken":0.0},{"damage_healed":0.0,"max_hp_gain":0.0,"max_hp_loss":0.0,"gold_gain":0.0,"event_name":"SensoryStone","player_choice":"Memory 1","floor":38.0,"gold_loss":0.0,"damage_taken":0.0},{"damage_healed":0,"gold_gain":0,"player_choice":"Upgrade","damage_taken":0,"relics_obtained":["Mark of the Bloom"],"max_hp_gain":0,"max_hp_loss":0,"event_name":"MindBloom","floor":46,"gold_loss":0,"cards_upgraded":["Defend_G","Defend_G","Defend_G","Defend_G","Strike_G","Strike_G","Strike_G","Survivor","Poisoned Stab","Escape Plan","Flying Knee","Predator","Flying Knee","PiercingWail","Backflip","Finesse","Backflip","Flying Knee"]}],"is_beta":false,"boss_relics":[{"not_picked":["Tiny House","HoveringKite"],"picked":"Eternal Feather"},{"not_picked":["White Beast Statue","WristBlade"],"picked":"Cursed Key"}],"items_purged_floors":[4,12,39],"is_endless":false,"potions_floor_spawned":[1,3,7,16,18,21,24,31,33,35,41,42,44],"killed_by":"Awakened One","ascension_level":9}