{"gold_per_floor":[116,127,138,138,158,158,191,191,191,191],"floor_reached":10,"playtime":380,"items_purged":[],"score":102,"play_id":"f8ea0d1f-ba61-45d4-8858-e08b7845b524","local_time":"20190225184720","is_ascension_mode":true,"campfire_choices":[{"data":"Uppercut","floor":6,"key":"SMITH"},{"data":"Feed","floor":8,"key":"SMITH"}],"neow_cost":"NONE","seed_source_timestamp":93556474297340,"circlet_count":0,"master_deck":["AscendersBane","Strike_R","Strike_R","Strike_R","Strike_R","Strike_R","Defend_R","Defend_R","Defend_R","Defend_R","Bash","Feel No Pain","Clothesline","Sword Boomerang","Uppercut+1","Headbutt","Feed+1"],"relics":["Burning Blood","Golden Idol","Smiling Mask","Art of War"],"potions_floor_usage":[5,7],"damage_taken":[{"damage":18,"enemies":"Jaw Worm","floor":1,"turns":4},{"damage":4,"enemies":"Small Slimes","floor":2,"turns":4},{"damage":0,"enemies":"2 Louse","floor":3,"turns":2},{"damage":11,"enemies":"2 Fungi Beasts","floor":5,"turns":4},{"damage":31,"enemies":"3 Sentries","floor":7,"turns":7},{"damage":46,"enemies":"Lagavulin","floor":10,"turns":8}],"seed_played":"2812494538856524987","potions_obtained":[{"floor":3,"key":"EssenceOfSteel"},{"floor":5,"key":"AttackPotion"}],"is_trial":false,"path_per_floor":["M","M","M","?","M","R","E","R","T","E"],"character_chosen":"IRONCLAD","items_purchased":[],"campfire_rested":0,"item_purchase_floors":[],"current_hp_per_floor":[60,62,68,68,63,63,38,38,38,0],"gold":191,"neow_bonus":"THREE_CARDS","is_prod":false,"is_daily":false,"chose_seed":false,"campfire_upgraded":2,"win_rate":0,"timestamp":1551116840,"path_taken":["M","M","M","?","M","R","E","R","T","E"],"build_version":"2019-01-23","purchased_purges":0,"victory":false,"max_hp_per_floor":[80,80,80,74,74,74,74,74,74,74],"card_choices":[{"not_picked":["Heavy Blade","Havoc"],"picked":"Feel No Pain","floor":0},{"not_picked":["Shrug It Off","Iron Wave"],"picked":"Clothesline","floor":1},{"not_picked":["Havoc","Second Wind"],"picked":"Sword Boomerang","floor":2},{"not_picked":["Wild Strike","Shockwave"],"picked":"Uppercut","floor":3},{"not_picked":["Iron Wave","Clothesline"],"picked":"Headbutt","floor":5},{"not_picked":["Rage","Spot Weakness"],"picked":"Feed","floor":7}],"player_experience":766633,"relics_obtained":[{"floor":7,"key":"Smiling Mask"},{"floor":9,"key":"Art of War"}],"event_choices":[{"damage_healed":0,"gold_gain":0,"player_choice":"Lose Max HP","damage_taken":0,"relics_obtained":["Golden Idol"],"max_hp_gain":0,"max_hp_loss":6,"event_name":"Golden Idol","floor":4,"gold_loss":0}],"is_beta":false,"boss_relics":[],"items_purged_floors":[],"is_endless":false,"potions_floor_spawned":[3,5],"killed_by":"Lagavulin","ascension_level":10}