{"gold_per_floor":[217,26,26,42,56,56,91,91,114,114,144,19,35,110,110,184,184,168,181,0],"floor_reached":20,"playtime":2657,"items_purged":[],"score":292,"play_id":"bc102082-0534-4339-b2f1-43fd816e0d64","local_time":"20190221202922","is_ascension_mode":true,"campfire_choices":[{"data":"Neutralize","floor":6,"key":"SMITH"},{"data":"Dash","floor":8,"key":"SMITH"},{"floor":10,"key":"REST"},{"floor":15,"key":"REST"}],"neow_cost":"NONE","seed_source_timestamp":352908185963815,"circlet_count":0,"master_deck":["AscendersBane","Defend_G+1","Defend_G","Strike_G","Strike_G+1","Strike_G+1","Strike_G","Strike_G","Survivor","Neutralize+1","Dagger Spray","Dash+1","Cloak And Dagger","Deadly Poison+1","Blur","Bane","Noxious Fumes","Acrobatics","A Thousand Cuts","Eviscerate+1","Flechettes+1","Flechettes+1","All Out Attack"],"relics":["Ring of the Snake","Art of War","Happy Flower","War Paint","Odd Mushroom","Astrolabe"],"potions_floor_usage":[7],"damage_taken":[{"damage":1,"enemies":"2 Louse","floor":1,"turns":6},{"damage":0,"enemies":"Small Slimes","floor":4,"turns":2},{"damage":0,"enemies":"Cultist","floor":5,"turns":3},{"damage":14,"enemies":"Gremlin Nob","floor":7,"turns":4},{"damage":5,"enemies":"The Mushroom Lair","floor":11,"turns":5},{"damage":0,"enemies":"Looter","floor":13,"turns":2},{"damage":27,"enemies":"Hexaghost","floor":16,"turns":10},{"damage":19,"enemies":"2 Thieves","floor":18,"turns":4},{"damage":18,"enemies":"Chosen","floor":19,"turns":5},{"damage":0,"enemies":"Chosen","floor":20,"turns":1}],"seed_played":"-2781125265617450169","potions_obtained":[{"floor":4,"key":"AttackPotion"},{"floor":7,"key":"Strength Potion"}],"is_trial":false,"path_per_floor":["M","$","?","M","M","R","E","R","T","R","?","$","M","?","R","B",null,"M","M","?"],"character_chosen":"THE_SILENT","items_purchased":["Dash","Art of War","Noxious Fumes","PowerPotion"],"campfire_rested":2,"item_purchase_floors":[2,2,12,12],"current_hp_per_floor":[58,58,45,45,45,45,31,31,31,50,45,45,45,34,53,26,56,37,19,19],"gold":0,"neow_bonus":"HUNDRED_GOLD","is_prod":false,"is_daily":false,"chose_seed":false,"campfire_upgraded":2,"win_rate":0,"timestamp":1550777362,"path_taken":["M","$","?","M","M","R","E","R","T","R","?","$","M","?","R","BOSS","M","M","?"],"build_version":"2019-01-23","purchased_purges":0,"victory":false,"max_hp_per_floor":[66,66,66,66,66,66,66,66,66,66,66,66,66,66,66,66,66,66,66,66],"card_choices":[{"not_picked":["Cloak And Dagger","Setup"],"picked":"Dagger Spray","floor":1},{"not_picked":["Eviscerate","Sucker Punch"],"picked":"Cloak And Dagger","floor":4},{"not_picked":["Dagger Spray","Prepared"],"picked":"Deadly Poison","floor":5},{"not_picked":["Predator","Storm of Steel"],"picked":"Blur","floor":7},{"not_picked":["Prepared","Accuracy"],"picked":"Bane","floor":11},{"not_picked":["Accuracy","Dagger Spray"],"picked":"Acrobatics","floor":13},{"not_picked":["Malaise","Glass Knife"],"picked":"A Thousand Cuts","floor":16},{"not_picked":["Choke","Prepared"],"picked":"All Out Attack","floor":18},{"not_picked":["Dagger Spray","Outmaneuver","Poisoned Stab"],"picked":"SKIP","floor":19}],"player_experience":703180,"relics_obtained":[{"floor":7,"key":"Happy Flower"},{"floor":9,"key":"War Paint"},{"floor":11,"key":"Odd Mushroom"}],"event_choices":[{"damage_healed":0,"gold_gain":0,"player_choice":"Entered Light","damage_taken":13,"max_hp_gain":0,"max_hp_loss":0,"event_name":"Shining Light","floor":3,"gold_loss":0,"cards_upgraded":["Strike_G","Strike_G"]},{"damage_healed":0,"gold_gain":0,"player_choice":"Fought Mushrooms","damage_taken":0,"max_hp_gain":0,"max_hp_loss":0,"event_name":"Mushrooms","floor":11,"gold_loss":0},{"damage_healed":0,"gold_gain":75,"player_choice":"Gather Gold","damage_taken":11,"max_hp_gain":0,"max_hp_loss":0,"event_name":"World of Goop","floor":14,"gold_loss":0},{"damage_healed":0,"gold_gain":0,"player_choice":"Paid Fearfully","damage_taken":0,"max_hp_gain":0,"max_hp_loss":0,"event_name":"Masked Bandits","floor":20,"gold_loss":181}],"is_beta":false,"boss_relics":[{"not_picked":["Snecko Eye","Eternal Feather"],"picked":"Astrolabe"}],"items_purged_floors":[],"is_endless":false,"potions_floor_spawned":[4,7,13,18],"killed_by":"Chosen","ascension_level":14}