{"gold_per_floor":[113,131,51,61,72,72,403,403,475,475,475,502,512,512,512,612,612,629,544,456,470,486,497,497],"floor_reached":24,"playtime":1139,"items_purged":["Strike_G"],"score":260,"play_id":"361eb3f2-537c-4747-a8f5-faa9661dcf00","local_time":"20181219201407","is_ascension_mode":true,"campfire_choices":[{"data":"Neutralize","floor":6,"key":"SMITH"},{"data":"Footwork","floor":8,"key":"SMITH"},{"data":"Cloak And Dagger","floor":10,"key":"SMITH"},{"data":"Sucker Punch","floor":15,"key":"SMITH"}],"neow_cost":"NONE","seed_source_timestamp":256153622997718,"circlet_count":0,"master_deck":["Defend_G","Defend_G","Defend_G","Defend_G","Defend_G","Strike_G","Strike_G","Strike_G","Strike_G","Survivor","Neutralize+1","Flying Knee","Flying Knee","Flying Knee","Footwork+1","Dodge and Roll","Sucker Punch+1","Cloak And Dagger+1","Die Die Die","Envenom","Noxious Fumes+1","Caltrops","Terror","Deflect"],"relics":["Ring of the Snake","Old Coin","Ninja Scroll","Smiling Mask","Cursed Key","Boot"],"potions_floor_usage":[16,21,22,22,22,22],"damage_taken":[{"damage":0,"enemies":"Jaw Worm","floor":1,"turns":5},{"damage":0,"enemies":"2 Louse","floor":2,"turns":4},{"damage":3,"enemies":"Small Slimes","floor":4,"turns":4},{"damage":3,"enemies":"2 Fungi Beasts","floor":5,"turns":4},{"damage":21,"enemies":"Lagavulin","floor":7,"turns":8},{"damage":4,"enemies":"3 Sentries","floor":12,"turns":9},{"damage":9,"enemies":"Exordium Wildlife","floor":13,"turns":3},{"damage":19,"enemies":"The Guardian","floor":16,"turns":16},{"damage":22,"enemies":"Spheric Guardian","floor":18,"turns":4},{"damage":4,"enemies":"Chosen","floor":21,"turns":5},{"damage":11,"enemies":"Snecko","floor":22,"turns":5},{"damage":7,"enemies":"Centurion and Healer","floor":23,"turns":6},{"damage":32,"enemies":"Sentry and Sphere","floor":24,"turns":5}],"seed_played":"5489064928754958997","potions_obtained":[{"floor":2,"key":"LiquidBronze"},{"floor":7,"key":"Regen Potion"},{"floor":12,"key":"GamblersBrew"},{"floor":21,"key":"EntropicBrew"}],"is_trial":false,"path_per_floor":["M","M","$","M","M","R","E","R","T","R","?","E","M","?","R","B",null,"M","?","$","M","M","M","M"],"character_chosen":"THE_SILENT","items_purchased":["Footwork","Caltrops"],"campfire_rested":0,"item_purchase_floors":[3,20],"current_hp_per_floor":[70,70,70,67,64,64,43,43,43,43,66,62,53,53,53,34,61,39,39,39,35,38,31,0],"gold":497,"neow_bonus":"THREE_CARDS","is_prod":false,"is_daily":false,"chose_seed":false,"campfire_upgraded":4,"win_rate":0,"timestamp":1545246847,"path_taken":["M","M","$","M","M","R","E","R","T","R","?","E","M","?","R","BOSS","M","?","$","M","M","M","M"],"build_version":"2018-12-13","purchased_purges":1,"victory":false,"max_hp_per_floor":[70,70,70,70,70,70,70,70,70,70,70,70,70,70,70,70,70,70,70,70,70,70,70,70],"card_choices":[{"not_picked":["Dodge and Roll","Catalyst"],"picked":"Flying Knee","floor":0},{"not_picked":["Quick Slash","Predator"],"picked":"Flying Knee","floor":1},{"not_picked":["Bane","Riddle With Holes"],"picked":"Flying Knee","floor":2},{"not_picked":["Blade Dance","Underhanded Strike"],"picked":"Dodge and Roll","floor":4},{"not_picked":["Poisoned Stab","Acrobatics"],"picked":"Sucker Punch","floor":5},{"not_picked":["Acrobatics","Infinite Blades"],"picked":"Cloak And Dagger","floor":7},{"not_picked":["All Out Attack","Caltrops"],"picked":"Die Die Die","floor":12},{"not_picked":["Deadly Poison","Outmaneuver","Prepared"],"picked":"SKIP","floor":13},{"not_picked":["Corpse Explosion","Tools of the Trade"],"picked":"Envenom","floor":16},{"not_picked":["All Out Attack","Bane"],"picked":"Noxious Fumes+1","floor":18},{"not_picked":["Concentrate","Heel Hook","Poisoned Stab"],"picked":"SKIP","floor":21},{"not_picked":["Catalyst","Expertise+1"],"picked":"Terror","floor":22},{"not_picked":["Riddle With Holes","Predator+1"],"picked":"Deflect","floor":23}],"player_experience":419556,"relics_obtained":[{"floor":7,"key":"Old Coin"},{"floor":9,"key":"Ninja Scroll"},{"floor":12,"key":"Smiling Mask"}],"event_choices":[{"damage_healed":23,"gold_gain":0,"player_choice":"Banana","damage_taken":0,"max_hp_gain":0,"max_hp_loss":0,"event_name":"Big Fish","floor":11,"gold_loss":0},{"damage_healed":0,"gold_gain":0,"player_choice":"Ignored","damage_taken":0,"max_hp_gain":0,"max_hp_loss":0,"event_name":"Liars Game","floor":14,"gold_loss":0},{"damage_healed":0,"gold_gain":0,"player_choice":"Obtained Relic","damage_taken":0,"relics_obtained":["Boot"],"max_hp_gain":0,"max_hp_loss":0,"event_name":"Addict","floor":19,"gold_loss":85}],"is_beta":false,"boss_relics":[{"not_picked":["WristBlade","Busted Crown"],"picked":"Cursed Key"}],"items_purged_floors":[20],"is_endless":false,"potions_floor_spawned":[2,7,12,21],"killed_by":"Sentry and Sphere","ascension_level":5}