{"gold_per_floor":[113,129,26,36,48,80,80,98,150,150,164,176,192,39,39,118,118,137,137,137,151,169,169,169],"floor_reached":24,"playtime":1265,"items_purged":[],"score":343,"play_id":"07e5e74b-c272-4048-81f9-f805b2d6ad0c","local_time":"20190303113420","is_ascension_mode":true,"campfire_choices":[{"data":"Footwork","floor":7,"key":"SMITH"},{"data":"Footwork","floor":10,"key":"SMITH"},{"floor":15,"key":"REST"},{"floor":23,"key":"REST"}],"neow_cost":"NONE","seed_source_timestamp":119383869847885,"circlet_count":0,"master_deck":["AscendersBane","Defend_G","Defend_G","Defend_G","Defend_G","Defend_G","Strike_G","Strike_G","Strike_G","Strike_G","Survivor","Neutralize","Bane","Dagger Spray","Footwork+1","Crippling Poison","Footwork+1","Caltrops","Noxious Fumes","Adrenaline","Panacea","PiercingWail"],"relics":["Ring of the Snake","Oddly Smooth Stone","Ancient Tea Set","Juzu Bracelet","Black Star","MutagenicStrength"],"potions_floor_usage":[6,8,16,24,24],"damage_taken":[{"damage":2,"enemies":"Cultist","floor":1,"turns":5},{"damage":0,"enemies":"Jaw Worm","floor":2,"turns":5},{"damage":0,"enemies":"2 Louse","floor":4,"turns":4},{"damage":6,"enemies":"2 Fungi Beasts","floor":5,"turns":3},{"damage":23,"enemies":"Gremlin Nob","floor":6,"turns":5},{"damage":0,"enemies":"Large Slime","floor":8,"turns":8},{"damage":1,"enemies":"Blue Slaver","floor":11,"turns":6},{"damage":16,"enemies":"Exordium Wildlife","floor":12,"turns":7},{"damage":0,"enemies":"2 Fungi Beasts","floor":13,"turns":6},{"damage":7,"enemies":"Hexaghost","floor":16,"turns":12},{"damage":10,"enemies":"Spheric Guardian","floor":18,"turns":8},{"damage":15,"enemies":"3 Byrds","floor":21,"turns":5},{"damage":21,"enemies":"Snake Plant","floor":22,"turns":5},{"damage":29,"enemies":"Snecko","floor":24,"turns":6}],"seed_played":"-4575608394926542483","potions_obtained":[{"floor":2,"key":"SteroidPotion"},{"floor":4,"key":"EssenceOfSteel"},{"floor":12,"key":"EssenceOfSteel"},{"floor":16,"key":"FearPotion"},{"floor":18,"key":"GamblersBrew"}],"is_trial":false,"path_per_floor":["M","M","$","M","M","E","R","M","T","R","M","M","M","$","R","B",null,"M","?","?","M","M","R","M"],"character_chosen":"THE_SILENT","items_purchased":["Footwork","Crippling Poison","Juzu Bracelet"],"campfire_rested":2,"item_purchase_floors":[3,3,14],"current_hp_per_floor":[57,57,57,57,51,28,28,28,28,28,27,11,11,11,30,23,55,45,45,45,30,9,28,0],"gold":169,"neow_bonus":"REMOVE_CARD","is_prod":false,"is_daily":false,"chose_seed":false,"campfire_upgraded":2,"win_rate":0,"timestamp":1551609260,"path_taken":["M","M","$","M","M","E","R","M","T","R","M","M","M","$","R","BOSS","M","?","?","M","M","R","M"],"build_version":"2019-01-23","purchased_purges":0,"victory":false,"max_hp_per_floor":[66,66,66,66,66,66,66,66,66,66,66,66,66,66,66,66,66,66,66,66,66,66,66,66],"card_choices":[{"not_picked":["Blade Dance","Acrobatics"],"picked":"Bane","floor":1},{"not_picked":["Blade Dance","Outmaneuver"],"picked":"Dagger Spray","floor":2},{"not_picked":["Dagger Throw","Deflect","Sucker Punch"],"picked":"SKIP","floor":4},{"not_picked":["Dagger Throw","Deflect","Sucker Punch"],"picked":"SKIP","floor":4},{"not_picked":["Flechettes","Caltrops"],"picked":"Footwork","floor":5},{"not_picked":["Quick Slash","Expertise"],"picked":"Caltrops","floor":6},{"not_picked":["Quick Slash","Bane","Dagger Throw"],"picked":"SKIP","floor":8},{"not_picked":["All Out Attack","Sucker Punch","Flying Knee"],"picked":"SKIP","floor":11},{"not_picked":["Flying Knee","Bane","Choke"],"picked":"SKIP","floor":12},{"not_picked":["Phantasmal Killer","Blur"],"picked":"Noxious Fumes","floor":13},{"not_picked":["Glass Knife","Unload"],"picked":"Adrenaline","floor":16},{"not_picked":["Flying Knee","Acrobatics","Deflect"],"picked":"SKIP","floor":18},{"not_picked":["Sucker Punch","Prepared","Dagger Spray"],"picked":"SKIP","floor":21},{"not_picked":["Cloak And Dagger","Noxious Fumes"],"picked":"PiercingWail","floor":22}],"player_experience":774600,"relics_obtained":[{"floor":6,"key":"Oddly Smooth Stone"},{"floor":9,"key":"Ancient Tea Set"}],"event_choices":[{"damage_healed":0,"gold_gain":0,"player_choice":"Inject Mutagens","damage_taken":0,"relics_obtained":["MutagenicStrength"],"max_hp_gain":0,"max_hp_loss":0,"event_name":"Drug Dealer","floor":19,"gold_loss":0},{"damage_healed":0,"gold_gain":0,"player_choice":"1 cards matched","damage_taken":0,"max_hp_gain":0,"max_hp_loss":0,"event_name":"Match and Keep!","floor":20,"gold_loss":0,"cards_obtained":["Panacea"]}],"is_beta":false,"boss_relics":[{"not_picked":["Snecko Eye","Coffee Dripper"],"picked":"Black Star"}],"items_purged_floors":[],"is_endless":false,"potions_floor_spawned":[2,4,12,16,18,21],"killed_by":"Snecko","ascension_level":14}