{"gold_per_floor":[118,131,306,183,183,216,236,254,254,267,267,79,79,89,89,193,193,211,237,32,43,43,43],"floor_reached":23,"playtime":1657,"items_purged":["Strike_R"],"score":278,"play_id":"73885ae3-823b-4e3d-86c8-35278a2aca5b","local_time":"20190302161026","is_ascension_mode":true,"campfire_choices":[{"data":"True Grit","floor":11,"key":"SMITH"},{"data":"Finesse","floor":13,"key":"SMITH"},{"floor":15,"key":"REST"}],"neow_cost":"PERCENT_DAMAGE","seed_source_timestamp":367439701323626,"circlet_count":0,"master_deck":["Strike_R","Strike_R","Strike_R","Strike_R+1","Defend_R","Defend_R+1","Defend_R","Defend_R","Bash","Purity","Finesse+1","Wild Strike","Cleave","Doubt","Shrug It Off","True Grit+1","Pommel Strike","Disarm+1","Apotheosis+1","Inflame","Brutality","Writhe","Pain","Writhe","Shrug It Off+1","Pommel Strike","Uppercut","Ghostly+1","Ghostly+1","Ghostly+1","Ghostly+1","Ghostly+1"],"relics":["Burning Blood","Letter Opener","Toxic Egg 2","Calling Bell","Red Skull","Meat on the Bone","Mango","Red Mask","Strange Spoon"],"potions_floor_usage":[6,14,19,19,23],"damage_taken":[{"damage":0,"enemies":"Small Slimes","floor":1,"turns":3},{"damage":2,"enemies":"Jaw Worm","floor":2,"turns":5},{"damage":19,"enemies":"3 Sentries","floor":6,"turns":8},{"damage":4,"enemies":"2 Louse","floor":7,"turns":2},{"damage":0,"enemies":"Red Slaver","floor":8,"turns":5},{"damage":17,"enemies":"Exordium Thugs","floor":10,"turns":4},{"damage":3,"enemies":"Blue Slaver","floor":14,"turns":4},{"damage":0,"enemies":"The Guardian","floor":16,"turns":11},{"damage":41,"enemies":"2 Thieves","floor":18,"turns":5},{"damage":67,"enemies":"Masked Bandits","floor":19,"turns":6},{"damage":20,"enemies":"Spheric Guardian","floor":21,"turns":7},{"damage":34,"enemies":"Slavers","floor":23,"turns":3}],"seed_played":"762559272018467320","potions_obtained":[{"floor":1,"key":"Block Potion"},{"floor":2,"key":"Poison Potion"},{"floor":10,"key":"Regen Potion"},{"floor":14,"key":"Ancient Potion"},{"floor":19,"key":"FearPotion"}],"is_trial":false,"path_per_floor":["M","M","?","$","?","E","M","M","T","M","R","$","R","M","R","B",null,"M","?","$","M","?","E"],"character_chosen":"IRONCLAD","items_purchased":["Shrug It Off","Apotheosis+1","Strange Spoon"],"campfire_rested":1,"item_purchase_floors":[4,12,20],"current_hp_per_floor":[62,66,66,66,50,37,39,45,45,34,34,34,34,37,61,67,94,59,25,25,23,23,0],"gold":43,"neow_bonus":"RANDOM_COLORLESS_2","is_prod":false,"is_daily":false,"chose_seed":false,"campfire_upgraded":2,"win_rate":0,"timestamp":1551561026,"path_taken":["M","M","?","$","?","E","M","M","T","M","R","?","R","M","R","BOSS","M","?","$","M","?","E"],"build_version":"2019-01-23","purchased_purges":1,"victory":false,"max_hp_per_floor":[80,80,80,80,80,80,80,80,80,80,80,80,80,80,80,80,94,94,94,94,94,47,47],"card_choices":[{"not_picked":["Thunderclap","Twin Strike"],"picked":"Wild Strike","floor":1},{"not_picked":["Heavy Blade","Armaments"],"picked":"Cleave","floor":2},{"not_picked":["Rage","Cleave"],"picked":"True Grit","floor":6},{"not_picked":["Perfected Strike","Armaments"],"picked":"Pommel Strike","floor":7},{"not_picked":["Evolve","Seeing Red","Bloodletting"],"picked":"SKIP","floor":8},{"not_picked":["Evolve","Cleave"],"picked":"Disarm+1","floor":10},{"not_picked":["Seeing Red+1","Dual Wield+1"],"picked":"Inflame","floor":14},{"not_picked":["Berserk","Limit Break+1"],"picked":"Brutality","floor":16},{"not_picked":["Heavy Blade","Armaments+1"],"picked":"Shrug It Off+1","floor":18},{"not_picked":["Flex+1","Heavy Blade"],"picked":"Pommel Strike","floor":19},{"not_picked":["Heavy Blade","Body Slam"],"picked":"Uppercut","floor":21}],"player_experience":244021,"relics_obtained":[{"floor":6,"key":"Letter Opener"},{"floor":9,"key":"Toxic Egg 2"},{"floor":17,"key":"Red Skull"},{"floor":17,"key":"Meat on the Bone"},{"floor":17,"key":"Mango"},{"floor":19,"key":"Red Mask"}],"event_choices":[{"damage_healed":0,"gold_gain":175,"player_choice":"AGREE","damage_taken":0,"max_hp_gain":0,"max_hp_loss":0,"event_name":"Liars Game","floor":3,"gold_loss":0,"cards_obtained":["Doubt"]},{"damage_healed":0,"gold_gain":0,"player_choice":"Entered Light","damage_taken":16,"max_hp_gain":0,"max_hp_loss":0,"event_name":"Shining Light","floor":5,"gold_loss":0,"cards_upgraded":["Strike_R","Defend_R"]},{"damage_healed":0,"gold_gain":0,"player_choice":"Fought Bandits","damage_taken":0,"max_hp_gain":0,"max_hp_loss":0,"event_name":"Masked Bandits","floor":19,"gold_loss":0},{"damage_healed":0,"gold_gain":0,"player_choice":"Became a Ghost","damage_taken":0,"max_hp_gain":0,"max_hp_loss":47,"event_name":"Ghosts","floor":22,"gold_loss":0,"cards_obtained":["Ghostly","Ghostly","Ghostly","Ghostly","Ghostly"]}],"is_beta":false,"boss_relics":[{"not_picked":["Philosopher\u0027s Stone","Ectoplasm"],"picked":"Calling Bell"}],"items_purged_floors":[4],"is_endless":false,"potions_floor_spawned":[1,2,10,14,19],"killed_by":"Slavers","ascension_level":1}