{"gold_per_floor":[113,113,15,30,43,69,69,80,131,131],"floor_reached":10,"playtime":867,"items_purged":["Slimebound:Strike_Slimebound"],"score":68,"play_id":"1cacb84c-6013-4898-9c6e-b0826cf2cbec","local_time":"20190119032243","is_ascension_mode":false,"campfire_choices":[{"data":"Slimebound:RainOfGoop","floor":7,"key":"SMITH"}],"neow_cost":"NONE","seed_source_timestamp":338299622134684,"circlet_count":0,"master_deck":["Slimebound:Strike_Slimebound","Slimebound:Strike_Slimebound","Slimebound:Defend_Slimebound","Slimebound:Defend_Slimebound","Slimebound:Defend_Slimebound","Slimebound:Defend_Slimebound","Slimebound:Split","Slimebound:CorrosiveSpit","Slimebound:HauntingLick","Slimebound:Lick","Slimebound:RainOfGoop+1","Slimebound:SuperSplit"],"relics":["Slimebound:AbsorbEndCombat","Matryoshka","Sundial","Strawberry"],"potions_floor_usage":[],"damage_taken":[{"damage":8,"enemies":"Cultist","floor":1,"turns":4},{"damage":6,"enemies":"2 Louse","floor":4,"turns":2},{"damage":8,"enemies":"Small Slimes","floor":5,"turns":4},{"damage":51,"enemies":"Lagavulin","floor":6,"turns":9},{"damage":20,"enemies":"2 Fungi Beasts","floor":8,"turns":4},{"damage":69,"enemies":"Gremlin Nob","floor":10,"turns":5}],"seed_played":"7622352506907062492","potions_obtained":[{"floor":1,"key":"Fire Potion"},{"floor":5,"key":"Weak Potion"}],"is_trial":false,"path_per_floor":["M","?","$","M","M","E","R","M","T","E"],"character_chosen":"SLIMEBOUND","items_purchased":["Slimebound:Lick"],"campfire_rested":0,"item_purchase_floors":[3],"current_hp_per_floor":[75,75,75,77,76,40,40,44,51,0],"gold":131,"neow_bonus":"TEN_PERCENT_HP_BONUS","is_prod":false,"is_daily":false,"chose_seed":false,"campfire_upgraded":1,"win_rate":0.0,"timestamp":1547889763,"path_taken":["M","?","?","M","M","E","R","M","T","E"],"build_version":"2019-01-17v2","purchased_purges":1,"victory":false,"max_hp_per_floor":[77,77,77,77,77,77,77,77,84,84],"card_choices":[{"not_picked":["Slimebound:DivideAndConquer","Slimebound:Gluttony"],"picked":"Slimebound:HauntingLick","floor":1},{"not_picked":["Slimebound:FirmFortitude","Slimebound:PoisonLick","Slimebound:DivideAndConquer"],"picked":"SKIP","floor":4},{"not_picked":["Slimebound:Lick","Slimebound:MegaLick"],"picked":"Slimebound:RainOfGoop","floor":5},{"not_picked":["Slimebound:FormABlockade","Slimebound:ViciousTackle"],"picked":"Slimebound:SuperSplit","floor":6},{"not_picked":["Slimebound:SlimeSpikes","Slimebound:VenomTackle","Slimebound:LeechLife"],"picked":"SKIP","floor":8}],"player_experience":761412,"relics_obtained":[{"floor":6,"key":"Matryoshka"},{"floor":9,"key":"Sundial"},{"floor":9,"key":"Strawberry"}],"event_choices":[{"cards_removed":["Slimebound:Strike_Slimebound"],"damage_healed":0,"gold_gain":0,"player_choice":"Purged","damage_taken":0,"max_hp_gain":0,"max_hp_loss":0,"event_name":"Purifier","floor":2,"gold_loss":0}],"is_beta":false,"boss_relics":[],"items_purged_floors":[3],"is_endless":false,"potions_floor_spawned":[1,5],"killed_by":"Gremlin Nob","ascension_level":0}