{"gold_per_floor":[117,117,134,57,68,68,68,101,189,213,245,267,290,302,314,326],"floor_reached":16,"playtime":500,"items_purged":[],"score":135,"play_id":"f2bea5b7-bd00-4353-880a-431907d9a89b","local_time":"20190215140054","is_ascension_mode":true,"campfire_choices":[{"data":"Zap","floor":6,"key":"SMITH"},{"floor":15,"key":"REST"}],"neow_cost":"TEN_PERCENT_HP_LOSS","seed_source_timestamp":51906488143943,"circlet_count":0,"master_deck":["Strike_B","Strike_B","Strike_B","Defend_B","Defend_B","Defend_B","Defend_B","Zap+1","Dualcast","Electrodynamics","Streamline","Zap","Discovery","Capacitor","BootSequence","Gash","FTL","Skim","Go for the Eyes","Gash"],"relics":["Cracked Core","MawBank","Gremlin Horn"],"potions_floor_usage":[8,16],"damage_taken":[{"damage":1,"enemies":"Cultist","floor":1,"turns":3},{"damage":10,"enemies":"2 Louse","floor":3,"turns":2},{"damage":3,"enemies":"Small Slimes","floor":5,"turns":3},{"damage":16,"enemies":"Gremlin Nob","floor":8,"turns":3},{"damage":4,"enemies":"Red Slaver","floor":10,"turns":2},{"damage":1,"enemies":"Looter","floor":11,"turns":2},{"damage":1,"enemies":"3 Louse","floor":12,"turns":3},{"damage":18,"enemies":"Exordium Thugs","floor":13,"turns":3},{"damage":35,"enemies":"The Guardian","floor":16,"turns":10}],"seed_played":"-2108019291682908019","potions_obtained":[{"floor":1,"key":"Ancient Potion"},{"floor":3,"key":"Strength Potion"},{"floor":10,"key":"Strength Potion"},{"floor":12,"key":"FearPotion"},{"floor":14,"key":"Dexterity Potion"}],"is_trial":false,"path_per_floor":["M","?","M","$","M","R","?","E","T","M","M","M","M","?","R","B"],"character_chosen":"DEFECT","items_purchased":["BootSequence"],"campfire_rested":1,"item_purchase_floors":[4],"current_hp_per_floor":[67,67,57,57,54,54,54,38,38,34,33,32,14,14,34,0],"gold":326,"neow_bonus":"THREE_RARE_CARDS","is_prod":false,"is_daily":false,"chose_seed":false,"campfire_upgraded":1,"win_rate":0,"timestamp":1550235654,"path_taken":["M","?","M","$","?","R","?","E","T","?","M","M","M","?","R","BOSS"],"build_version":"2019-01-23","purchased_purges":0,"victory":false,"max_hp_per_floor":[68,68,68,68,68,68,68,68,68,68,68,68,68,68,68,68],"card_choices":[{"not_picked":["Echo Form","Creative AI"],"picked":"Electrodynamics","floor":0},{"not_picked":["Chaos","Stack"],"picked":"Streamline","floor":1},{"not_picked":["Aggregate","Ball Lightning"],"picked":"Capacitor","floor":3},{"not_picked":["Aggregate","Chaos","Rip and Tear"],"picked":"SKIP","floor":5},{"not_picked":["Compile Driver","Coolheaded"],"picked":"Gash","floor":8},{"not_picked":["Cold Snap","Gash"],"picked":"FTL","floor":10},{"not_picked":["Cold Snap","Turbo"],"picked":"Skim","floor":11},{"not_picked":["Leap","Cold Snap"],"picked":"Go for the Eyes","floor":12},{"not_picked":["Undo","Streamline"],"picked":"Gash","floor":13}],"player_experience":661249,"relics_obtained":[{"floor":8,"key":"MawBank"},{"floor":9,"key":"Gremlin Horn"}],"event_choices":[{"damage_healed":0,"gold_gain":0,"player_choice":"2 cards matched","damage_taken":0,"max_hp_gain":0,"max_hp_loss":0,"event_name":"Match and Keep!","floor":2,"gold_loss":0,"cards_obtained":["Zap","Discovery"]},{"cards_removed":["Strike_B"],"damage_healed":0,"gold_gain":0,"player_choice":"Card Removal","damage_taken":0,"max_hp_gain":0,"max_hp_loss":0,"event_name":"Wheel of Change","floor":7,"gold_loss":0},{"damage_healed":0,"gold_gain":0,"player_choice":"Got Potions","damage_taken":0,"max_hp_gain":0,"max_hp_loss":0,"event_name":"Lab","floor":14,"gold_loss":0}],"is_beta":false,"boss_relics":[],"items_purged_floors":[],"is_endless":false,"potions_floor_spawned":[1,3,10,12],"killed_by":"The Guardian","ascension_level":6}