{"gold_per_floor":[111,122,138,156,156,186,186,214,261,0,0],"floor_reached":11,"playtime":666,"items_purged":[],"score":95,"play_id":"3c3c8b02-22ed-430b-8ce7-4755d7afcc43","local_time":"20181220041550","is_ascension_mode":true,"campfire_choices":[{"data":"Zap","floor":7,"key":"SMITH"}],"neow_cost":"NONE","seed_source_timestamp":642429433488878,"circlet_count":0,"master_deck":["Strike_B","Strike_B","Defend_B","Defend_B","Defend_B","Defend_B","Zap+1","Dualcast","Go for the Eyes","Beam Cell","Chill","Glacier","FTL"],"relics":["Cracked Core","Peace Pipe","Blue Candle","Vajra","Kunai"],"potions_floor_usage":[6],"damage_taken":[{"damage":0,"enemies":"Cultist","floor":1,"turns":3},{"damage":2,"enemies":"Jaw Worm","floor":2,"turns":3},{"damage":6,"enemies":"2 Louse","floor":3,"turns":2},{"damage":1,"enemies":"Looter","floor":4,"turns":4},{"damage":37,"enemies":"3 Sentries","floor":6,"turns":10},{"damage":27,"enemies":"Gremlin Nob","floor":8,"turns":6},{"damage":5,"enemies":"Red Slaver","floor":11,"turns":1}],"seed_played":"6413146243282643884","potions_obtained":[{"floor":2,"key":"FocusPotion"},{"floor":4,"key":"FearPotion"},{"floor":8,"key":"Ancient Potion"}],"is_trial":false,"path_per_floor":["M","M","M","M","?","E","R","E","T","$","M"],"character_chosen":"DEFECT","items_purchased":["Kunai"],"campfire_rested":0,"item_purchase_floors":[10],"current_hp_per_floor":[75,73,67,66,66,29,29,2,2,2,0],"gold":0,"neow_bonus":"REMOVE_CARD","is_prod":false,"is_daily":false,"chose_seed":false,"campfire_upgraded":1,"win_rate":0,"timestamp":1545300950,"path_taken":["M","?","M","?","?","E","R","E","T","$","?"],"build_version":"2018-12-13","purchased_purges":0,"victory":false,"max_hp_per_floor":[75,75,75,75,75,75,75,75,75,75,75],"card_choices":[{"not_picked":["Beam Cell","Static Discharge"],"picked":"Go for the Eyes","floor":1},{"not_picked":["Doom and Gloom","Scrape","Tempest"],"picked":"SKIP","floor":2},{"not_picked":["Tempest","Sweeping Beam"],"picked":"Beam Cell","floor":3},{"not_picked":["Gash","Hello World"],"picked":"Chill","floor":4},{"not_picked":["Barrage","Stack"],"picked":"Glacier","floor":6},{"not_picked":["Reinforced Body","Streamline"],"picked":"FTL","floor":8}],"player_experience":325576,"relics_obtained":[{"floor":6,"key":"Peace Pipe"},{"floor":8,"key":"Blue Candle"},{"floor":9,"key":"Vajra"}],"event_choices":[{"cards_removed":["Strike_B"],"damage_healed":0,"gold_gain":0,"player_choice":"Offered Basic","damage_taken":0,"max_hp_gain":0,"max_hp_loss":0,"event_name":"Bonfire Elementals","floor":5,"gold_loss":0}],"is_beta":false,"boss_relics":[],"items_purged_floors":[],"is_endless":false,"potions_floor_spawned":[2,4,8],"killed_by":"Red Slaver","ascension_level":3}