{"gold_per_floor":[211,17,17,42,55,55,88,88,114,114,141,152,178,189,189,261,261,271,271,221,234,234,234,247,247,274,274,32,32,83,116,116,190,190,206,226,301,317,332,186,186,204,204,220,247,260,275,275,275,275],"floor_reached":51,"playtime":3671,"items_purged":["Strike_B"],"score":1180,"play_id":"0f94b5ea-8e1b-454a-a4ad-bd030bd1cbf5","local_time":"20190303223103","is_ascension_mode":true,"campfire_choices":[{"data":"Doom and Gloom","floor":6,"key":"SMITH"},{"data":"Beam Cell","floor":8,"key":"SMITH"},{"floor":10,"key":"REST"},{"floor":15,"key":"REST"},{"data":"Fusion","floor":23,"key":"SMITH"},{"data":"Zap","floor":25,"key":"SMITH"},{"floor":27,"key":"REST"},{"data":"Biased Cognition","floor":29,"key":"SMITH"},{"data":"Hologram","floor":32,"key":"SMITH"},{"floor":41,"key":"REST"},{"floor":49,"key":"REST"}],"neow_cost":"NONE","seed_source_timestamp":1619659539129501,"circlet_count":0,"master_deck":["AscendersBane","Strike_B+1","Defend_B+1","Defend_B","Defend_B","Defend_B","Zap+1","Dualcast","Doom and Gloom+1","Beam Cell+1","Compile Driver+1","Hologram+1","Barrage+1","Cold Snap","Biased Cognition+1","Fusion+1","Conserve Battery","Capacitor+1","Echo Form","Conserve Battery","Undo","Glacier+1","Ball Lightning","Meteor Strike","Lockon","Parasite","Undo","Glacier","Creative AI+1","Skim+1","Steam Power+1"],"relics":["Cracked Core","Pen Nib","Regal Pillow","Boot","Smiling Mask","Bag of Marbles","Happy Flower","Empty Cage","Anchor","Pantograph","Whetstone","Meat on the Bone","Fusion Hammer","Frozen Egg 2","Lantern"],"potions_floor_usage":[7,13,33,33,38,45,47,50],"damage_taken":[{"damage":5,"enemies":"Small Slimes","floor":1,"turns":3},{"damage":7,"enemies":"Jaw Worm","floor":5,"turns":3},{"damage":8,"enemies":"Gremlin Nob","floor":7,"turns":3},{"damage":17,"enemies":"Lagavulin","floor":11,"turns":6},{"damage":0,"enemies":"Cultist","floor":12,"turns":2},{"damage":4,"enemies":"Gremlin Nob","floor":13,"turns":3},{"damage":19,"enemies":"Exordium Thugs","floor":14,"turns":3},{"damage":0,"enemies":"Slime Boss","floor":16,"turns":3},{"damage":8,"enemies":"3 Byrds","floor":18,"turns":4},{"damage":0,"enemies":"Spheric Guardian","floor":21,"turns":3},{"damage":22,"enemies":"Snake Plant","floor":24,"turns":4},{"damage":31,"enemies":"Slavers","floor":31,"turns":4},{"damage":20,"enemies":"Automaton","floor":33,"turns":6},{"damage":31,"enemies":"3 Darklings","floor":35,"turns":7},{"damage":7,"enemies":"3 Shapes","floor":36,"turns":3},{"damage":15,"enemies":"Transient","floor":38,"turns":5},{"damage":8,"enemies":"Jaw Worm Horde","floor":39,"turns":4},{"damage":6,"enemies":"Writhing Mass","floor":42,"turns":5},{"damage":0,"enemies":"4 Shapes","floor":44,"turns":6},{"damage":25,"enemies":"Giant Head","floor":45,"turns":9},{"damage":1,"enemies":"Maw","floor":46,"turns":7},{"damage":25,"enemies":"Spire Growth","floor":47,"turns":4},{"damage":41,"enemies":"Donu and Deca","floor":50,"turns":12}],"seed_played":"-4345851832594045033","potions_obtained":[{"floor":1,"key":"SpeedPotion"},{"floor":12,"key":"Block Potion"},{"floor":14,"key":"Energy Potion"},{"floor":24,"key":"PowerPotion"},{"floor":33,"key":"EssenceOfSteel"},{"floor":36,"key":"AttackPotion"},{"floor":42,"key":"AttackPotion"},{"floor":45,"key":"Strength Potion"},{"floor":46,"key":"GamblersBrew"}],"is_trial":false,"path_per_floor":["M","$","?","T","M","R","E","R","T","R","E","M","E","M","R","B",null,"M","?","$","M","?","R","M","R","T","R","$","R","T","E","R","B",null,"M","M","?","M","M","$","R","M","T","M","E","M","M","?","R","B",null],"character_chosen":"DEFECT","items_purchased":["Pen Nib","Poison Potion","Pantograph","Meteor Strike","Lockon"],"campfire_rested":5,"item_purchase_floors":[2,2,28,40,40],"current_hp_per_floor":[63,63,48,48,41,41,33,33,33,70,53,53,49,30,67,67,73,65,65,65,65,65,65,43,43,43,75,75,75,75,44,44,49,69,38,43,36,33,37,37,74,68,68,68,43,42,29,29,66,46],"gold":275,"neow_bonus":"HUNDRED_GOLD","is_prod":false,"is_daily":false,"chose_seed":false,"campfire_upgraded":6,"win_rate":0,"timestamp":1551670263,"path_taken":["M","$","?","?","M","R","E","R","T","R","E","M","E","M","R","BOSS","M","?","$","M","?","R","M","R","T","R","?","R","?","E","R","BOSS","M","M","?","?","M","$","R","M","T","M","E","M","M","?","R","BOSS"],"build_version":"2019-01-23","purchased_purges":1,"victory":true,"max_hp_per_floor":[75,75,75,75,75,75,75,75,75,75,75,75,75,75,75,75,75,75,75,75,75,75,75,75,75,75,75,75,75,75,75,75,75,75,75,75,75,75,75,75,75,75,75,75,75,75,75,75,75,75],"card_choices":[{"not_picked":["Undo","Compile Driver"],"picked":"Doom and Gloom","floor":1},{"not_picked":["Leap","Compile Driver"],"picked":"Beam Cell","floor":5},{"not_picked":["Static Discharge","Sunder"],"picked":"Compile Driver","floor":7},{"not_picked":["Compile Driver","Tempest"],"picked":"Hologram","floor":11},{"not_picked":["Static Discharge","Stack"],"picked":"Barrage","floor":12},{"not_picked":["Double Energy","Static Discharge"],"picked":"Cold Snap","floor":13},{"not_picked":["Hologram","BootSequence","Gash"],"picked":"SKIP","floor":14},{"not_picked":["Reboot","Buffer"],"picked":"Biased Cognition","floor":16},{"not_picked":["Streamline","Gash"],"picked":"Fusion","floor":18},{"not_picked":["Streamline","Gash"],"picked":"Conserve Battery","floor":21},{"not_picked":["Fusion+1","Barrage"],"picked":"Capacitor+1","floor":24},{"not_picked":["Sweeping Beam","Beam Cell","Rip and Tear"],"picked":"SKIP","floor":31},{"not_picked":["Hyperbeam","Electrodynamics"],"picked":"Echo Form","floor":33},{"not_picked":["Go for the Eyes","Genetic Algorithm"],"picked":"Conserve Battery","floor":35},{"not_picked":["Consume","Beam Cell"],"picked":"Undo","floor":36},{"not_picked":["Stack","Rebound"],"picked":"Glacier+1","floor":38},{"not_picked":["Compile Driver","Go for the Eyes"],"picked":"Ball Lightning","floor":39},{"not_picked":["Rebound","Turbo"],"picked":"Undo","floor":42},{"not_picked":["Cold Snap","Redo"],"picked":"Glacier","floor":44},{"not_picked":["Reprogram","Rainbow"],"picked":"Creative AI+1","floor":45},{"not_picked":["Sweeping Beam","Streamline+1"],"picked":"Skim+1","floor":46},{"not_picked":["BootSequence+1","Fusion"],"picked":"Steam Power+1","floor":47}],"player_experience":644610,"relics_obtained":[{"floor":4,"key":"Regal Pillow"},{"floor":7,"key":"Boot"},{"floor":9,"key":"Smiling Mask"},{"floor":11,"key":"Bag of Marbles"},{"floor":13,"key":"Happy Flower"},{"floor":26,"key":"Anchor"},{"floor":30,"key":"Whetstone"},{"floor":31,"key":"Meat on the Bone"},{"floor":43,"key":"Frozen Egg 2"},{"floor":45,"key":"Lantern"}],"event_choices":[{"damage_healed":0,"gold_gain":0,"player_choice":"Entered Light","damage_taken":15,"max_hp_gain":0,"max_hp_loss":0,"event_name":"Shining Light","floor":3,"gold_loss":0,"cards_upgraded":["Strike_B","Defend_B"]},{"damage_healed":0,"gold_gain":0,"player_choice":"Ignored","damage_taken":0,"max_hp_gain":0,"max_hp_loss":0,"event_name":"Beggar","floor":19,"gold_loss":0},{"damage_healed":0,"gold_gain":0,"player_choice":"Ignored","damage_taken":0,"max_hp_gain":0,"max_hp_loss":0,"event_name":"Vampires","floor":22,"gold_loss":0},{"damage_healed":0,"gold_gain":75,"player_choice":"Touch","damage_taken":7,"max_hp_gain":0,"max_hp_loss":0,"event_name":"FaceTrader","floor":37,"gold_loss":0},{"damage_healed":0,"gold_gain":0,"player_choice":"Ignored","damage_taken":0,"max_hp_gain":0,"max_hp_loss":0,"event_name":"The Moai Head","floor":48,"gold_loss":0}],"is_beta":false,"boss_relics":[{"not_picked":["Runic Dome","Cursed Key"],"picked":"Empty Cage"},{"not_picked":["Busted Crown","Astrolabe"],"picked":"Fusion Hammer"}],"items_purged_floors":[20],"is_endless":false,"potions_floor_spawned":[1,12,14,24,31,33,36,42,45,46],"ascension_level":13}