{"path_per_floor":["M","M","?","M","?","R","?","M","T","M","M","?","$","T","R","B",null,"M","?","M","M","?","R","M"],"character_chosen":"THE_SILENT","items_purchased":["Blur","Flying Knee","Dodge and Roll","Quick Slash"],"gold_per_floor":[112,130,130,148,148,148,248,260,306,320,332,282,27,27,27,130,130,145,45,64,84,84,84,97],"floor_reached":25,"campfire_rested":1,"playtime":5331,"current_hp_per_floor":[69,69,69,66,71,71,71,71,71,63,50,50,50,50,50,16,75,60,60,46,37,23,47,1],"items_purged":["Defend_G"],"gold":97,"score":195,"play_id":"4984dc99-5a31-40ca-bd32-8c01f26ee2a8","local_time":"20180304192401","is_prod":false,"is_daily":false,"is_ascension_mode":false,"campfire_upgraded":2,"timestamp":1520209441,"path_taken":["M","M","?","M","?","R","?","M","T","M","M","?","$","?","R","BOSS","M","?","?","M","?","R","?","M"],"build_version":"2018-03-01-PROD1","purchased_purges":1,"victory":false,"master_deck":["Defend_G","Defend_G","Defend_G","Strike_G","Strike_G","Strike_G","Strike_G","Strike_G","Survivor","Neutralize+1","Predator+1","Prepared","Expertise","Outmaneuver","Predator","Flechettes","Blur+1","Flying Knee","Dodge and Roll","Quick Slash","Venomology","Noxious Fumes","J.A.X.","Deadly Poison+1","Flying Knee+1","Terror"],"max_hp_per_floor":[70,70,70,70,75,75,75,75,75,75,75,75,75,75,75,75,75,75,75,75,75,80,80,80],"relics":["Ring of the Snake","Orichalcum","Calipers","Black Star"],"card_choices":[{"not_picked":["Backflip","Cloak And Dagger"],"picked":"Predator"},{"not_picked":["Crippling Poison","Corpse Explosion"],"picked":"Prepared"},{"not_picked":["Riddle With Holes","PiercingWail"],"picked":"Expertise"},{"not_picked":["Acrobatics","Slice"],"picked":"Outmaneuver"},{"not_picked":["Dagger Spray","Poisoned Stab"],"picked":"Predator"},{"not_picked":["Caltrops","Reflex"],"picked":"Flechettes"},{"not_picked":["Tactician","A Thousand Cuts"],"picked":"Venomology"},{"not_picked":["Outmaneuver","Dagger Throw"],"picked":"Noxious Fumes"},{"not_picked":["Prepared","PiercingWail"],"picked":"Deadly Poison"},{"not_picked":["Masterful Stab","Cloak And Dagger"],"picked":"Flying Knee"},{"not_picked":["Prepared","Quick Slash"],"picked":"Terror"}],"player_experience":84746,"potions_floor_usage":[18,20,21,21,24,24],"damage_taken":[{"damage":1.0,"enemies":"Cultist","floor":1.0,"turns":4.0},{"damage":0.0,"enemies":"Small Slimes","floor":2.0,"turns":3.0},{"damage":3.0,"enemies":"Jaw Worm","floor":4.0,"turns":2.0},{"damage":0.0,"enemies":"Blue Slaver","floor":8.0,"turns":3.0},{"damage":8.0,"enemies":"Gremlin Gang","floor":10.0,"turns":5.0},{"damage":13.0,"enemies":"2 Fungi Beasts","floor":11.0,"turns":4.0},{"damage":34.0,"enemies":"Slime Boss","floor":16.0,"turns":13.0},{"damage":15,"enemies":"Shell Parasite","floor":18,"turns":9},{"damage":14,"enemies":"3 Byrds","floor":20,"turns":6},{"damage":9,"enemies":"Cultist and Chosen","floor":21,"turns":6},{"damage":46,"enemies":"Sentry and Sphere","floor":24,"turns":8},{"damage":6,"enemies":"Centurion and Healer","floor":25,"turns":1}],"event_choices":[{"event_name":"Accursed Blacksmith","player_choice":"Forge","floor":3.0,"damage_taken":0.0},{"event_name":"Big Fish","player_choice":"Donut","floor":5.0,"damage_taken":0.0},{"event_name":"Golden Shrine","player_choice":"Pray","floor":7.0,"damage_taken":0.0},{"event_name":"The Cleric","player_choice":"Card Removal","floor":12.0,"damage_taken":0.0},{"event_name":"Drug Dealer","player_choice":"Got JAXXED","floor":19,"damage_taken":0},{"event_name":"Forgotten Altar","player_choice":"Shed Blood","floor":22,"damage_taken":0}],"boss_relics":[{"not_picked":["Eternal Feather","Lizard Tail"],"picked":"Black Star"}],"potions_floor_spawned":[2,10,18,21],"seed_played":"-279301580672035741","killed_by":"Centurion and Healer","ascension_level":0,"is_trial":false}