{"gold_per_floor":[114,134,134,134,20,45,55,55,55,55,76,76,90,107,107,212,212,230,140,156,156,167,167],"floor_reached":23,"playtime":1027,"items_purged":["Defend_R"],"score":238,"play_id":"0d039986-e67d-45e1-84dd-0d8e6cc5816c","local_time":"20181217205123","is_ascension_mode":true,"campfire_choices":[{"data":"Armaments","floor":8,"key":"SMITH"},{"floor":12,"key":"REST"},{"data":"Seeing Red","floor":15,"key":"SMITH"}],"neow_cost":"NONE","seed_source_timestamp":85699385973958,"circlet_count":0,"master_deck":["Strike_R","Strike_R","Strike_R","Defend_R","Defend_R","Defend_R","Bash+1","Armaments+1","Sword Boomerang+1","Inflame","Pommel Strike","Cleave","Seeing Red+1","Barricade","Body Slam","Seeing Red"],"relics":["Burning Blood","NeowsBlessing","Kunai","Shuriken","Odd Mushroom","Mark of Pain"],"potions_floor_usage":[16,16],"damage_taken":[{"damage":0,"enemies":"Cultist","floor":1,"turns":1},{"damage":0,"enemies":"Jaw Worm","floor":2,"turns":1},{"damage":0,"enemies":"3 Sentries","floor":6,"turns":2},{"damage":0,"enemies":"Small Slimes","floor":7,"turns":3},{"damage":35,"enemies":"The Mushroom Lair","floor":11,"turns":6},{"damage":11,"enemies":"3 Louse","floor":13,"turns":3},{"damage":8,"enemies":"Blue Slaver","floor":14,"turns":3},{"damage":47,"enemies":"The Guardian","floor":16,"turns":14},{"damage":1,"enemies":"Chosen","floor":18,"turns":4},{"damage":14,"enemies":"Shell Parasite","floor":20,"turns":4},{"damage":16,"enemies":"Snecko","floor":22,"turns":4},{"damage":62,"enemies":"Book of Stabbing","floor":23,"turns":5}],"seed_played":"7589592597336467340","potions_obtained":[{"floor":2,"key":"Poison Potion"},{"floor":11,"key":"AttackPotion"},{"floor":18,"key":"Regen Potion"}],"is_trial":false,"path_per_floor":["M","M","?","?","$","E","M","R","T","?","?","R","M","M","R","B",null,"M","?","M","?","M","E"],"character_chosen":"IRONCLAD","items_purchased":["Inflame"],"campfire_rested":1,"item_purchase_floors":[5],"current_hp_per_floor":[80,80,73,73,73,79,80,80,80,64,35,59,54,52,52,11,80,80,80,72,72,62,0],"gold":167,"neow_bonus":"THREE_ENEMY_KILL","is_prod":false,"is_daily":false,"chose_seed":false,"campfire_upgraded":2,"win_rate":0,"timestamp":1545076283,"path_taken":["M","?","?","?","$","E","M","R","T","?","?","R","M","?","R","BOSS","M","?","?","?","M","E"],"build_version":"2018-12-13","purchased_purges":1,"victory":false,"max_hp_per_floor":[80,80,80,80,80,80,80,80,80,80,80,80,80,80,80,80,80,80,80,80,80,80,80],"card_choices":[{"not_picked":["Anger","Havoc"],"picked":"Armaments","floor":1},{"not_picked":["Combust","Sentinel"],"picked":"Sword Boomerang","floor":2},{"not_picked":["Bloodletting","Clash"],"picked":"Pommel Strike","floor":6},{"not_picked":["Headbutt","Perfected Strike","Wild Strike"],"picked":"SKIP","floor":7},{"not_picked":["Corruption","Pommel Strike"],"picked":"Cleave","floor":11},{"not_picked":["Corruption","Dual Wield","Twin Strike"],"picked":"SKIP","floor":13},{"not_picked":["Headbutt","Body Slam"],"picked":"Seeing Red","floor":14},{"not_picked":["Reaper","Bludgeon"],"picked":"Barricade","floor":16},{"not_picked":["Intimidate","Infernal Blade"],"picked":"Body Slam","floor":18},{"not_picked":["Spot Weakness","Second Wind+1"],"picked":"Seeing Red","floor":20},{"not_picked":["Warcry","Hemokinesis","Twin Strike"],"picked":"SKIP","floor":22}],"player_experience":407117,"relics_obtained":[{"floor":6,"key":"Kunai"},{"floor":9,"key":"Shuriken"},{"floor":11,"key":"Odd Mushroom"}],"event_choices":[{"cards_removed":["Strike_R"],"damage_healed":0,"gold_gain":0,"player_choice":"Card Removal","damage_taken":7,"max_hp_gain":0,"max_hp_loss":0,"event_name":"Golden Wing","floor":3,"gold_loss":0},{"damage_healed":0,"gold_gain":0,"player_choice":"Ignored","damage_taken":0,"max_hp_gain":0,"max_hp_loss":0,"event_name":"Liars Game","floor":4,"gold_loss":0},{"damage_healed":0,"gold_gain":0,"player_choice":"Entered Light","damage_taken":16,"max_hp_gain":0,"max_hp_loss":0,"event_name":"Shining Light","floor":10,"gold_loss":0,"cards_upgraded":["Sword Boomerang","Strike_R"]},{"damage_healed":0,"gold_gain":0,"player_choice":"Fought Mushrooms","damage_taken":0,"max_hp_gain":0,"max_hp_loss":0,"event_name":"Mushrooms","floor":11,"gold_loss":0},{"cards_removed":["Strike_R"],"damage_healed":0,"gold_gain":0,"player_choice":"Upgrade and Remove","damage_taken":0,"max_hp_gain":0,"max_hp_loss":0,"event_name":"Designer","floor":19,"gold_loss":90,"cards_upgraded":["Bash"]},{"damage_healed":0,"gold_gain":0,"player_choice":"Ignored","damage_taken":0,"max_hp_gain":0,"max_hp_loss":0,"event_name":"Ghosts","floor":21,"gold_loss":0}],"is_beta":false,"boss_relics":[{"not_picked":["Snecko Eye","Lizard Tail"],"picked":"Mark of Pain"}],"items_purged_floors":[5],"is_endless":false,"potions_floor_spawned":[2,11,18],"killed_by":"Book of Stabbing","ascension_level":2}