{"gold_per_floor":[114,114,40,55,230,230,5,20,20,35,50,50,50,50,50,150,200,215,42,57,57,72,102,102,102,127,127,87,87,102,117,117,217,217,232,232,42,57,5,5,20,50,50,65,65,80,80,80,80,80],"floor_reached":51,"playtime":2275,"items_purged":["Doubt"],"score":910,"play_id":"d65e45c6-77f4-4e6d-8b76-1c675ae6213d","local_time":"20190304194636","daily_mods":["Allstar","Vintage","Night Terrors"],"is_ascension_mode":false,"campfire_choices":[{"data":"Bash","floor":6,"key":"SMITH"},{"data":"Jack Of All Trades","floor":12,"key":"SMITH"},{"data":"Defend_R","floor":15,"key":"SMITH"},{"data":"Defend_R","floor":24,"key":"SMITH"},{"data":"Metallicize","floor":27,"key":"SMITH"},{"data":"Thinking Ahead","floor":32,"key":"SMITH"},{"data":"PanicButton","floor":40,"key":"SMITH"},{"data":"Bandage Up","floor":49,"key":"SMITH"}],"neow_cost":"","seed_source_timestamp":0,"circlet_count":0,"master_deck":["Strike_R+1","Strike_R+1","Strike_R+1","Strike_R+1","Defend_R+1","Defend_R+1","Defend_R+1","Defend_R+1","Bash+1","The Bomb+1","Bandage Up+1","PanicButton+1","Thinking Ahead+1","Jack Of All Trades+1","Bloodletting+1","Pommel Strike+1","Metallicize+1","Shrug It Off+1","Hemokinesis+1"],"special_seed":17959,"relics":["Burning Blood","Toxic Egg 2","Orichalcum","Pen Nib","Juzu Bracelet","Singing Bowl","Mercury Hourglass","Meat on the Bone","Tiny House","Bag of Marbles","Blood Vial","Strawberry","Bag of Preparation","Boot","Anchor","Lantern","Oddly Smooth Stone","Velvet Choker","Omamori","WarpedTongs","Potion Belt","Vajra","Happy Flower","Dream Catcher","Dead Branch","Molten Egg 2","Kunai"],"potions_floor_usage":[50,50],"damage_taken":[{"damage":2,"enemies":"Small Slimes","floor":1,"turns":4},{"damage":0,"enemies":"Cultist","floor":4,"turns":2},{"damage":6,"enemies":"Jaw Worm","floor":8,"turns":3},{"damage":8,"enemies":"Looter","floor":10,"turns":3},{"damage":0,"enemies":"Large Slime","floor":11,"turns":3},{"damage":58,"enemies":"The Guardian","floor":16,"turns":11},{"damage":21,"enemies":"Shell Parasite","floor":18,"turns":6},{"damage":13,"enemies":"2 Thieves","floor":20,"turns":4},{"damage":10,"enemies":"Centurion and Healer","floor":22,"turns":5},{"damage":13,"enemies":"Slavers","floor":23,"turns":3},{"damage":0,"enemies":"3 Cultists","floor":30,"turns":4},{"damage":5,"enemies":"Snake Plant","floor":31,"turns":5},{"damage":29,"enemies":"Automaton","floor":33,"turns":9},{"damage":13,"enemies":"Orb Walker","floor":35,"turns":4},{"damage":10,"enemies":"3 Darklings","floor":38,"turns":4},{"damage":0,"enemies":"Sphere and 2 Shapes","floor":41,"turns":4},{"damage":0,"enemies":"Nemesis","floor":42,"turns":5},{"damage":14,"enemies":"Jaw Worm Horde","floor":44,"turns":3},{"damage":0,"enemies":"Writhing Mass","floor":46,"turns":6},{"damage":104,"enemies":"Time Eater","floor":50,"turns":14}],"seed_played":"-7872172445691063903","potions_obtained":[{"floor":2,"key":"Regen Potion"},{"floor":2,"key":"SpeedPotion"},{"floor":2,"key":"FairyPotion"},{"floor":38,"key":"Regen Potion"}],"is_trial":false,"path_per_floor":["M","?","$","M","?","R","$","M","T","M","M","R","?","?","R","B",null,"M","$","M","$","M","E","R","?","T","R","?","$","M","M","R","B",null,"M","?","$","M","?","R","M","E","T","M","?","M","?","?","R","B",null],"character_chosen":"IRONCLAD","items_purchased":["Bloodletting+1","Pen Nib","Shrug It Off+1","Blood Vial","Master of Strategy+1"],"campfire_rested":0,"item_purchase_floors":[3,7,19,19,37],"current_hp_per_floor":[80,80,80,80,80,80,80,80,80,80,80,80,80,72,72,38,87,76,76,82,82,84,85,85,85,85,85,85,85,96,96,96,79,98,91,91,91,93,93,93,98,100,100,98,100,102,112,112,112,69],"gold":80,"neow_bonus":"","is_prod":false,"is_daily":true,"chose_seed":false,"campfire_upgraded":8,"win_rate":0,"timestamp":1551728796,"path_taken":["M","?","$","?","?","R","$","M","T","M","M","R","?","?","R","BOSS","M","$","M","$","M","E","R","?","T","R","?","?","M","M","R","BOSS","M","?","$","M","?","R","M","E","T","M","?","M","?","?","R","BOSS"],"build_version":"2019-01-23","purchased_purges":1,"victory":true,"max_hp_per_floor":[80,80,80,80,80,80,80,80,80,80,80,80,80,80,80,82,87,87,87,94,94,94,96,96,96,96,96,96,96,96,96,96,98,98,98,98,98,98,98,98,98,100,100,100,102,102,112,112,112,112],"card_choices":[{"not_picked":["Exhume+1","Barricade","Fiend Fire"],"picked":"Singing Bowl","floor":16},{"not_picked":["Sever Soul","Heavy Blade"],"picked":"Metallicize","floor":17},{"not_picked":["Pommel Strike","Feel No Pain","Fire Breathing"],"picked":"Singing Bowl","floor":23},{"not_picked":["Berserk","Dark Embrace","Demon Form"],"picked":"Singing Bowl","floor":33},{"not_picked":["Reaper","Dark Embrace","Inflame+1"],"picked":"Singing Bowl","floor":42},{"not_picked":["Panache","Panacea+1","Finesse+1"],"picked":"Singing Bowl","floor":45}],"player_experience":58257,"relics_obtained":[{"floor":1,"key":"Toxic Egg 2"},{"floor":4,"key":"Orichalcum"},{"floor":8,"key":"Juzu Bracelet"},{"floor":9,"key":"Singing Bowl"},{"floor":10,"key":"Mercury Hourglass"},{"floor":11,"key":"Meat on the Bone"},{"floor":18,"key":"Bag of Marbles"},{"floor":20,"key":"Strawberry"},{"floor":22,"key":"Bag of Preparation"},{"floor":23,"key":"Boot"},{"floor":26,"key":"Anchor"},{"floor":30,"key":"Lantern"},{"floor":31,"key":"Oddly Smooth Stone"},{"floor":35,"key":"Omamori"},{"floor":38,"key":"Potion Belt"},{"floor":41,"key":"Happy Flower"},{"floor":42,"key":"Dream Catcher"},{"floor":43,"key":"Dead Branch"},{"floor":44,"key":"Molten Egg 2"},{"floor":46,"key":"Kunai"}],"event_choices":[{"damage_healed":0,"gold_gain":0,"player_choice":"Got Potions","damage_taken":0,"max_hp_gain":0,"max_hp_loss":0,"event_name":"Lab","floor":2,"gold_loss":0},{"damage_healed":0,"gold_gain":175,"player_choice":"AGREE","damage_taken":0,"max_hp_gain":0,"max_hp_loss":0,"event_name":"Liars Game","floor":5,"gold_loss":0,"cards_obtained":["Doubt"]},{"damage_healed":0,"gold_gain":0,"cards_transformed":["Strike_R"],"player_choice":"Change","damage_taken":0,"max_hp_gain":0,"max_hp_loss":0,"event_name":"Living Wall","floor":13,"gold_loss":0,"cards_obtained":["Pommel Strike"]},{"damage_healed":0,"gold_gain":0,"player_choice":"Damaged","damage_taken":8,"max_hp_gain":0,"max_hp_loss":0,"event_name":"Wheel of Change","floor":14,"gold_loss":0},{"damage_healed":0,"gold_gain":0,"player_choice":"Simplicity","damage_taken":0,"max_hp_gain":0,"max_hp_loss":0,"event_name":"Back to Basics","floor":25,"gold_loss":0,"cards_upgraded":["Strike_R","Strike_R","Strike_R","Strike_R","Defend_R","Defend_R"]},{"damage_healed":0,"gold_gain":0,"player_choice":"Upgrade","damage_taken":0,"max_hp_gain":0,"max_hp_loss":0,"event_name":"Designer","floor":28,"gold_loss":40,"cards_upgraded":["The Bomb"]},{"damage_healed":0,"gold_gain":0,"player_choice":"Rummage","damage_taken":0,"relics_obtained":["WarpedTongs"],"max_hp_gain":0,"max_hp_loss":0,"event_name":"Accursed Blacksmith","floor":36,"gold_loss":0,"cards_obtained":["Pain"]},{"damage_healed":0,"gold_gain":0,"player_choice":"Paid Gold","damage_taken":0,"relics_obtained":["Vajra"],"max_hp_gain":0,"max_hp_loss":0,"event_name":"WeMeetAgain","floor":39,"gold_loss":52},{"damage_healed":0,"gold_gain":0,"player_choice":"Memory 1","damage_taken":0,"max_hp_gain":0,"max_hp_loss":0,"event_name":"SensoryStone","floor":45,"gold_loss":0},{"cards_removed":["Master of Strategy"],"damage_healed":0,"gold_gain":0,"player_choice":"Offered Rare","damage_taken":0,"max_hp_gain":10,"max_hp_loss":0,"event_name":"Bonfire Elementals","floor":47,"gold_loss":0},{"damage_healed":0,"gold_gain":0,"player_choice":"1 cards matched","damage_taken":0,"max_hp_gain":0,"max_hp_loss":0,"event_name":"Match and Keep!","floor":48,"gold_loss":0,"cards_obtained":["Hemokinesis"]}],"is_beta":false,"boss_relics":[{"not_picked":["Runic Cube","Runic Pyramid"],"picked":"Tiny House"},{"not_picked":["White Beast Statue","Cursed Key"],"picked":"Velvet Choker"}],"items_purged_floors":[7],"is_endless":false,"potions_floor_spawned":[4,8,11,18,22,33,35,38],"ascension_level":0}