{"gold_per_floor":[119,119,119,47,59,59,69,69,69,88,105,105,30,43,43,142,142,157,167,167,167,186,186],"floor_reached":23,"playtime":794,"items_purged":["Regret"],"score":210,"play_id":"3ac57174-ce2c-4059-96ef-c3912aeb0428","local_time":"20190119160439","is_ascension_mode":true,"campfire_choices":[{"data":"Zap","floor":6,"key":"SMITH"},{"data":"Dualcast","floor":8,"key":"SMITH"},{"data":"Echo Form","floor":12,"key":"SMITH"},{"floor":15,"key":"REST"}],"neow_cost":"NONE","seed_source_timestamp":688138530535834,"circlet_count":0,"master_deck":["Strike_B","Strike_B","Strike_B","Strike_B","Defend_B","Defend_B","Defend_B","Zap+1","Dualcast+1","Meteor Strike","Undo","Sweeping Beam","Turbo","Cold Snap","Conserve Battery","Beam Cell","Echo Form+1","Streamline","Core Surge","Leap","Conserve Battery+1","Reboot","Sunder+1"],"relics":["Cracked Core","Calipers","Dead Branch","Fusion Hammer"],"potions_floor_usage":[11],"damage_taken":[{"damage":1,"enemies":"Small Slimes","floor":1,"turns":3},{"damage":8,"enemies":"Jaw Worm","floor":5,"turns":5},{"damage":1,"enemies":"Cultist","floor":7,"turns":3},{"damage":0,"enemies":"Looter","floor":10,"turns":3},{"damage":8,"enemies":"Large Slime","floor":11,"turns":5},{"damage":25,"enemies":"Gremlin Gang","floor":14,"turns":5},{"damage":21,"enemies":"Hexaghost","floor":16,"turns":9},{"damage":22,"enemies":"3 Byrds","floor":18,"turns":5},{"damage":11,"enemies":"Spheric Guardian","floor":19,"turns":4},{"damage":5,"enemies":"Cultist and Chosen","floor":22,"turns":4},{"damage":29,"enemies":"Slavers","floor":23,"turns":1}],"seed_played":"-6981977039986393440","potions_obtained":[{"floor":1,"key":"PowerPotion"},{"floor":14,"key":"Weak Potion"},{"floor":16,"key":"SpeedPotion"}],"is_trial":false,"path_per_floor":["M","?","?","$","M","R","M","R","T","M","M","R","$","M","R","B",null,"M","M","?","?","M","E"],"character_chosen":"DEFECT","items_purchased":["Sweeping Beam","Turbo"],"campfire_rested":1,"item_purchase_floors":[4,4],"current_hp_per_floor":[74,74,74,74,66,66,65,65,65,65,57,57,57,32,54,33,75,53,42,42,28,23,0],"gold":186,"neow_bonus":"ONE_RANDOM_RARE_CARD","is_prod":false,"is_daily":false,"chose_seed":false,"campfire_upgraded":3,"win_rate":0,"timestamp":1547910279,"path_taken":["M","?","?","?","M","R","M","R","T","?","M","R","$","M","R","BOSS","M","M","?","?","M","E"],"build_version":"2019-01-17v2","purchased_purges":1,"victory":false,"max_hp_per_floor":[75,75,75,75,75,75,75,75,75,75,75,75,75,75,75,75,75,75,75,75,80,80,80],"card_choices":[{"not_picked":["Aggregate","Barrage"],"picked":"Undo","floor":1},{"not_picked":["Ball Lightning","Steam"],"picked":"Cold Snap","floor":5},{"not_picked":["Hello World","Leap"],"picked":"Conserve Battery","floor":7},{"not_picked":["Recycle","Steam"],"picked":"Beam Cell","floor":10},{"not_picked":["Fusion","Reinforced Body"],"picked":"Echo Form","floor":11},{"not_picked":["Chaos","Aggregate"],"picked":"Streamline","floor":14},{"not_picked":["Echo Form","Multi-Cast"],"picked":"Core Surge","floor":16},{"not_picked":["Hologram+1","Hello World"],"picked":"Leap","floor":18},{"not_picked":["Rebound","Hologram"],"picked":"Conserve Battery+1","floor":19},{"not_picked":["Redo","Defragment+1"],"picked":"Sunder+1","floor":22}],"player_experience":535186,"relics_obtained":[{"floor":9,"key":"Dead Branch"}],"event_choices":[{"cards_removed":["Defend_B"],"damage_healed":0,"gold_gain":0,"player_choice":"Forget","damage_taken":0,"max_hp_gain":0,"max_hp_loss":0,"event_name":"Living Wall","floor":2,"gold_loss":0},{"damage_healed":0,"gold_gain":0,"player_choice":"Box","damage_taken":0,"relics_obtained":["Calipers"],"max_hp_gain":0,"max_hp_loss":0,"event_name":"Big Fish","floor":3,"gold_loss":0,"cards_obtained":["Regret"]},{"damage_healed":0,"gold_gain":0,"player_choice":"Read","damage_taken":0,"max_hp_gain":0,"max_hp_loss":0,"event_name":"The Library","floor":20,"gold_loss":0,"cards_obtained":["Reboot"]},{"damage_healed":0,"gold_gain":0,"player_choice":"Shed Blood","damage_taken":19,"max_hp_gain":5,"max_hp_loss":0,"event_name":"Forgotten Altar","floor":21,"gold_loss":0}],"is_beta":false,"boss_relics":[{"not_picked":["Velvet Choker","White Beast Statue"],"picked":"Fusion Hammer"}],"items_purged_floors":[13],"is_endless":false,"potions_floor_spawned":[1,14,16],"killed_by":"Slavers","ascension_level":3}