{"gold_per_floor":[115,40,40,60,72,72,97,117,142,155,170,170,191,37,37,37],"floor_reached":16,"playtime":647,"items_purged":["Defend_R","Strike_R"],"score":112,"play_id":"3b4bfc10-0ad0-4367-b33a-d27865f9459e","local_time":"20190202214246","is_ascension_mode":true,"campfire_choices":[{"data":"Armaments","floor":6,"key":"SMITH"},{"floor":12,"key":"REST"},{"data":"Body Slam","floor":15,"key":"SMITH"}],"neow_cost":"NONE","seed_source_timestamp":1122396875129732,"circlet_count":0,"master_deck":["Strike_R+1","Strike_R","Strike_R+1","Defend_R","Defend_R","Defend_R","Bash","Armaments+1","Thunderclap","Body Slam+1","Uppercut","Inflame","Pommel Strike","Flex","Spot Weakness","Armaments"],"relics":["Burning Blood","Whetstone","Oddly Smooth Stone","Odd Mushroom"],"potions_floor_usage":[11,11,11,13,16],"damage_taken":[{"damage":1,"enemies":"Cultist","floor":1,"turns":3},{"damage":14,"enemies":"2 Louse","floor":4,"turns":3},{"damage":6,"enemies":"Small Slimes","floor":5,"turns":5},{"damage":10,"enemies":"Lagavulin","floor":7,"turns":7},{"damage":8,"enemies":"3 Louse","floor":8,"turns":4},{"damage":15,"enemies":"Blue Slaver","floor":10,"turns":5},{"damage":39,"enemies":"Gremlin Gang","floor":11,"turns":4},{"damage":18,"enemies":"The Mushroom Lair","floor":13,"turns":2},{"damage":56,"enemies":"Slime Boss","floor":16,"turns":9}],"seed_played":"-7020906142412170744","potions_obtained":[{"floor":1,"key":"Strength Potion"},{"floor":5,"key":"Regen Potion"},{"floor":8,"key":"Ancient Potion"},{"floor":11,"key":"Explosive Potion"},{"floor":13,"key":"Energy Potion"}],"is_trial":false,"path_per_floor":["M","$","?","M","M","R","E","M","T","M","M","R","?","$","R","B"],"character_chosen":"IRONCLAD","items_purchased":["Armaments"],"campfire_rested":1,"item_purchase_floors":[14],"current_hp_per_floor":[80,80,80,72,72,72,68,66,66,57,33,57,45,45,45,0],"gold":37,"neow_bonus":"REMOVE_CARD","is_prod":false,"is_daily":false,"chose_seed":false,"campfire_upgraded":2,"win_rate":0,"timestamp":1549140166,"path_taken":["M","?","?","M","?","R","E","M","T","M","M","R","?","$","R","BOSS"],"build_version":"2019-01-23","purchased_purges":2,"victory":false,"max_hp_per_floor":[80,80,80,80,80,80,80,80,80,80,80,80,80,80,80,80],"card_choices":[{"not_picked":["Disarm","Wild Strike"],"picked":"Armaments","floor":1},{"not_picked":["Flex","Havoc"],"picked":"Body Slam","floor":4},{"not_picked":["Twin Strike","Sword Boomerang"],"picked":"Uppercut","floor":5},{"not_picked":["Havoc","Second Wind"],"picked":"Inflame","floor":7},{"not_picked":["Second Wind","Clothesline"],"picked":"Pommel Strike","floor":8},{"not_picked":["Rupture","Fiend Fire"],"picked":"Flex","floor":10},{"not_picked":["Anger","Feel No Pain","Sword Boomerang"],"picked":"SKIP","floor":11},{"not_picked":["Pommel Strike","Inflame"],"picked":"Spot Weakness","floor":13}],"player_experience":579329,"relics_obtained":[{"floor":7,"key":"Whetstone"},{"floor":9,"key":"Oddly Smooth Stone"},{"floor":13,"key":"Odd Mushroom"}],"event_choices":[{"damage_healed":0,"gold_gain":0,"player_choice":"1 cards matched","damage_taken":0,"max_hp_gain":0,"max_hp_loss":0,"event_name":"Match and Keep!","floor":3,"gold_loss":0,"cards_obtained":["Thunderclap"]},{"damage_healed":0,"gold_gain":0,"player_choice":"Fought Mushrooms","damage_taken":0,"max_hp_gain":0,"max_hp_loss":0,"event_name":"Mushrooms","floor":13,"gold_loss":0}],"is_beta":false,"boss_relics":[],"items_purged_floors":[2,14],"is_endless":false,"potions_floor_spawned":[1,5,8,11,13],"killed_by":"Slime Boss","ascension_level":2}