{"gold_per_floor":[109,124,199,199,199,199,235,249,273,273,317,317,330,92,92,220,220,244,234,247,247,247,247,9,23,71,71],"floor_reached":27,"playtime":918,"items_purged":["Strike_G","Strike_G"],"score":298,"play_id":"93de4033-d8b2-413b-9e34-4c03a2d3ac2d","local_time":"20190113214447","is_ascension_mode":true,"campfire_choices":[{"data":"Bouncing Flask","floor":6,"key":"SMITH"},{"floor":10,"key":"REST"},{"floor":12,"key":"REST"},{"data":"Noxious Fumes","floor":15,"key":"SMITH"},{"data":"Footwork","floor":23,"key":"SMITH"}],"neow_cost":"NONE","seed_source_timestamp":190023217210855,"circlet_count":0,"master_deck":["Defend_G","Defend_G","Defend_G","Defend_G","Defend_G","Strike_G","Strike_G","Strike_G","Survivor","Neutralize","Bouncing Flask+1","Caltrops","Poisoned Stab","PiercingWail","A Thousand Cuts","Noxious Fumes+1","Footwork+1","Flying Knee","Flechettes","Wraith Form v2","Tactician+1","Cloak And Dagger+1","Catalyst+1","Necronomicurse","Envenom","Cloak And Dagger"],"relics":["Ring of the Snake","PreservedInsect","Golden Idol","Boot","Strawberry","Mercury Hourglass","Sozu","Necronomicon","Omamori"],"potions_floor_usage":[11,11,16],"damage_taken":[{"damage":7,"enemies":"Jaw Worm","floor":1,"turns":4},{"damage":4,"enemies":"Small Slimes","floor":2,"turns":4},{"damage":29,"enemies":"3 Sentries","floor":7,"turns":7},{"damage":8,"enemies":"2 Louse","floor":8,"turns":2},{"damage":6,"enemies":"Lagavulin","floor":11,"turns":5},{"damage":12,"enemies":"Lots of Slimes","floor":13,"turns":2},{"damage":34,"enemies":"The Guardian","floor":16,"turns":9},{"damage":8,"enemies":"Spheric Guardian","floor":18,"turns":5},{"damage":8,"enemies":"2 Thieves","floor":19,"turns":4},{"damage":1,"enemies":"Centurion and Healer","floor":20,"turns":7},{"damage":27,"enemies":"Snecko","floor":25,"turns":5},{"damage":24,"enemies":"Cultist and Chosen","floor":27,"turns":4}],"seed_played":"1848707463415723582","potions_obtained":[{"floor":7,"key":"Dexterity Potion"},{"floor":8,"key":"Block Potion"},{"floor":13,"key":"Explosive Potion"},{"floor":16,"key":"SteroidPotion"}],"is_trial":false,"path_per_floor":["M","M","?","?","?","R","E","M","T","R","E","R","M","$","R","B",null,"M","M","M","?","?","R","$","M","T","M"],"character_chosen":"THE_SILENT","items_purchased":["Footwork","Flying Knee","Flechettes","Envenom"],"campfire_rested":2,"item_purchase_floors":[14,14,14,24],"current_hp_per_floor":[56,52,41,41,41,41,12,4,11,32,26,47,35,35,35,1,54,46,38,37,21,45,45,45,18,18,0],"gold":71,"neow_bonus":"RANDOM_COMMON_RELIC","is_prod":false,"is_daily":false,"chose_seed":false,"campfire_upgraded":3,"win_rate":0,"timestamp":1547412287,"path_taken":["M","M","?","?","?","R","E","M","T","R","E","R","?","$","R","BOSS","M","M","M","?","?","R","?","M","T","?"],"build_version":"2019-01-10","purchased_purges":2,"victory":false,"max_hp_per_floor":[70,70,70,65,65,65,65,65,72,72,72,72,72,72,72,72,72,72,72,72,72,72,72,72,72,72,72],"card_choices":[{"not_picked":["Prepared","Leg Sweep"],"picked":"Bouncing Flask","floor":1},{"not_picked":["Underhanded Strike","Sucker Punch"],"picked":"Caltrops","floor":2},{"not_picked":["Wraith Form v2","Tactician"],"picked":"Poisoned Stab","floor":7},{"not_picked":["Blade Dance","Bane"],"picked":"PiercingWail","floor":8},{"not_picked":["Bane","Underhanded Strike"],"picked":"A Thousand Cuts","floor":11},{"not_picked":["Flying Knee","Backflip"],"picked":"Noxious Fumes","floor":13},{"not_picked":["Grand Finale","Doppelganger"],"picked":"Wraith Form v2","floor":16},{"not_picked":["Prepared","Underhanded Strike+1"],"picked":"Tactician+1","floor":18},{"not_picked":["Poisoned Stab+1","Expertise"],"picked":"Cloak And Dagger+1","floor":19},{"not_picked":["Poisoned Stab+1","Backflip"],"picked":"Catalyst+1","floor":20},{"not_picked":["Dagger Throw","Blade Dance"],"picked":"Cloak And Dagger","floor":25}],"player_experience":509896,"relics_obtained":[{"floor":7,"key":"Boot"},{"floor":9,"key":"Strawberry"},{"floor":11,"key":"Mercury Hourglass"},{"floor":21,"key":"Necronomicon"},{"floor":26,"key":"Omamori"}],"event_choices":[{"damage_healed":0,"gold_gain":75,"player_choice":"Gather Gold","damage_taken":11,"max_hp_gain":0,"max_hp_loss":0,"event_name":"World of Goop","floor":3,"gold_loss":0},{"damage_healed":0,"gold_gain":0,"player_choice":"Lose Max HP","damage_taken":0,"relics_obtained":["Golden Idol"],"max_hp_gain":0,"max_hp_loss":5,"event_name":"Golden Idol","floor":4,"gold_loss":0},{"damage_healed":0,"gold_gain":0,"player_choice":"Ignored","damage_taken":0,"max_hp_gain":0,"max_hp_loss":0,"event_name":"Shining Light","floor":5,"gold_loss":0},{"damage_healed":0,"gold_gain":0,"player_choice":"Obtained Book","damage_taken":16,"max_hp_gain":0,"max_hp_loss":0,"event_name":"Cursed Tome","floor":21,"gold_loss":0},{"damage_healed":24,"gold_gain":0,"player_choice":"Heal","damage_taken":0,"max_hp_gain":0,"max_hp_loss":0,"event_name":"The Library","floor":22,"gold_loss":0}],"is_beta":false,"boss_relics":[{"not_picked":["White Beast Statue","Empty Cage"],"picked":"Sozu"}],"items_purged_floors":[14,24],"is_endless":false,"potions_floor_spawned":[7,8,13,16,20],"killed_by":"Cultist and Chosen","ascension_level":7}