{"gold_per_floor":[112,112,131,4,79,98,123,123,123,142,142,155,167,167,167,269,269,286,385,399,399,399,429,443,443,443,476,386,405,421,440,440,538,538,553,553,553,571,140,167,167,187,237,237,251,267,294,311,311,311],"floor_reached":50,"playtime":16847,"items_purged":["Strike_B"],"score":857,"play_id":"e94959c4-274d-4924-8ca3-c53721ea2ea6","local_time":"20190119114703","is_ascension_mode":true,"campfire_choices":[{"floor":11,"key":"REST"},{"data":"Go for the Eyes","floor":15,"key":"SMITH"},{"floor":25,"key":"REST"},{"data":"Dualcast","floor":32,"key":"SMITH"},{"data":"Defragment","floor":41,"key":"SMITH"},{"floor":44,"key":"REST"},{"floor":49,"key":"REST"}],"neow_cost":"NONE","seed_source_timestamp":346006132492449,"circlet_count":0,"master_deck":["AscendersBane","Strike_B+1","Defend_B","Defend_B","Defend_B","Defend_B","Zap+1","Dualcast+1","Coolheaded","Sweeping Beam+1","Doom and Gloom","Cold Snap","Genetic Algorithm","Go for the Eyes+1","Auto Shields","Electrodynamics","Chill","Turbo+1","Go for the Eyes+1","Steam","FTL","Reboot","Loop+1","Defragment+1","Blind","Capacitor+1","Self Repair+1"],"relics":["Cracked Core","Turnip","Unceasing Top","Mercury Hourglass","Dodecahedron","Philosopher\u0027s Stone","Cables","Nilry\u0027s Codex","Mummified Hand","Ginger","Ice Cream","Nuclear Battery","Bottled Tornado","Toxic Egg 2","Lantern","Blue Candle"],"potions_floor_usage":[27,29,33,42,45,48,50],"damage_taken":[{"damage":12,"enemies":"2 Louse","floor":1,"turns":3},{"damage":0,"enemies":"Jaw Worm","floor":3,"turns":3},{"damage":0,"enemies":"Small Slimes","floor":6,"turns":2},{"damage":20,"enemies":"Gremlin Nob","floor":7,"turns":4},{"damage":4,"enemies":"Gremlin Gang","floor":10,"turns":2},{"damage":1,"enemies":"Looter","floor":12,"turns":3},{"damage":14,"enemies":"Large Slime","floor":13,"turns":5},{"damage":11,"enemies":"Hexaghost","floor":16,"turns":10},{"damage":6,"enemies":"Shell Parasite","floor":18,"turns":5},{"damage":0,"enemies":"Spheric Guardian","floor":20,"turns":3},{"damage":17,"enemies":"Slavers","floor":23,"turns":5},{"damage":0,"enemies":"Centurion and Healer","floor":24,"turns":6},{"damage":34,"enemies":"Book of Stabbing","floor":27,"turns":7},{"damage":1,"enemies":"Snecko","floor":29,"turns":6},{"damage":0,"enemies":"Sentry and Sphere","floor":30,"turns":4},{"damage":5,"enemies":"Centurion and Healer","floor":31,"turns":5},{"damage":2,"enemies":"Champ","floor":33,"turns":13},{"damage":10,"enemies":"Orb Walker","floor":35,"turns":4},{"damage":0,"enemies":"3 Shapes","floor":38,"turns":2},{"damage":29,"enemies":"Reptomancer","floor":40,"turns":4},{"damage":3,"enemies":"Transient","floor":42,"turns":5},{"damage":1,"enemies":"Spire Growth","floor":45,"turns":5},{"damage":0,"enemies":"3 Darklings","floor":46,"turns":3},{"damage":1,"enemies":"Giant Head","floor":47,"turns":8},{"damage":1,"enemies":"4 Shapes","floor":48,"turns":5},{"damage":94,"enemies":"Time Eater","floor":50,"turns":9}],"seed_played":"-2446708218643608165","potions_obtained":[{"floor":1,"key":"Fire Potion"},{"floor":6,"key":"SpeedPotion"},{"floor":7,"key":"Fire Potion"},{"floor":29,"key":"Poison Potion"},{"floor":30,"key":"Poison Potion"},{"floor":31,"key":"Energy Potion"},{"floor":42,"key":"GamblersBrew"},{"floor":47,"key":"SkillPotion"}],"is_trial":false,"path_per_floor":["M","?","M","$","?","M","E","?","T","M","R","M","M","T","R","B",null,"M","?","M","T","?","E","M","R","T","E","?","M","M","M","R","B",null,"M","?","?","M","$","E","R","M","T","R","M","M","E","M","R","B"],"character_chosen":"DEFECT","items_purchased":["Sweeping Beam","Defragment","Bottled Tornado","Blind"],"campfire_rested":4,"item_purchase_floors":[4,39,39,39],"current_hp_per_floor":[63,47,47,47,36,36,16,13,13,9,33,32,18,18,18,7,63,57,57,57,57,41,24,24,48,48,14,14,13,13,8,8,6,63,53,53,53,53,53,24,24,21,21,45,44,54,63,72,82,0],"gold":311,"neow_bonus":"TEN_PERCENT_HP_BONUS","is_prod":false,"is_daily":false,"chose_seed":false,"campfire_upgraded":3,"win_rate":0,"timestamp":1547920023,"path_taken":["M","?","M","$","?","M","E","?","T","M","R","M","M","?","R","BOSS","M","?","M","?","?","E","M","R","T","E","?","M","M","?","R","BOSS","M","?","?","M","$","E","R","M","T","R","M","M","E","M","R","BOSS"],"build_version":"2019-01-17v2","purchased_purges":1,"victory":false,"max_hp_per_floor":[82,82,82,82,82,82,82,82,82,82,82,82,82,82,82,82,82,82,82,82,82,82,82,82,82,82,82,82,82,82,82,82,82,82,82,82,82,82,82,82,82,82,82,82,82,82,82,82,82,82],"card_choices":[{"not_picked":["Tempest","Static Discharge","Aggregate"],"picked":"SKIP","floor":1},{"not_picked":["Redo","Compile Driver"],"picked":"Coolheaded","floor":3},{"not_picked":["Amplify","Compile Driver"],"picked":"Doom and Gloom","floor":6},{"not_picked":["Beam Cell","Steam"],"picked":"Cold Snap","floor":7},{"not_picked":["Cold Snap","Ball Lightning"],"picked":"Genetic Algorithm","floor":10},{"not_picked":["Heatsinks","Gash"],"picked":"Go for the Eyes","floor":12},{"not_picked":["Doom and Gloom","Barrage"],"picked":"Auto Shields","floor":13},{"not_picked":["Biased Cognition","Fission"],"picked":"Electrodynamics","floor":16},{"not_picked":["Go for the Eyes","Coolheaded"],"picked":"Chill","floor":18},{"not_picked":["Genetic Algorithm","Stack","Blizzard"],"picked":"SKIP","floor":20},{"not_picked":["Genetic Algorithm","Ball Lightning+1","Barrage"],"picked":"SKIP","floor":23},{"not_picked":["Stack","Chaos+1"],"picked":"Turbo+1","floor":24},{"not_picked":["Rebound","Multi-Cast"],"picked":"Go for the Eyes+1","floor":27},{"not_picked":["Cold Snap","Auto Shields+1"],"picked":"Steam","floor":29},{"not_picked":["Barrage","Turbo","Storm"],"picked":"SKIP","floor":30},{"not_picked":["Compile Driver","Sweeping Beam"],"picked":"FTL","floor":31},{"not_picked":["Core Surge","Fission"],"picked":"Reboot","floor":33},{"not_picked":["Compile Driver","Reinforced Body","Stack+1"],"picked":"SKIP","floor":35},{"not_picked":["Compile Driver","Reinforced Body","Stack+1"],"picked":"SKIP","floor":35},{"not_picked":["Sunder","Genetic Algorithm+1"],"picked":"Loop+1","floor":38},{"not_picked":["Compile Driver","Hologram","Ball Lightning"],"picked":"SKIP","floor":40},{"not_picked":["Barrage","Streamline+1"],"picked":"Capacitor+1","floor":42},{"not_picked":["Streamline+1","Auto Shields+1"],"picked":"Self Repair+1","floor":45},{"not_picked":["Gash+1","Beam Cell+1","Darkness+1"],"picked":"SKIP","floor":46},{"not_picked":["Steam Power+1","Hello World","Glacier+1"],"picked":"SKIP","floor":47},{"not_picked":["Barrage","Go for the Eyes","Turbo+1"],"picked":"SKIP","floor":48}],"player_experience":763095,"relics_obtained":[{"floor":7,"key":"Turnip"},{"floor":9,"key":"Mercury Hourglass"},{"floor":14,"key":"Dodecahedron"},{"floor":21,"key":"Cables"},{"floor":22,"key":"Nilry\u0027s Codex"},{"floor":23,"key":"Mummified Hand"},{"floor":26,"key":"Ginger"},{"floor":27,"key":"Ice Cream"},{"floor":40,"key":"Toxic Egg 2"},{"floor":43,"key":"Lantern"},{"floor":47,"key":"Blue Candle"}],"event_choices":[{"damage_healed":0,"gold_gain":0,"player_choice":"Entered Light","damage_taken":16,"max_hp_gain":0,"max_hp_loss":0,"event_name":"Shining Light","floor":2,"gold_loss":0,"cards_upgraded":["Zap","Strike_B"]},{"damage_healed":0,"gold_gain":75,"player_choice":"Gather Gold","damage_taken":11,"max_hp_gain":0,"max_hp_loss":0,"event_name":"World of Goop","floor":5,"gold_loss":0},{"damage_healed":0,"gold_gain":0,"player_choice":"Success","damage_taken":3,"relics_obtained":["Unceasing Top"],"max_hp_gain":0,"max_hp_loss":0,"event_name":"Scrap Ooze","floor":8,"gold_loss":0},{"damage_healed":0,"gold_gain":99,"player_choice":"Stole From Cult","damage_taken":0,"max_hp_gain":0,"max_hp_loss":0,"event_name":"Nest","floor":19,"gold_loss":0},{"damage_healed":0,"gold_gain":0,"player_choice":"Obtained Book","damage_taken":16,"max_hp_gain":0,"max_hp_loss":0,"event_name":"Cursed Tome","floor":22,"gold_loss":0},{"cards_removed":["Strike_B"],"damage_healed":0,"gold_gain":0,"player_choice":"Upgrade and Remove","damage_taken":0,"max_hp_gain":0,"max_hp_loss":0,"event_name":"Designer","floor":28,"gold_loss":90,"cards_upgraded":["Sweeping Beam"]},{"cards_removed":["Strike_B"],"damage_healed":0,"gold_gain":0,"player_choice":"Removed Attack","damage_taken":0,"max_hp_gain":0,"max_hp_loss":0,"event_name":"Falling","floor":36,"gold_loss":0},{"damage_healed":0,"gold_gain":0,"player_choice":"Ignored","damage_taken":0,"max_hp_gain":0,"max_hp_loss":0,"event_name":"Tomb of Lord Red Mask","floor":37,"gold_loss":0}],"is_beta":false,"boss_relics":[{"not_picked":["Pandora\u0027s Box","Astrolabe"],"picked":"Philosopher\u0027s Stone"},{"not_picked":["Coffee Dripper","Tiny House"],"picked":"Nuclear Battery"}],"items_purged_floors":[4],"is_endless":false,"potions_floor_spawned":[1,6,7,16,24,29,30,31,42,47],"killed_by":"Time Eater","ascension_level":10}