{"gold_per_floor":[368,378,378,179,179,206,75,75,129,159,79,42,42,70,70,144,144,155,155,70,70,87,87,121,121,121,141,158,83,8,19,19,93,93,105,105,123,139,158,158,188,188,188,214,214,241,241,255,255,255,255,255,255,7,37,37],"floor_reached":57,"playtime":6632,"items_purged":["Shame"],"score":2723,"play_id":"d9df33ca-af9b-4c6c-8b42-490f2fb8668d","local_time":"20190303213522","is_ascension_mode":true,"campfire_choices":[{"floor":8.0,"key":"REST"},{"floor":13.0,"key":"REST"},{"data":"Disarm","floor":15.0,"key":"SMITH"},{"floor":23.0,"key":"REST"},{"data":"Inflame","floor":32.0,"key":"SMITH"},{"data":"Feel No Pain","floor":40.0,"key":"SMITH"},{"data":"Limit Break","floor":47.0,"key":"SMITH"},{"floor":49.0,"key":"RECALL"},{"data":"Shockwave","floor":53,"key":"SMITH"}],"neow_cost":"CURSE","seed_source_timestamp":28636506038263,"circlet_count":0,"master_deck":["AscendersBane","Strike_R+1","Strike_R+1","Strike_R+1","Strike_R+1","Defend_R+1","Defend_R+1","Defend_R+1","Bash","Armaments","Sword Boomerang+1","Rampage","Corruption","Limit Break","Shrug It Off+1","Spot Weakness","True Grit","Disarm+1","Inflame+1","Feed","Anger+1","Burning Pact","Corruption","Shockwave+1","Reaper","Feel No Pain+1","Headbutt","Limit Break+1","Secret Technique","Parasite","Battle Trance","Apotheosis","Whirlwind","Shrug It Off+1"],"special_seed":0,"relics":["Burning Blood","Self Forming Clay","Centennial Puzzle","Oddly Smooth Stone","Omamori","Cursed Key","MutagenicStrength","Pen Nib","Nilry\u0027s Codex","Whetstone","Bottled Flame","Orrery","Dream Catcher","Paper Frog","Kunai","War Paint"],"potions_floor_usage":[55,56],"damage_taken":[{"damage":3.0,"enemies":"2 Louse","floor":1.0,"turns":2.0},{"damage":11.0,"enemies":"Jaw Worm","floor":2.0,"turns":7.0},{"damage":31.0,"enemies":"Gremlin Nob","floor":6.0,"turns":4.0},{"damage":11.0,"enemies":"Lagavulin","floor":10.0,"turns":6.0},{"damage":34.0,"enemies":"Gremlin Nob","floor":14.0,"turns":4.0},{"damage":18.0,"enemies":"The Guardian","floor":16.0,"turns":11.0},{"damage":16.0,"enemies":"Spheric Guardian","floor":18.0,"turns":4.0},{"damage":16.0,"enemies":"2 Thieves","floor":22.0,"turns":5.0},{"damage":5.0,"enemies":"Book of Stabbing","floor":24.0,"turns":3.0},{"damage":9.0,"enemies":"3 Cultists","floor":27.0,"turns":6.0},{"damage":3.0,"enemies":"Chosen and Byrds","floor":28.0,"turns":7.0},{"damage":9.0,"enemies":"Centurion and Healer","floor":31.0,"turns":4.0},{"damage":50.0,"enemies":"Automaton","floor":33.0,"turns":8.0},{"damage":20.0,"enemies":"3 Shapes","floor":35.0,"turns":5.0},{"damage":34.0,"enemies":"3 Darklings","floor":37.0,"turns":4.0},{"damage":12.0,"enemies":"Jaw Worm Horde","floor":38.0,"turns":6.0},{"damage":67.0,"enemies":"Spire Growth","floor":39.0,"turns":8.0},{"damage":53.0,"enemies":"Reptomancer","floor":41.0,"turns":8.0},{"damage":31.0,"enemies":"Giant Head","floor":44.0,"turns":6.0},{"damage":45.0,"enemies":"Reptomancer","floor":46.0,"turns":5.0},{"damage":6.0,"enemies":"Writhing Mass","floor":48.0,"turns":4.0},{"damage":73,"enemies":"Awakened One","floor":50,"turns":13},{"damage":48,"enemies":"Donu and Deca","floor":51,"turns":7},{"damage":44,"enemies":"Shield and Spear","floor":55,"turns":6},{"damage":104,"enemies":"The Heart","floor":56,"turns":11}],"seed_played":"-2816336852673255986","potions_obtained":[{"floor":1.0,"key":"Strength Potion"},{"floor":6.0,"key":"Explosive Potion"},{"floor":16.0,"key":"Strength Potion"},{"floor":18.0,"key":"Energy Potion"},{"floor":24.0,"key":"PowerPotion"},{"floor":27.0,"key":"GamblersBrew"},{"floor":37.0,"key":"SteroidPotion"},{"floor":38.0,"key":"SteroidPotion"},{"floor":41.0,"key":"SteroidPotion"},{"floor":48.0,"key":"Explosive Potion"}],"is_trial":false,"path_per_floor":["M","M","?","$","?","E","$","R","T","E","$","$","R","E","R","B",null,"M","?","?","?","M","R","E","?","T","M","M","$","?","M","R","B",null,"M","?","M","M","M","R","E","?","T","E","?","E","R","M","R","B","B",null,"R","$","E","B",null],"character_chosen":"IRONCLAD","items_purchased":["Rampage","Corruption","Shrug It Off","Spot Weakness","Disarm","Inflame","Shockwave","Apotheosis","Whirlwind"],"campfire_rested":3,"item_purchase_floors":[4,4,7,7,11,12,29,54,54],"current_hp_per_floor":[71,66,43,43,43,18,18,40,40,35,35,35,57,29,29,17,61,54,54,54,33,26,50,51,51,51,48,51,51,51,51,51,7,65,84,84,87,90,62,62,93,88,88,63,53,52,52,94,94,94,97,97,97,97,101,65],"gold":37,"neow_bonus":"TWO_FIFTY_GOLD","is_prod":false,"is_daily":false,"chose_seed":false,"campfire_upgraded":5,"win_rate":0,"timestamp":1551609322,"path_taken":["M","M","?","$","?","E","$","R","T","E","?","$","R","E","R","BOSS","M","?","?","?","M","R","E","?","T","M","M","$","?","M","R","BOSS","M","?","M","M","M","R","E","?","T","E","?","E","R","?","R","BOSS","BOSS","R","$","E","BOSS"],"build_version":"2019-01-23","purchased_purges":1,"victory":true,"max_hp_per_floor":[75,75,75,75,75,75,75,75,75,75,75,75,75,75,75,75,75,78,78,78,78,81,81,81,81,81,81,81,81,81,84,84,84,84,87,87,87,90,90,90,93,88,88,88,88,91,91,94,94,94,97,97,97,97,101,101],"card_choices":[{"not_picked":["Searing Blow","Clash"],"picked":"Armaments","floor":1.0},{"not_picked":["Dropkick","Infernal Blade"],"picked":"Sword Boomerang","floor":2.0},{"not_picked":["Reckless Charge","Rupture"],"picked":"Limit Break","floor":6.0},{"not_picked":["Sever Soul","Combust"],"picked":"True Grit","floor":10.0},{"not_picked":["Hemokinesis","Sentinel","Havoc"],"picked":"SKIP","floor":14.0},{"not_picked":["Limit Break","Exhume"],"picked":"Feed","floor":16.0},{"not_picked":["Thunderclap","Wild Strike"],"picked":"Anger+1","floor":18.0},{"not_picked":["Clothesline","True Grit"],"picked":"Burning Pact","floor":22.0},{"not_picked":["Sword Boomerang","Twin Strike"],"picked":"Corruption","floor":24.0},{"not_picked":["Demon Form","Rampage","Wild Strike+1"],"picked":"SKIP","floor":27.0},{"not_picked":["Carnage","Dual Wield","Warcry"],"picked":"SKIP","floor":28.0},{"not_picked":["Clash","Iron Wave","Cleave"],"picked":"SKIP","floor":31.0},{"not_picked":["Dark Embrace","Barricade"],"picked":"Reaper","floor":33.0},{"not_picked":["Armaments","Cleave"],"picked":"Feel No Pain","floor":34.0},{"not_picked":["Pommel Strike","Rage","Pummel+1"],"picked":"SKIP","floor":35.0},{"not_picked":["Wild Strike+1","Body Slam"],"picked":"Headbutt","floor":37.0},{"not_picked":["Wild Strike","True Grit+1"],"picked":"Limit Break","floor":38.0},{"not_picked":["Intimidate+1","Pommel Strike","True Grit"],"picked":"SKIP","floor":39.0},{"not_picked":["Evolve","Juggernaut","Wild Strike"],"picked":"SKIP","floor":41.0},{"not_picked":["Fire Breathing","Infernal Blade+1","Iron Wave"],"picked":"SKIP","floor":44.0},{"not_picked":["Magnetism","Impatience"],"picked":"Secret Technique","floor":45.0},{"not_picked":["True Grit","Power Through","Carnage"],"picked":"SKIP","floor":46.0},{"not_picked":["Whirlwind+1","Pommel Strike"],"picked":"Battle Trance","floor":48.0},{"not_picked":["Iron Wave","Fire Breathing"],"picked":"Shrug It Off","floor":55}],"player_experience":785853,"relics_obtained":[{"floor":6.0,"key":"Self Forming Clay"},{"floor":9.0,"key":"Centennial Puzzle"},{"floor":10.0,"key":"Oddly Smooth Stone"},{"floor":14.0,"key":"Omamori"},{"floor":21.0,"key":"Nilry\u0027s Codex"},{"floor":24.0,"key":"Whetstone"},{"floor":26.0,"key":"Bottled Flame"},{"floor":41.0,"key":"Dream Catcher"},{"floor":44.0,"key":"Paper Frog"},{"floor":46.0,"key":"Kunai"},{"floor":55,"key":"War Paint"}],"event_choices":[{"damage_healed":0.0,"max_hp_gain":0.0,"max_hp_loss":0.0,"gold_gain":0.0,"event_name":"Shining Light","player_choice":"Entered Light","floor":3.0,"gold_loss":0.0,"damage_taken":23.0,"cards_upgraded":["Defend_R","Sword Boomerang"]},{"damage_healed":0.0,"max_hp_gain":0.0,"max_hp_loss":0.0,"gold_gain":0.0,"event_name":"Liars Game","player_choice":"Ignored","floor":5.0,"gold_loss":0.0,"damage_taken":0.0},{"damage_healed":0.0,"max_hp_gain":0.0,"max_hp_loss":0.0,"gold_gain":0.0,"event_name":"Drug Dealer","player_choice":"Inject Mutagens","floor":19.0,"gold_loss":0.0,"damage_taken":0.0,"relics_obtained":["MutagenicStrength"]},{"damage_healed":0.0,"max_hp_gain":0.0,"max_hp_loss":0.0,"gold_gain":0.0,"event_name":"Addict","player_choice":"Obtained Relic","floor":20.0,"gold_loss":85.0,"damage_taken":0.0,"relics_obtained":["Pen Nib"]},{"damage_healed":0.0,"max_hp_gain":0.0,"max_hp_loss":0.0,"gold_gain":0.0,"event_name":"Cursed Tome","player_choice":"Obtained Book","floor":21.0,"gold_loss":0.0,"damage_taken":21.0},{"damage_healed":0.0,"max_hp_gain":0.0,"max_hp_loss":0.0,"gold_gain":0.0,"event_name":"Back to Basics","player_choice":"Simplicity","floor":25.0,"gold_loss":0.0,"damage_taken":0.0,"cards_upgraded":["Strike_R","Strike_R","Strike_R","Defend_R","Defend_R","Defend_R"]},{"cards_removed":["Strike_R"],"damage_healed":0.0,"max_hp_gain":0.0,"max_hp_loss":0.0,"gold_gain":0.0,"event_name":"Beggar","player_choice":"Gave Gold","floor":30.0,"gold_loss":75.0,"damage_taken":0.0},{"cards_removed":["Defend_R"],"damage_healed":0.0,"max_hp_gain":0.0,"max_hp_loss":0.0,"gold_gain":0.0,"event_name":"Falling","player_choice":"Removed Skill","floor":36.0,"gold_loss":0.0,"damage_taken":0.0},{"damage_healed":0.0,"max_hp_gain":0.0,"max_hp_loss":5.0,"gold_gain":0.0,"event_name":"Winding Halls","player_choice":"Max HP","floor":42.0,"gold_loss":0.0,"damage_taken":0.0},{"damage_healed":0.0,"max_hp_gain":0.0,"max_hp_loss":0.0,"gold_gain":0.0,"event_name":"SensoryStone","player_choice":"Memory 3","floor":45.0,"gold_loss":0.0,"damage_taken":10.0}],"is_beta":false,"boss_relics":[{"not_picked":["Runic Cube","Mark of Pain"],"picked":"Cursed Key"},{"not_picked":["Astrolabe","Pandora\u0027s Box"],"picked":"Orrery"}],"items_purged_floors":[4],"is_endless":false,"potions_floor_spawned":[1,6,16,18,24,27,37,38,41,48],"ascension_level":20}