{"path_per_floor":["M","M","?","M","$","E","R","?","T","E","M","M","E","M","R"],"character_chosen":"THE_SILENT","items_purchased":["Swift Strike"],"gold_per_floor":[17,36,111,128,38,64,64,34,34,63,83,97,131,147,147],"floor_reached":16,"campfire_rested":2,"playtime":1536,"current_hp_per_floor":[66,65,54,54,54,30,53,53,53,51,50,43,42,39,62],"items_purged":[],"gold":147,"score":122,"play_id":"5a065ff6-69a7-499e-b743-6c481ab8c9ed","local_time":"20180302130528","is_prod":false,"is_daily":false,"is_ascension_mode":false,"campfire_upgraded":0,"timestamp":1520013928,"path_taken":["M","M","?","M","$","E","R","?","T","E","M","M","E","?","R","BOSS"],"build_version":"2018-03-01-PROD1","purchased_purges":1,"victory":false,"master_deck":["Defend_G","Defend_G","Defend_G","Defend_G","Defend_G","Strike_G","Strike_G","Strike_G","Strike_G","Strike_G","Survivor","Neutralize","Dagger Throw","Underhanded Strike","Backstab","Swift Strike","Underhanded Strike","Masterful Stab","Slice","Slice","Skewer","Flying Knee"],"max_hp_per_floor":[70,70,70,70,70,77,77,77,77,77,77,77,77,77,77],"relics":["Ring of the Snake","Du-Vu Doll","Strawberry","Torii","Meat on the Bone","Blood Vial"],"card_choices":[{"not_picked":["Slice","Flying Knee"],"picked":"Dagger Throw"},{"not_picked":["Outmaneuver","Corpse Explosion"],"picked":"Underhanded Strike"},{"not_picked":["Infinite Blades","Blade Dance"],"picked":"Backstab"},{"not_picked":["Deflect","Distraction"],"picked":"Underhanded Strike"},{"not_picked":["Well Laid Plans","Eviscerate"],"picked":"Masterful Stab"},{"not_picked":["Deadly Poison","Finisher"],"picked":"Slice"},{"not_picked":["Outmaneuver","Expertise"],"picked":"Slice"},{"not_picked":["Slice","Deadly Poison"],"picked":"Skewer"},{"not_picked":["Escape Plan","Footwork"],"picked":"Flying Knee"}],"player_experience":36681,"potions_floor_usage":[10,13,13,16],"damage_taken":[{"damage":4,"enemies":"2 Louse","floor":1,"turns":3},{"damage":1,"enemies":"Jaw Worm","floor":2,"turns":5},{"damage":0,"enemies":"Small Slimes","floor":4,"turns":3},{"damage":31,"enemies":"Lagavulin","floor":6,"turns":7},{"damage":2,"enemies":"3 Sentries","floor":10,"turns":8},{"damage":1,"enemies":"Red Slaver","floor":11,"turns":3},{"damage":19,"enemies":"Gremlin Gang","floor":12,"turns":7},{"damage":13,"enemies":"Lagavulin","floor":13,"turns":5},{"damage":17,"enemies":"Exordium Thugs","floor":14,"turns":5},{"damage":22,"enemies":"Hexaghost","floor":16,"turns":9}],"event_choices":[{"event_name":"World of Goop","player_choice":"Gather Gold","floor":3,"damage_taken":0},{"event_name":"The Woman in Blue","player_choice":"Bought 2 Potions","floor":8,"damage_taken":0}],"boss_relics":[],"potions_floor_spawned":[6,10,11,12,13],"seed_played":"-2419032516986864315","killed_by":"Hexaghost","ascension_level":0,"is_trial":false}