{"gold_per_floor":[114,45,45,64,19,19,57,76,76,76,95,114,114,133,133,258,258,277,7,26,45,64,102,121,121,171,209,228,247,87,106,106,231,231,250,276,211,230,249,287,306,306,381,381,400,400,468,487,487,487],"floor_reached":51,"playtime":8590,"items_purged":[],"score":1255,"play_id":"1757fa9d-a279-444b-b822-55978b489eee","local_time":"20180810130027","daily_mods":["Brewmaster","Cursed Run","Time Dilation"],"is_ascension_mode":false,"campfire_choices":[{"data":"Predator","floor":6,"key":"SMITH"},{"data":"Neutralize","floor":10,"key":"SMITH"},{"data":"Footwork","floor":15,"key":"SMITH"},{"data":"After Image","floor":32,"key":"SMITH"},{"data":"A Thousand Cuts","floor":42,"key":"SMITH"},{"data":"1","floor":46,"key":"LIFT"},{"data":"2","floor":49,"key":"LIFT"}],"neow_cost":"","seed_source_timestamp":0,"circlet_count":0,"master_deck":["Defend_G","Defend_G","Defend_G","Defend_G","Defend_G","Strike_G","Strike_G","Strike_G","Strike_G","Strike_G","Survivor","Neutralize+1","Venomology","Venomology","Venomology","Venomology","Venomology","Dodge and Roll","Predator+1","Injury","Flying Knee","Dagger Spray","Acrobatics","Poisoned Stab","Decay","Blur","Flechettes","Footwork+1","After Image+1","Infinite Blades+1","Footwork","Cloak And Dagger","Predator","Deflect","Cloak And Dagger","Blur+1","Backstab","Clumsy","Endless Agony","Neutralize+1","Cloak And Dagger","Pain","A Thousand Cuts+1","Heel Hook+1","Backflip+1","Backstab","Dagger Spray+1","Regret","Parasite","Well Laid Plans+1","Blade Dance","Writhe"],"special_seed":17753,"relics":["Cursed Key","Darkstone Periapt","Du-Vu Doll","White Beast Statue","Golden Idol","Anchor","The Courier","Busted Crown","Paper Crane","Blood Vial","Bag of Preparation","Strawberry","DollysMirror","Lizard Tail","Girya","Gambling Chip","Mummified Hand","Tiny Chest"],"potions_floor_usage":[1,7,7,11,16,16,16,18,18,20,20,21,21,21,22,23,23,24,24,24,27,27,33,33,33,33,33,35,36,36,50,50,50,50,50],"damage_taken":[{"damage":0,"enemies":"Cultist","floor":1,"turns":5},{"damage":0,"enemies":"Small Slimes","floor":4,"turns":2},{"damage":0,"enemies":"Gremlin Nob","floor":7,"turns":2},{"damage":1,"enemies":"Jaw Worm","floor":8,"turns":2},{"damage":0,"enemies":"Blue Slaver","floor":11,"turns":2},{"damage":0,"enemies":"Looter","floor":12,"turns":3},{"damage":0,"enemies":"Large Slime","floor":14,"turns":3},{"damage":0,"enemies":"The Guardian","floor":16,"turns":10},{"damage":0,"enemies":"Shell Parasite","floor":18,"turns":2},{"damage":0,"enemies":"Spheric Guardian","floor":20,"turns":2},{"damage":1,"enemies":"Chosen and Byrds","floor":21,"turns":4},{"damage":0,"enemies":"Snake Plant","floor":22,"turns":4},{"damage":16,"enemies":"Slavers","floor":23,"turns":5},{"damage":0,"enemies":"Snecko","floor":24,"turns":3},{"damage":0,"enemies":"Book of Stabbing","floor":27,"turns":3},{"damage":6,"enemies":"Cultist and Chosen","floor":28,"turns":3},{"damage":0,"enemies":"Centurion and Healer","floor":29,"turns":4},{"damage":0,"enemies":"Chosen and Byrds","floor":31,"turns":3},{"damage":1,"enemies":"Automaton","floor":33,"turns":10},{"damage":0,"enemies":"3 Shapes","floor":35,"turns":2},{"damage":0,"floor":36,"turns":4},{"damage":0,"enemies":"Orb Walker","floor":38,"turns":2},{"damage":3,"enemies":"4 Shapes","floor":39,"turns":5},{"damage":0,"enemies":"Nemesis","floor":40,"turns":5},{"damage":0,"enemies":"Spire Growth","floor":41,"turns":3},{"damage":4,"enemies":"Sphere and 2 Shapes","floor":45,"turns":4},{"damage":1,"enemies":"Giant Head","floor":47,"turns":7},{"damage":0,"enemies":"3 Darklings","floor":48,"turns":2},{"damage":3,"enemies":"Donu and Deca","floor":50,"turns":9}],"seed_played":"-7128863653250281528","potions_obtained":[{"floor":1,"key":"Explosive Potion"},{"floor":4,"key":"Fire Potion"},{"floor":7,"key":"Fire Potion"},{"floor":16,"key":"Fire Potion"},{"floor":20,"key":"Poison Potion"},{"floor":22,"key":"LiquidBronze"},{"floor":23,"key":"Fruit Juice"},{"floor":24,"key":"FearPotion"},{"floor":33,"key":"GhostInAJar"},{"floor":36,"key":"SpeedPotion"}],"is_trial":false,"path_per_floor":["M","$","?","M","$","R","E","M","T","R","M","M","?","M","R","B",null,"M","$","M","M","M","E","M","?","T","E","M","M","$","M","R","B",null,"M","?","$","M","M","E","M","R","T","?","M","R","E","M","R","B"],"character_chosen":"THE_SILENT","items_purchased":["Predator","Dagger Spray","Paper Crane","Footwork","Cloak And Dagger","DollysMirror","Backstab"],"campfire_rested":0,"item_purchase_floors":[2,5,19,19,19,30,37],"current_hp_per_floor":[70,70,76,76,76,76,76,75,81,81,81,81,81,81,81,87,88,88,88,88,87,87,71,83,83,89,98,94,96,96,98,98,105,112,112,112,112,112,109,111,112,112,118,124,120,120,121,123,123,127],"gold":487,"neow_bonus":"","is_prod":false,"is_daily":true,"chose_seed":false,"campfire_upgraded":5,"win_rate":0,"timestamp":1533898827,"path_taken":["M","?","?","M","$","R","E","M","T","R","M","M","?","?","R","BOSS","M","$","M","M","M","E","?","?","T","E","M","M","$","M","R","BOSS","M","?","?","M","?","E","M","R","T","?","M","R","E","M","R","BOSS"],"build_version":"2018-08-09","purchased_purges":0,"victory":true,"max_hp_per_floor":[70,70,76,76,76,76,76,76,82,82,82,82,82,82,82,88,88,88,88,88,88,88,88,93,93,99,106,106,106,106,106,106,112,112,112,112,112,112,112,112,112,112,118,124,124,124,124,124,124,130],"card_choices":[{"not_picked":["Expertise","Outmaneuver"],"picked":"Dodge and Roll","floor":1},{"not_picked":["Prepared","Unload"],"picked":"Flying Knee","floor":4},{"not_picked":["Predator","Calculated Gamble"],"picked":"Acrobatics","floor":7},{"not_picked":["Outmaneuver","Acrobatics"],"picked":"Poisoned Stab","floor":8},{"not_picked":["Slice","Underhanded Strike"],"picked":"Blur","floor":11},{"not_picked":["Predator","Calculated Gamble"],"picked":"Flechettes","floor":12},{"not_picked":["Venomology","Blur"],"picked":"Footwork","floor":14},{"not_picked":["Bullet Time","Burst"],"picked":"After Image","floor":16},{"not_picked":[],"picked":"Infinite Blades+1","floor":18},{"not_picked":[],"picked":"Predator","floor":20},{"not_picked":[],"picked":"Deflect","floor":21},{"not_picked":[],"picked":"Cloak And Dagger","floor":22},{"not_picked":[],"picked":"Blur+1","floor":23},{"not_picked":["Eviscerate"],"picked":"SKIP","floor":24},{"not_picked":["Eviscerate+1"],"picked":"SKIP","floor":27},{"not_picked":["Expertise"],"picked":"SKIP","floor":28},{"not_picked":[],"picked":"Endless Agony","floor":29},{"not_picked":[],"picked":"Cloak And Dagger","floor":31},{"not_picked":[],"picked":"A Thousand Cuts","floor":33},{"not_picked":[],"picked":"Heel Hook+1","floor":35},{"not_picked":[],"picked":"Backflip+1","floor":36},{"not_picked":["Poisoned Stab+1"],"picked":"SKIP","floor":38},{"not_picked":["Dagger Spray+1"],"picked":"SKIP","floor":39},{"not_picked":[],"picked":"Dagger Spray+1","floor":39},{"not_picked":["Setup+1"],"picked":"SKIP","floor":40},{"not_picked":["Bane+1"],"picked":"SKIP","floor":41},{"not_picked":[],"picked":"Well Laid Plans+1","floor":45},{"not_picked":[],"picked":"Blade Dance","floor":47},{"not_picked":["Sucker Punch"],"picked":"SKIP","floor":48}],"player_experience":1300748,"relics_obtained":[{"floor":7,"key":"Anchor"},{"floor":9,"key":"The Courier"},{"floor":23,"key":"Blood Vial"},{"floor":26,"key":"Bag of Preparation"},{"floor":27,"key":"Strawberry"},{"floor":36,"key":"Girya"},{"floor":40,"key":"Gambling Chip"},{"floor":43,"key":"Mummified Hand"},{"floor":47,"key":"Tiny Chest"}],"event_choices":[{"event_name":"Golden Idol","player_choice":"Take Wound","floor":3,"damage_taken":0},{"event_name":"The Cleric","player_choice":"Leave","floor":13,"damage_taken":0},{"event_name":"The Library","player_choice":"Read","floor":25,"damage_taken":0},{"event_name":"Mysterious Sphere","player_choice":"Fight","floor":36,"damage_taken":0},{"event_name":"Transmorgrifier","player_choice":"Transform","floor":44,"damage_taken":0}],"is_beta":false,"boss_relics":[{"not_picked":["Black Star","Coffee Dripper"],"picked":"Busted Crown"},{"not_picked":["Snecko Eye","Philosopher\u0027s Stone"],"picked":"Lizard Tail"}],"items_purged_floors":[],"is_endless":false,"potions_floor_spawned":[1,4,7,8,11,12,14,16,18,20,21,22,23,24,27,28,29,31,33,35,36,38,39,40,41,45,47,48],"ascension_level":0}