{"gold_per_floor":[113,129,34,34,0,27,27,52,52,52,64,77,23,37,37,114,114,133,93,18,18,29,29,43,57,57,57,57,57,70,127,127,127],"floor_reached":33,"playtime":1246,"items_purged":["Strike_G"],"score":554,"play_id":"1eb0ea79-1f7c-4ca7-bebb-7f2b669d9f0c","local_time":"20181122114426","is_ascension_mode":true,"campfire_choices":[{"floor":7,"key":"REST"},{"floor":10,"key":"REST"},{"floor":15,"key":"REST"},{"floor":23,"key":"REST"},{"floor":27,"key":"REST"},{"data":"Neutralize","floor":29,"key":"SMITH"},{"floor":32,"key":"REST"}],"neow_cost":"NONE","seed_source_timestamp":5108144247838815,"circlet_count":0,"master_deck":["AscendersBane","Defend_G","Defend_G","Defend_G","Defend_G","Defend_G","Strike_G","Strike_G","Survivor","Neutralize+1","Endless Agony","Leg Sweep","Poisoned Stab","Predator+1","Caltrops","Dodge and Roll","Dagger Throw+1","Dash+1","Glass Knife+1","Dagger Spray+1","Backflip","Shame","Crippling Poison","Prepared","Deadly Poison","PiercingWail"],"relics":["Ring of the Snake","Molten Egg 2","Art of War","Orichalcum","Cursed Key","Dream Catcher","Tiny Chest"],"potions_floor_usage":[8,12,16,31,31],"damage_taken":[{"damage":1,"enemies":"Cultist","floor":1,"turns":4},{"damage":0,"enemies":"2 Louse","floor":2,"turns":2},{"damage":36,"enemies":"Gremlin Nob","floor":6,"turns":6},{"damage":24,"enemies":"Lagavulin","floor":8,"turns":8},{"damage":0,"enemies":"Jaw Worm","floor":11,"turns":3},{"damage":7,"enemies":"Gremlin Gang","floor":12,"turns":7},{"damage":15,"enemies":"Red Slaver","floor":14,"turns":5},{"damage":22,"enemies":"Hexaghost","floor":16,"turns":10},{"damage":7,"enemies":"3 Byrds","floor":18,"turns":3},{"damage":11,"enemies":"2 Thieves","floor":19,"turns":5},{"damage":9,"enemies":"Snecko","floor":22,"turns":7},{"damage":8,"enemies":"Centurion and Healer","floor":24,"turns":6},{"damage":0,"enemies":"3 Cultists","floor":25,"turns":5},{"damage":23,"enemies":"Snecko","floor":30,"turns":6},{"damage":26,"enemies":"Slavers","floor":31,"turns":6},{"damage":37,"enemies":"Collector","floor":33,"turns":7}],"seed_played":"-4589182875042542791","potions_obtained":[{"floor":6,"key":"SpeedPotion"},{"floor":8,"key":"FairyPotion"},{"floor":11,"key":"Poison Potion"},{"floor":14,"key":"LiquidBronze"},{"floor":16,"key":"LiquidBronze"}],"is_trial":false,"path_per_floor":["M","M","$","?","?","E","R","E","T","R","M","M","$","M","R","B",null,"M","M","$","?","M","R","M","M","T","R","?","R","M","E","R","B"],"character_chosen":"THE_SILENT","items_purchased":["Leg Sweep","Poisoned Stab","PowerPotion"],"campfire_rested":6,"item_purchase_floors":[3,3,13],"current_hp_per_floor":[64,64,64,57,57,21,42,18,18,39,39,32,32,17,38,16,58,51,40,40,40,31,52,44,44,44,65,65,65,42,16,37,0],"gold":127,"neow_bonus":"TEN_PERCENT_HP_BONUS","is_prod":false,"is_daily":false,"chose_seed":false,"campfire_upgraded":1,"win_rate":0,"timestamp":1542883466,"path_taken":["M","M","$","?","?","E","R","E","T","R","M","M","?","M","R","BOSS","M","?","$","?","M","R","M","M","T","R","?","R","?","E","R","BOSS"],"build_version":"2018-11-15","purchased_purges":1,"victory":false,"max_hp_per_floor":[72,72,72,72,72,72,72,72,72,72,72,72,72,72,72,72,72,72,72,72,72,72,72,72,72,72,72,72,72,72,72,72,72],"card_choices":[{"not_picked":["Prepared","Bane"],"picked":"Endless Agony","floor":1},{"not_picked":["Eviscerate","Flying Knee","Sucker Punch"],"picked":"SKIP","floor":2},{"not_picked":["Doppelganger","Concentrate"],"picked":"Predator","floor":6},{"not_picked":["Heel Hook+1","Blade Dance"],"picked":"Caltrops","floor":8},{"not_picked":["Dagger Throw+1","Acrobatics"],"picked":"Dodge and Roll","floor":11},{"not_picked":["Choke+1","Slice+1"],"picked":"Dagger Throw+1","floor":12},{"not_picked":["Heel Hook+1","Outmaneuver"],"picked":"Dash+1","floor":14},{"not_picked":["Wraith Form v2","Night Terror"],"picked":"Glass Knife+1","floor":16},{"not_picked":["Eviscerate+1","Deadly Poison","Slice+1"],"picked":"SKIP","floor":18},{"not_picked":["Slice+1","Prepared"],"picked":"Dagger Spray+1","floor":19},{"not_picked":["Reflex","Flying Knee+1","Concentrate"],"picked":"SKIP","floor":22},{"not_picked":["Acrobatics","Skewer+1"],"picked":"Backflip","floor":24},{"not_picked":["Storm of Steel","Tactician","Quick Slash+1"],"picked":"SKIP","floor":25},{"not_picked":["Quick Slash+1","Skewer+1"],"picked":"Crippling Poison","floor":27},{"not_picked":["Deadly Poison","Prepared","Quick Slash+1"],"picked":"SKIP","floor":30},{"not_picked":["Deflect","Reflex"],"picked":"Deadly Poison","floor":31},{"not_picked":["Bane+1","Slice+1"],"picked":"PiercingWail","floor":32}],"player_experience":1732281,"relics_obtained":[{"floor":6,"key":"Molten Egg 2"},{"floor":8,"key":"Art of War"},{"floor":9,"key":"Orichalcum"},{"floor":26,"key":"Dream Catcher"},{"floor":31,"key":"Tiny Chest"}],"event_choices":[{"cards_removed":["Strike_G"],"damage_healed":0,"gold_gain":0,"player_choice":"Card Removal","damage_taken":7,"max_hp_gain":0,"max_hp_loss":0,"event_name":"Golden Wing","floor":4,"gold_loss":0},{"damage_healed":0,"gold_gain":0,"player_choice":"Left Gold","damage_taken":0,"max_hp_gain":0,"max_hp_loss":0,"event_name":"World of Goop","floor":5,"gold_loss":34},{"damage_healed":0,"gold_gain":0,"player_choice":"Ignored","damage_taken":0,"max_hp_gain":0,"max_hp_loss":0,"event_name":"The Mausoleum","floor":21,"gold_loss":0},{"damage_healed":0,"gold_gain":0,"cards_transformed":["Strike_G"],"player_choice":"Transformed","damage_taken":0,"max_hp_gain":0,"max_hp_loss":0,"event_name":"Transmorgrifier","floor":28,"gold_loss":0,"cards_obtained":["Prepared"]}],"is_beta":false,"boss_relics":[{"not_picked":["Coffee Dripper","Calling Bell"],"picked":"Cursed Key"}],"items_purged_floors":[20],"is_endless":false,"potions_floor_spawned":[6,8,11,14,16,22,24],"killed_by":"Collector","ascension_level":20}