{"gold_per_floor":[110,110,110,28,41,74,74,99,99,49,49,70,104,128,128,249,249,264,389,35,58,58,58,58,79,79,79,104,129,160,160,160,283,283,304,15,0,59,84,119,140,140,219,258,273,2,127,152,152,152,152,152,2,2],"floor_reached":54,"playtime":3606,"items_purged":["Strike_R","Strike_R","Strike_R","Strike_R"],"score":845,"play_id":"29a5a67c-f639-47ed-b2b9-5e3903a8e26a","local_time":"20190111084550","is_ascension_mode":false,"campfire_choices":[{"data":"Sword Boomerang","floor":7,"key":"SMITH"},{"data":"Heavy Blade","floor":11,"key":"SMITH"},{"data":"True Grit","floor":15,"key":"SMITH"},{"data":"Limit Break","floor":32,"key":"SMITH"},{"floor":49,"key":"RECALL"},{"data":"Juggernaut","floor":52,"key":"SMITH"}],"neow_cost":"NONE","seed_source_timestamp":188772758221185,"circlet_count":0,"master_deck":["Defend_R","Defend_R","Defend_R","Defend_R","Bash","Metallicize","Spot Weakness","Disarm","Sword Boomerang+1","Heavy Blade+1","Reaper","True Grit+1","Sentinel","Demon Form","Uppercut","Shrug It Off","Cleave+1","Battle Trance+1","Ghostly Armor","Limit Break+1","Juggernaut+1","Rage+1","Mayhem","Shrug It Off+1","Whirlwind+1","Heavy Blade","Flame Barrier","Thunderclap+1"],"relics":["Burning Blood","NeowsBlessing","Golden Idol","Magic Flower","FossilizedHelix","Dream Catcher","Philosopher\u0027s Stone","Ice Cream","Pantograph","Mummified Hand","Matryoshka","Blood Vial","Strawberry","Sozu","Red Mask","Dead Branch","Du-Vu Doll","Bag of Preparation","Mercury Hourglass","Incense Burner","Bag of Marbles","Gambling Chip"],"potions_floor_usage":[19,19,23,33,33,33],"damage_taken":[{"damage":0,"enemies":"2 Louse","floor":1,"turns":1},{"damage":0,"enemies":"Small Slimes","floor":5,"turns":1},{"damage":0,"enemies":"Lagavulin","floor":6,"turns":1},{"damage":5,"enemies":"Jaw Worm","floor":8,"turns":4},{"damage":0,"enemies":"Looter","floor":12,"turns":2},{"damage":18,"enemies":"3 Sentries","floor":13,"turns":5},{"damage":12,"enemies":"Blue Slaver","floor":14,"turns":4},{"damage":0,"enemies":"The Guardian","floor":16,"turns":15},{"damage":11,"enemies":"Shell Parasite","floor":18,"turns":5},{"damage":41,"enemies":"Colosseum Slavers","floor":19,"turns":5},{"damage":64,"enemies":"Colosseum Nobs","floor":19,"turns":6},{"damage":11,"enemies":"Spheric Guardian","floor":21,"turns":4},{"damage":34,"enemies":"Slavers","floor":23,"turns":3},{"damage":39,"enemies":"Chosen and Byrds","floor":25,"turns":7},{"damage":22,"enemies":"Cultist and Chosen","floor":28,"turns":7},{"damage":13,"enemies":"3 Cultists","floor":29,"turns":5},{"damage":16,"enemies":"Gremlin Leader","floor":30,"turns":5},{"damage":9,"enemies":"Champ","floor":33,"turns":7},{"damage":10,"enemies":"3 Shapes","floor":35,"turns":6},{"damage":66,"enemies":"2 Orb Walkers","floor":38,"turns":6},{"damage":17,"enemies":"3 Darklings","floor":39,"turns":5},{"damage":64,"enemies":"Reptomancer","floor":40,"turns":7},{"damage":30,"enemies":"4 Shapes","floor":41,"turns":3},{"damage":2,"enemies":"Giant Head","floor":44,"turns":5},{"damage":11,"enemies":"Jaw Worm Horde","floor":45,"turns":3},{"damage":0,"enemies":"Mind Bloom Boss Battle","floor":47,"turns":6},{"damage":0,"enemies":"Spire Growth","floor":48,"turns":5},{"damage":54,"enemies":"Awakened One","floor":50,"turns":9},{"damage":92,"enemies":"Shield and Spear","floor":54,"turns":5}],"seed_played":"-8847375284924300080","potions_obtained":[{"floor":13,"key":"GamblersBrew"},{"floor":16,"key":"Strength Potion"},{"floor":19,"key":"SmokeBomb"},{"floor":28,"key":"EssenceOfSteel"},{"floor":29,"key":"PowerPotion"},{"floor":30,"key":"Swift Potion"}],"is_trial":false,"path_per_floor":["M","?","?","$","M","E","R","M","T","?","R","M","E","M","R","B",null,"M","?","$","M","?","E","$","M","T","T","M","M","E","?","R","B",null,"M","$","?","?","M","E","M","?","T","E","M","$","?","M","R","B",null,"R","$","E"],"character_chosen":"IRONCLAD","items_purchased":["Spot Weakness","Mummified Hand","Shrug It Off","Mayhem","Bag of Marbles"],"campfire_rested":0,"item_purchase_floors":[4,20,20,36,46],"current_hp_per_floor":[80,60,65,65,71,77,77,81,81,81,81,85,85,82,82,85,85,85,51,51,49,49,42,42,12,12,12,23,61,85,85,85,92,92,91,91,91,45,70,63,92,92,92,92,90,90,92,92,92,47,92,92,92,0],"gold":2,"neow_bonus":"THREE_ENEMY_KILL","is_prod":false,"is_daily":false,"chose_seed":false,"campfire_upgraded":5,"win_rate":0,"timestamp":1547214350,"path_taken":["M","?","?","$","M","E","R","M","T","?","R","M","E","M","R","BOSS","M","?","$","M","?","E","?","M","T","?","M","?","E","?","R","BOSS","M","$","?","?","M","E","M","?","T","E","?","$","?","M","R","BOSS","R","$","E"],"build_version":"2019-01-10","purchased_purges":4,"victory":false,"max_hp_per_floor":[80,80,85,85,85,85,85,85,85,85,85,85,85,85,85,85,85,85,85,85,85,85,85,85,85,85,85,85,85,92,92,92,92,92,92,92,92,92,92,92,92,92,92,92,92,92,92,92,92,92,92,92,92,92],"card_choices":[{"not_picked":["Heavy Blade","True Grit"],"picked":"Metallicize","floor":1},{"not_picked":["Ghostly Armor","Headbutt"],"picked":"Disarm","floor":5},{"not_picked":["Shrug It Off","Brutality"],"picked":"Sword Boomerang","floor":6},{"not_picked":["Combust","Twin Strike"],"picked":"Heavy Blade","floor":8},{"not_picked":["Thunderclap","Warcry"],"picked":"Reaper","floor":12},{"not_picked":["Power Through","Sword Boomerang"],"picked":"True Grit","floor":13},{"not_picked":["Burning Pact","Perfected Strike"],"picked":"Sentinel","floor":14},{"not_picked":["Berserk","Fiend Fire"],"picked":"Demon Form","floor":16},{"not_picked":["Body Slam","Clash"],"picked":"Uppercut","floor":18},{"not_picked":["Clothesline+1","Flex","Searing Blow+1"],"picked":"SKIP","floor":21},{"not_picked":["Flex","Sword Boomerang","Entrench+1"],"picked":"SKIP","floor":25},{"not_picked":["Wild Strike+1","Flex"],"picked":"Cleave+1","floor":28},{"not_picked":["Cleave","Blood for Blood"],"picked":"Battle Trance+1","floor":29},{"not_picked":["Sever Soul","Havoc"],"picked":"Ghostly Armor","floor":30},{"not_picked":["Bludgeon","Demon Form"],"picked":"Juggernaut","floor":33},{"not_picked":["Warcry","Infernal Blade"],"picked":"Rage+1","floor":35},{"not_picked":["Uppercut","Twin Strike+1"],"picked":"Shrug It Off+1","floor":38},{"not_picked":["Havoc","Clothesline"],"picked":"Whirlwind+1","floor":39},{"not_picked":["Headbutt","Dropkick","Carnage"],"picked":"SKIP","floor":40},{"not_picked":["Infernal Blade","Clothesline"],"picked":"Heavy Blade","floor":41},{"not_picked":["Infernal Blade","Berserk"],"picked":"Flame Barrier","floor":44},{"not_picked":["True Grit+1","Wild Strike","Cleave"],"picked":"SKIP","floor":45},{"not_picked":["Havoc+1","Clash"],"picked":"Thunderclap+1","floor":47},{"not_picked":["Anger+1","Thunderclap","Headbutt"],"picked":"SKIP","floor":48}],"player_experience":2068755,"relics_obtained":[{"floor":6,"key":"Magic Flower"},{"floor":9,"key":"FossilizedHelix"},{"floor":13,"key":"Dream Catcher"},{"floor":19,"key":"Ice Cream"},{"floor":19,"key":"Pantograph"},{"floor":26,"key":"Matryoshka"},{"floor":27,"key":"Blood Vial"},{"floor":30,"key":"Strawberry"},{"floor":38,"key":"Dead Branch"},{"floor":40,"key":"Du-Vu Doll"},{"floor":43,"key":"Bag of Preparation"},{"floor":43,"key":"Mercury Hourglass"},{"floor":44,"key":"Incense Burner"},{"floor":47,"key":"Gambling Chip"}],"event_choices":[{"damage_healed":0,"gold_gain":0,"player_choice":"Take Damage","damage_taken":20,"relics_obtained":["Golden Idol"],"max_hp_gain":0,"max_hp_loss":0,"event_name":"Golden Idol","floor":2,"gold_loss":0},{"damage_healed":0,"gold_gain":0,"player_choice":"Donut","damage_taken":0,"max_hp_gain":5,"max_hp_loss":0,"event_name":"Big Fish","floor":3,"gold_loss":0},{"cards_removed":["Strike_R"],"damage_healed":0,"gold_gain":0,"player_choice":"Card Removal","damage_taken":0,"max_hp_gain":0,"max_hp_loss":0,"event_name":"The Cleric","floor":10,"gold_loss":50},{"damage_healed":0,"gold_gain":0,"player_choice":"Fight","damage_taken":0,"max_hp_gain":0,"max_hp_loss":0,"event_name":"Colosseum","floor":19,"gold_loss":0},{"damage_healed":0,"gold_gain":0,"player_choice":"Fought Nobs","damage_taken":0,"max_hp_gain":0,"max_hp_loss":0,"event_name":"Colosseum","floor":19,"gold_loss":0},{"damage_healed":0,"gold_gain":0,"player_choice":"Read","damage_taken":0,"max_hp_gain":0,"max_hp_loss":0,"event_name":"The Library","floor":31,"gold_loss":0,"cards_obtained":["Limit Break"]},{"damage_healed":0,"gold_gain":0,"player_choice":"Paid","damage_taken":0,"relics_obtained":["Red Mask"],"max_hp_gain":0,"max_hp_loss":0,"event_name":"Tomb of Lord Red Mask","floor":37,"gold_loss":15},{"damage_healed":0,"gold_gain":0,"player_choice":"Fight","damage_taken":0,"max_hp_gain":0,"max_hp_loss":0,"event_name":"Mysterious Sphere","floor":38,"gold_loss":0},{"damage_healed":0,"gold_gain":0,"player_choice":"Memory 1","damage_taken":0,"max_hp_gain":0,"max_hp_loss":0,"event_name":"SensoryStone","floor":42,"gold_loss":0},{"damage_healed":0,"gold_gain":0,"player_choice":"Fight","damage_taken":0,"max_hp_gain":0,"max_hp_loss":0,"event_name":"MindBloom","floor":47,"gold_loss":0}],"is_beta":false,"boss_relics":[{"not_picked":["Calling Bell","Lizard Tail"],"picked":"Philosopher\u0027s Stone"},{"not_picked":["Pandora\u0027s Box","Empty Cage"],"picked":"Sozu"}],"items_purged_floors":[20,36,46,53],"is_endless":false,"potions_floor_spawned":[5,13,16,19,19,28,29,30,41,45,47,48],"killed_by":"Shield and Spear","ascension_level":0}