{"gold_per_floor":[213,229,25,200,215,215,225,225,225,258,258,271,285,0,0,99,99,114,133,133,143,161,193,193,193,193,443,443,443,477,3,3,3],"floor_reached":33,"playtime":1821,"items_purged":["Regret"],"score":463,"play_id":"9c6df6e2-cb4a-4762-b480-b15f99f484e3","local_time":"20180629022956","is_ascension_mode":true,"campfire_choices":[{"data":"Body Slam","floor":6,"key":"SMITH"},{"data":"Metallicize","floor":8,"key":"SMITH"},{"data":"Metallicize","floor":15,"key":"SMITH"},{"floor":24,"key":"REST"},{"data":"Havoc","floor":29,"key":"SMITH"},{"data":"Armaments","floor":32,"key":"SMITH"}],"neow_cost":"NONE","seed_source_timestamp":33659847350573,"circlet_count":0,"master_deck":["Strike_R","Strike_R","Strike_R","Strike_R","Strike_R","Defend_R","Defend_R","Defend_R","Defend_R","Bash","Clothesline","Carnage","Battle Trance","Metallicize+1","Body Slam+1","Inflame","Carnage","Havoc+1","Iron Wave","Metallicize+1","Twin Strike","Pommel Strike","Inflame","Impervious","Iron Wave+1","True Grit+1","Shockwave+1","Havoc+1","Uppercut","True Grit","Clothesline","Shrug It Off","Pommel Strike","Ghostly","Ghostly","Ghostly","Ghostly","Ghostly","Armaments+1","Demon Form","Disarm","True Grit"],"relics":["Burning Blood","Prayer Wheel","Ice Cream","Dodecahedron","Runic Dome","Bottled Flame","Letter Opener","Juzu Bracelet","Orichalcum","Regal Pillow"],"potions_floor_usage":[7,12,21,21,23,33],"damage_taken":[{"damage":3,"enemies":"Small Slimes","floor":1,"turns":4},{"damage":12,"enemies":"Jaw Worm","floor":2,"turns":2},{"damage":0,"enemies":"Cultist","floor":5,"turns":3},{"damage":1,"enemies":"2 Fungi Beasts","floor":7,"turns":3},{"damage":13,"enemies":"3 Sentries","floor":10,"turns":8},{"damage":16,"enemies":"Lots of Slimes","floor":12,"turns":4},{"damage":2,"enemies":"Large Slime","floor":13,"turns":4},{"damage":58,"enemies":"Hexaghost","floor":16,"turns":13},{"damage":13,"enemies":"3 Byrds","floor":18,"turns":6},{"damage":11,"enemies":"Shell Parasite","floor":19,"turns":6},{"damage":8,"enemies":"Centurion and Healer","floor":21,"turns":6},{"damage":32,"enemies":"Chosen and Byrds","floor":22,"turns":8},{"damage":31,"enemies":"Slavers","floor":23,"turns":9},{"damage":16,"enemies":"Book of Stabbing","floor":30,"turns":7},{"damage":44,"enemies":"Automaton","floor":33,"turns":6}],"seed_played":"8023187741075790807","potions_obtained":[{"floor":1,"key":"Explosive Potion"},{"floor":5,"key":"Poison Potion"},{"floor":12,"key":"Regen Potion"},{"floor":13,"key":"Regen Potion"},{"floor":19,"key":"BloodPotion"},{"floor":21,"key":"SpeedPotion"},{"floor":23,"key":"SteroidPotion"},{"floor":30,"key":"Weak Potion"}],"is_trial":false,"path_per_floor":["M","M","$","?","M","R","M","R","T","E","?","M","M","$","R","B",null,"M","M","?","M","M","E","R","?","T","?","T","R","E","$","R"],"character_chosen":"IRONCLAD","items_purchased":["Battle Trance","Metallicize","Body Slam","Dodecahedron","Inflame","Regal Pillow","Demon Form","Disarm","True Grit"],"campfire_rested":1,"item_purchase_floors":[3,3,3,14,14,31,31,31,31],"current_hp_per_floor":[75,69,69,69,75,75,80,80,80,73,80,70,74,74,74,22,66,59,54,54,80,54,29,53,40,40,40,40,40,30,30,30,0],"gold":3,"neow_bonus":"HUNDRED_GOLD","is_prod":false,"is_daily":false,"chose_seed":false,"campfire_upgraded":5,"win_rate":0,"timestamp":1530232196,"path_taken":["M","M","$","?","?","R","M","R","T","E","?","M","?","$","R","BOSS","M","M","?","?","M","E","R","?","T","?","?","R","E","$","R","BOSS"],"build_version":"2018-06-27","purchased_purges":1,"victory":false,"max_hp_per_floor":[80,80,80,80,80,80,80,80,80,80,80,80,80,80,80,80,80,80,80,80,80,80,80,80,40,40,40,40,40,40,40,40,40],"card_choices":[{"not_picked":["Dropkick","Wild Strike"],"picked":"Clothesline","floor":1},{"not_picked":["Clash","Warcry"],"picked":"Carnage","floor":2},{"not_picked":["Flex","Heavy Blade"],"picked":"Inflame","floor":5},{"not_picked":["Wild Strike","Flex"],"picked":"Carnage","floor":7},{"not_picked":["Brutality","Fiend Fire"],"picked":"Havoc","floor":10},{"not_picked":["Entrench","Evolve"],"picked":"Iron Wave","floor":12},{"not_picked":["Anger","Clash"],"picked":"Metallicize","floor":12},{"not_picked":["Rampage","Headbutt"],"picked":"Twin Strike","floor":13},{"not_picked":["Rupture","Infernal Blade"],"picked":"Pommel Strike","floor":13},{"not_picked":["Fiend Fire","Double Tap"],"picked":"Impervious","floor":16},{"not_picked":["Pommel Strike+1","Perfected Strike"],"picked":"Iron Wave+1","floor":18},{"not_picked":["Shrug It Off","Perfected Strike"],"picked":"True Grit+1","floor":18},{"not_picked":["Whirlwind","Ghostly Armor"],"picked":"Shockwave+1","floor":19},{"not_picked":["Armaments+1","True Grit"],"picked":"Havoc+1","floor":19},{"not_picked":["Immolate","Sword Boomerang+1"],"picked":"Uppercut","floor":21},{"not_picked":["Cleave","Anger"],"picked":"True Grit","floor":21},{"not_picked":["Seeing Red","Armaments"],"picked":"Clothesline","floor":22},{"not_picked":["Iron Wave","Rampage+1"],"picked":"Shrug It Off","floor":22},{"not_picked":["Bloodletting","Armaments"],"picked":"Pommel Strike","floor":23},{"not_picked":["Bloodletting","Clash"],"picked":"Armaments","floor":30}],"player_experience":219091,"relics_obtained":[{"floor":9,"key":"Prayer Wheel"},{"floor":10,"key":"Ice Cream"},{"floor":23,"key":"Bottled Flame"},{"floor":26,"key":"Letter Opener"},{"floor":28,"key":"Juzu Bracelet"},{"floor":30,"key":"Orichalcum"}],"event_choices":[{"event_name":"Liars Game","player_choice":"agreed","floor":4,"damage_taken":0},{"event_name":"Wheel of Change","player_choice":"Full Heal","floor":11,"damage_taken":0},{"event_name":"Purifier","player_choice":"One Purge","floor":20,"damage_taken":0},{"event_name":"Ghosts","player_choice":"Became a Ghost","floor":25,"damage_taken":0},{"event_name":"Golden Shrine","player_choice":"Desecrate","floor":27,"damage_taken":0}],"boss_relics":[{"not_picked":["Lizard Tail","Orrery"],"picked":"Runic Dome"}],"items_purged_floors":[31],"is_endless":false,"potions_floor_spawned":[1,5,12,13,19,21,23,30],"killed_by":"Automaton","ascension_level":9}