{"gold_per_floor":[115,188,188,200,212,212,243,243,267,280,291,291,303,33,33,104,104,115,95,107,127,127,127,138,152,152,152,1,1,1,13,13,13],"floor_reached":33,"playtime":1729,"items_purged":["Outmaneuver"],"score":436,"play_id":"44ae6c16-ff9f-4af3-9b64-55fadb989c71","local_time":"20190204222212","is_ascension_mode":true,"campfire_choices":[{"floor":6,"key":"REST"},{"data":"A Thousand Cuts","floor":8,"key":"SMITH"},{"data":"Venomology","floor":12,"key":"SMITH"},{"floor":15,"key":"REST"},{"data":"A Thousand Cuts","floor":23,"key":"SMITH"},{"floor":32,"key":"REST"}],"neow_cost":"NONE","seed_source_timestamp":114606742996780,"circlet_count":0,"master_deck":["AscendersBane","Survivor","Neutralize","Well Laid Plans","Unload","Infinite Blades","Venomology+1","Malaise","Bullet Time","Predator","A Thousand Cuts+1","Glass Knife","Dodge and Roll","PiercingWail","Backflip","Tools of the Trade","Backflip","Blade Dance","Backstab","Finesse","Cloak And Dagger","A Thousand Cuts+1","Dash","Dash","PiercingWail","Accuracy","Backstab"],"relics":["Pandora\u0027s Box","Boot","Bag of Marbles","Bronze Scales","Eternal Feather","Blue Candle"],"potions_floor_usage":[7,7,7,11,11,16,16,18,18,21,24,31,31,31,33],"damage_taken":[{"damage":0,"enemies":"2 Louse","floor":1,"turns":3},{"damage":11,"enemies":"Jaw Worm","floor":4,"turns":4},{"damage":0,"enemies":"Cultist","floor":5,"turns":3},{"damage":8,"enemies":"3 Sentries","floor":7,"turns":6},{"damage":4,"enemies":"3 Louse","floor":10,"turns":2},{"damage":28,"enemies":"Exordium Thugs","floor":11,"turns":4},{"damage":9,"enemies":"Blue Slaver","floor":13,"turns":4},{"damage":12,"enemies":"Slime Boss","floor":16,"turns":7},{"damage":1,"enemies":"Spheric Guardian","floor":18,"turns":3},{"damage":2,"enemies":"Chosen","floor":20,"turns":4},{"damage":15,"enemies":"Snake Plant","floor":21,"turns":4},{"damage":4,"enemies":"3 Cultists","floor":24,"turns":4},{"damage":7,"enemies":"Centurion and Healer","floor":25,"turns":5},{"damage":21,"enemies":"Cultist and Chosen","floor":31,"turns":6},{"damage":72,"enemies":"Automaton","floor":33,"turns":6}],"seed_played":"-6334366065343833309","potions_obtained":[{"floor":1,"key":"Strength Potion"},{"floor":7,"key":"Swift Potion"},{"floor":10,"key":"Poison Potion"},{"floor":11,"key":"Dexterity Potion"},{"floor":19,"key":"Dexterity Potion"},{"floor":25,"key":"Swift Potion"}],"is_trial":false,"path_per_floor":["M","?","?","M","M","R","E","R","T","M","M","R","M","$","R","B",null,"M","?","M","M","?","R","M","M","T","$","$","?","?","M","R","B"],"character_chosen":"THE_SILENT","items_purchased":["Bronze Scales","Finesse","Cloak And Dagger","Accuracy"],"campfire_rested":3,"item_purchase_floors":[14,14,14,28],"current_hp_per_floor":[59,59,64,53,53,71,63,63,63,59,43,43,34,34,55,43,64,63,63,61,46,71,71,67,60,60,60,60,60,60,39,71,0],"gold":13,"neow_bonus":"BOSS_RELIC","is_prod":false,"is_daily":false,"chose_seed":false,"campfire_upgraded":3,"win_rate":0,"timestamp":1549336932,"path_taken":["M","?","?","M","M","R","E","R","T","M","M","R","?","$","R","BOSS","M","?","?","M","?","R","M","M","T","?","$","?","?","?","R","BOSS"],"build_version":"2019-01-23","purchased_purges":1,"victory":false,"max_hp_per_floor":[66,66,71,71,71,71,71,71,71,71,71,71,71,71,71,71,71,71,71,71,71,71,71,71,71,71,71,71,71,71,71,71,71],"card_choices":[{"not_picked":["Quick Slash","Bouncing Flask"],"picked":"Dodge and Roll","floor":1},{"not_picked":["Dagger Spray","Deflect"],"picked":"PiercingWail","floor":4},{"not_picked":["Flying Knee","Terror"],"picked":"Backflip","floor":5},{"not_picked":["Dagger Throw","Slice"],"picked":"Tools of the Trade","floor":7},{"not_picked":["Well Laid Plans","Dagger Spray"],"picked":"Backflip","floor":10},{"not_picked":["Prepared","Backflip"],"picked":"Blade Dance","floor":11},{"not_picked":["All Out Attack","Quick Slash"],"picked":"Backstab","floor":13},{"not_picked":["Glass Knife","Adrenaline"],"picked":"A Thousand Cuts","floor":16},{"not_picked":["Deadly Poison","Outmaneuver","Poisoned Stab"],"picked":"SKIP","floor":18},{"not_picked":["Outmaneuver","Deadly Poison"],"picked":"Dash","floor":20},{"not_picked":["Sucker Punch","Acrobatics+1"],"picked":"Dash","floor":21},{"not_picked":["Dagger Throw","Flying Knee","Slice"],"picked":"SKIP","floor":24},{"not_picked":["Leg Sweep","Prepared"],"picked":"PiercingWail","floor":25},{"not_picked":["Dagger Throw","Poisoned Stab","Calculated Gamble"],"picked":"SKIP","floor":31}],"player_experience":2324468,"relics_obtained":[{"floor":7,"key":"Boot"},{"floor":9,"key":"Bag of Marbles"},{"floor":26,"key":"Blue Candle"}],"event_choices":[{"damage_healed":0,"gold_gain":73,"player_choice":"Gained Gold","damage_taken":0,"max_hp_gain":0,"max_hp_loss":0,"event_name":"Golden Wing","floor":2,"gold_loss":0},{"damage_healed":0,"gold_gain":0,"player_choice":"Donut","damage_taken":0,"max_hp_gain":5,"max_hp_loss":0,"event_name":"Big Fish","floor":3,"gold_loss":0},{"damage_healed":0,"gold_gain":0,"player_choice":"Bought 1 Potion","damage_taken":0,"max_hp_gain":0,"max_hp_loss":0,"event_name":"The Woman in Blue","floor":19,"gold_loss":0},{"damage_healed":25,"gold_gain":0,"player_choice":"Full Heal","damage_taken":0,"max_hp_gain":0,"max_hp_loss":0,"event_name":"Wheel of Change","floor":22,"gold_loss":0},{"damage_healed":0,"gold_gain":0,"player_choice":"Read","damage_taken":0,"max_hp_gain":0,"max_hp_loss":0,"event_name":"The Library","floor":29,"gold_loss":0,"cards_obtained":["Backstab"]},{"damage_healed":0,"gold_gain":0,"player_choice":"Ignored","damage_taken":0,"max_hp_gain":0,"max_hp_loss":0,"event_name":"Beggar","floor":30,"gold_loss":0}],"is_beta":false,"boss_relics":[{"not_picked":["Calling Bell","Astrolabe"],"picked":"Eternal Feather"}],"items_purged_floors":[28],"is_endless":false,"potions_floor_spawned":[1,7,10,11,20,25],"killed_by":"Automaton","ascension_level":15}