{"gold_per_floor":[116,191,191,15,15,43,43,62,62,62,62,77,109,34,34,34],"floor_reached":16,"playtime":379,"items_purged":["Strike_R"],"score":240,"play_id":"15502f88-d798-4736-ba3a-ef0e3f83abc2","local_time":"20190118170604","is_ascension_mode":true,"campfire_choices":[{"floor":7,"key":"REST"},{"data":"Rampage","floor":11,"key":"SMITH"},{"floor":15,"key":"REST"}],"neow_cost":"NONE","seed_source_timestamp":2827276958212,"circlet_count":0,"master_deck":["AscendersBane","Strike_R","Strike_R","Strike_R","Defend_R","Defend_R","Defend_R","Defend_R","Bash","Rampage+1","Panache","Pommel Strike","Clothesline","Shrug It Off","Feel No Pain"],"relics":["Burning Blood","NeowsBlessing","Bird Faced Urn","Mummified Hand","Anchor","Charon\u0027s Ashes"],"potions_floor_usage":[10],"damage_taken":[{"damage":0,"enemies":"Small Slimes","floor":1,"turns":1},{"damage":0,"enemies":"Lagavulin","floor":6,"turns":1},{"damage":0,"enemies":"2 Louse","floor":8,"turns":1},{"damage":0,"enemies":"Gremlin Nob","floor":10,"turns":2},{"damage":1,"enemies":"Cultist","floor":12,"turns":4},{"damage":33,"enemies":"Lagavulin","floor":13,"turns":7},{"damage":75,"enemies":"Hexaghost","floor":16,"turns":9}],"seed_played":"-5665430029047943004","potions_obtained":[{"floor":6,"key":"SmokeBomb"}],"is_trial":false,"path_per_floor":["M","?","?","$","?","E","R","M","T","E","R","M","E","$","R","B"],"character_chosen":"IRONCLAD","items_purchased":["Panache"],"campfire_rested":2,"item_purchase_floors":[4],"current_hp_per_floor":[74,63,38,38,31,37,59,65,65,71,71,75,48,48,70,0],"gold":34,"neow_bonus":"THREE_ENEMY_KILL","is_prod":false,"is_daily":false,"chose_seed":false,"campfire_upgraded":1,"win_rate":0,"timestamp":1547849164,"path_taken":["M","?","?","$","?","E","R","M","T","E","R","M","E","$","R","BOSS"],"build_version":"2019-01-17v2","purchased_purges":1,"victory":false,"max_hp_per_floor":[75,75,75,75,75,75,75,75,75,75,75,75,75,75,75,75],"card_choices":[{"not_picked":["Body Slam","Thunderclap"],"picked":"Rampage","floor":1},{"not_picked":["Sever Soul","Thunderclap"],"picked":"Pommel Strike","floor":6},{"not_picked":["Flex","Sever Soul"],"picked":"Clothesline","floor":8},{"not_picked":["Body Slam","Cleave"],"picked":"Shrug It Off","floor":12},{"not_picked":["Heavy Blade","Sword Boomerang"],"picked":"Feel No Pain","floor":13}],"player_experience":2162348,"relics_obtained":[{"floor":6,"key":"Mummified Hand"},{"floor":9,"key":"Anchor"},{"floor":13,"key":"Charon\u0027s Ashes"}],"event_choices":[{"damage_healed":0,"gold_gain":75,"player_choice":"Gather Gold","damage_taken":11,"max_hp_gain":0,"max_hp_loss":0,"event_name":"World of Goop","floor":2,"gold_loss":0},{"damage_healed":0,"gold_gain":0,"player_choice":"Success","damage_taken":25,"relics_obtained":["Bird Faced Urn"],"max_hp_gain":0,"max_hp_loss":0,"event_name":"Scrap Ooze","floor":3,"gold_loss":0},{"cards_removed":["Strike_R"],"damage_healed":0,"gold_gain":0,"player_choice":"Card Removal","damage_taken":7,"max_hp_gain":0,"max_hp_loss":0,"event_name":"Golden Wing","floor":5,"gold_loss":0}],"is_beta":false,"boss_relics":[],"items_purged_floors":[14],"is_endless":false,"potions_floor_spawned":[6,10],"killed_by":"Hexaghost","ascension_level":14}