{"gold_per_floor":[119,19,38,38,38,38,48,48,71,132,132,146,178,188,188,291,291,308,5,19,19,39,39,39,56,80,91,107,124,124,138,138,240,240,260,260,273,171,196,196],"floor_reached":40,"playtime":3237,"items_purged":[],"score":440,"play_id":"aa5547a6-f120-4de5-9599-eca4d52c0e3e","local_time":"20190116185512","is_ascension_mode":false,"campfire_choices":[{"data":"Spot Weakness","floor":6,"key":"SMITH"},{"data":"Spot Weakness","floor":8,"key":"SMITH"},{"data":"Offering","floor":11,"key":"SMITH"},{"floor":15,"key":"REST"},{"data":"Feed","floor":23,"key":"SMITH"},{"floor":30,"key":"REST"},{"floor":32,"key":"REST"}],"neow_cost":"PERCENT_DAMAGE","seed_source_timestamp":3231178392285,"circlet_count":0,"master_deck":["Strike_R","Strike_R","Strike_R","Strike_R","Defend_R+1","Defend_R","Defend_R+1","Defend_R","Offering+1","Spot Weakness+1","Shrug It Off","Iron Wave","Spot Weakness+1","Thunderclap","Rampage","Feed+1","Feed+1","Limit Break","Blood for Blood+1","Burning Pact+1","Strike_R","Heavy Blade","Armaments"],"relics":["Burning Blood","Blood Vial","Singing Bowl","Runic Cube","Ice Cream","Prayer Wheel","War Paint","Runic Pyramid","Juzu Bracelet"],"potions_floor_usage":[28,29,33,33,40],"damage_taken":[{"damage":6,"enemies":"Cultist","floor":1,"turns":4},{"damage":6,"enemies":"2 Louse","floor":3,"turns":3},{"damage":6,"enemies":"Jaw Worm","floor":7,"turns":3},{"damage":19,"enemies":"3 Sentries","floor":10,"turns":6},{"damage":6,"enemies":"Exordium Thugs","floor":12,"turns":3},{"damage":29,"enemies":"Gremlin Nob","floor":13,"turns":4},{"damage":3,"enemies":"3 Louse","floor":14,"turns":3},{"damage":28,"enemies":"Hexaghost","floor":16,"turns":9},{"damage":21,"enemies":"2 Thieves","floor":18,"turns":4},{"damage":23,"enemies":"Shell Parasite","floor":20,"turns":4},{"damage":6,"enemies":"3 Cultists","floor":22,"turns":4},{"damage":47,"enemies":"Snake Plant","floor":25,"turns":7},{"damage":20,"enemies":"Shelled Parasite and Fungi","floor":27,"turns":5},{"damage":6,"enemies":"Snecko","floor":28,"turns":4},{"damage":25,"enemies":"Centurion and Healer","floor":29,"turns":6},{"damage":14,"enemies":"Cultist and Chosen","floor":31,"turns":8},{"damage":110,"enemies":"Champ","floor":33,"turns":13},{"damage":21,"enemies":"Orb Walker","floor":35,"turns":4},{"damage":47,"enemies":"3 Darklings","floor":37,"turns":6},{"damage":104,"enemies":"Giant Head","floor":40,"turns":8}],"seed_played":"5924581243125704953","potions_obtained":[{"floor":13,"key":"Fire Potion"},{"floor":16,"key":"Dexterity Potion"},{"floor":18,"key":"LiquidBronze"},{"floor":31,"key":"FearPotion"},{"floor":37,"key":"Swift Potion"}],"is_trial":false,"path_per_floor":["M","$","M","$","$","R","M","R","T","?","R","M","E","M","R","B",null,"M","$","M","?","M","R","?","M","T","M","M","M","R","M","R","B",null,"M","?","M","$","T","E"],"character_chosen":"IRONCLAD","items_purchased":["Spot Weakness","Shrug It Off","Ice Cream","Heavy Blade","Armaments"],"campfire_rested":3,"item_purchase_floors":[2,2,19,38,38],"current_hp_per_floor":[56,56,56,56,56,56,56,56,56,43,43,45,26,31,55,35,82,72,72,59,59,68,68,68,37,37,37,47,42,82,84,127,29,148,137,137,102,102,102,0],"gold":196,"neow_bonus":"TRANSFORM_TWO_CARDS","is_prod":false,"is_daily":false,"chose_seed":false,"campfire_upgraded":4,"win_rate":0,"timestamp":1547627112,"path_taken":["M","$","M","?","$","R","?","R","T","?","R","M","E","M","R","BOSS","M","$","M","?","M","R","?","M","T","?","M","M","R","M","R","BOSS","M","?","M","$","?","E"],"build_version":"2019-01-10","purchased_purges":0,"victory":false,"max_hp_per_floor":[80,80,80,80,80,80,80,80,80,80,80,80,82,82,82,82,82,87,87,89,89,96,96,96,104,104,116,124,136,136,144,144,148,148,152,152,156,156,156,156],"card_choices":[{"not_picked":["Anger","Heavy Blade","Uppercut"],"picked":"SKIP","floor":1},{"not_picked":["Fire Breathing","Ghostly Armor"],"picked":"Iron Wave","floor":3},{"not_picked":["Iron Wave","Burning Pact"],"picked":"Spot Weakness","floor":7},{"not_picked":["Uppercut","Burning Pact"],"picked":"Thunderclap","floor":12},{"not_picked":["Iron Wave","Clothesline","Uppercut"],"picked":"Singing Bowl","floor":13},{"not_picked":["Perfected Strike","Sentinel"],"picked":"Rampage","floor":14},{"not_picked":["Exhume","Berserk"],"picked":"Feed","floor":16},{"not_picked":["Perfected Strike","Iron Wave","Body Slam"],"picked":"Singing Bowl","floor":18},{"not_picked":["Thunderclap","Shrug It Off","Twin Strike"],"picked":"Singing Bowl","floor":20},{"not_picked":["Anger","Iron Wave+1","Flex+1"],"picked":"Singing Bowl","floor":22},{"not_picked":["Twin Strike","Dropkick+1","Havoc"],"picked":"Singing Bowl","floor":22},{"not_picked":["Blood for Blood","Twin Strike","Headbutt+1"],"picked":"Singing Bowl","floor":25},{"not_picked":["Shockwave+1","Infernal Blade","Flex"],"picked":"Singing Bowl","floor":25},{"not_picked":["Headbutt","Sword Boomerang","Uppercut"],"picked":"Singing Bowl","floor":27},{"not_picked":["Body Slam","Dual Wield+1","Clothesline"],"picked":"Singing Bowl","floor":27},{"not_picked":["Clash","Thunderclap+1","True Grit"],"picked":"Singing Bowl","floor":28},{"not_picked":["Infernal Blade","Reckless Charge+1","Flex+1"],"picked":"Singing Bowl","floor":28},{"not_picked":["Flex+1","Cleave","Impervious"],"picked":"Singing Bowl","floor":29},{"not_picked":["Wild Strike","Rage+1","Sword Boomerang"],"picked":"Singing Bowl","floor":29},{"not_picked":["Inflame","Corruption","Rupture+1"],"picked":"Singing Bowl","floor":31},{"not_picked":["Warcry","Cleave","Battle Trance"],"picked":"Singing Bowl","floor":31},{"not_picked":["Feed","Exhume"],"picked":"Limit Break","floor":33},{"not_picked":["Inflame+1","Sword Boomerang"],"picked":"Blood for Blood+1","floor":35},{"not_picked":["Flex","Havoc+1"],"picked":"Burning Pact+1","floor":35},{"not_picked":["Twin Strike+1","Cleave","Sword Boomerang+1"],"picked":"Singing Bowl","floor":37},{"not_picked":["Flex","Perfected Strike","Headbutt+1"],"picked":"Singing Bowl","floor":37}],"player_experience":449390,"relics_obtained":[{"floor":10,"key":"Blood Vial"},{"floor":13,"key":"Singing Bowl"},{"floor":26,"key":"War Paint"},{"floor":39,"key":"Juzu Bracelet"}],"event_choices":[{"damage_healed":0,"gold_gain":0,"player_choice":"Searched \u00272\u0027 times","damage_taken":0,"max_hp_gain":0,"max_hp_loss":0,"event_name":"Dead Adventurer","floor":10,"gold_loss":0},{"damage_healed":0,"gold_gain":0,"player_choice":"Opened","damage_taken":0,"relics_obtained":["Prayer Wheel"],"max_hp_gain":0,"max_hp_loss":0,"event_name":"The Mausoleum","floor":21,"gold_loss":0},{"damage_healed":0,"gold_gain":0,"player_choice":"Copied","damage_taken":0,"max_hp_gain":0,"max_hp_loss":0,"event_name":"Duplicator","floor":24,"gold_loss":0,"cards_obtained":["Feed"]},{"cards_removed":["Clash"],"damage_healed":0,"gold_gain":0,"player_choice":"Took Card","damage_taken":0,"max_hp_gain":0,"max_hp_loss":0,"event_name":"NoteForYourself","floor":36,"gold_loss":0,"cards_obtained":["Strike_R"]}],"is_beta":false,"boss_relics":[{"not_picked":["White Beast Statue","Fusion Hammer"],"picked":"Runic Cube"},{"not_picked":["Velvet Choker","Mark of Pain"],"picked":"Runic Pyramid"}],"items_purged_floors":[],"is_endless":false,"potions_floor_spawned":[13,16,18,20,31,37],"killed_by":"Giant Head","ascension_level":0}