{"gold_per_floor":[116,116,23,23,38,38,138,29,52,63,63,82,94,120,120,217,217,217,227,37,56,155,189,189,202,249,249,249],"floor_reached":28,"playtime":1076,"items_purged":[],"score":298,"play_id":"47a470f0-d2b7-4371-9643-f0403a058a93","local_time":"20180709190120","is_ascension_mode":true,"campfire_choices":[{"data":"Noxious Fumes","floor":6.0,"key":"SMITH"},{"floor":11.0,"key":"REST"},{"floor":15.0,"key":"REST"},{"floor":24.0,"key":"REST"},{"floor":27,"key":"REST"}],"neow_cost":"","seed_source_timestamp":510638277102095,"circlet_count":0,"master_deck":["Defend_G","Defend_G+1","Defend_G","Defend_G","Defend_G","Strike_G+1","Strike_G","Strike_G","Strike_G","Strike_G","Survivor","Neutralize+1","Skewer","Noxious Fumes+1","Quick Slash","Sucker Punch","Noxious Fumes","Bouncing Flask","Dodge and Roll","Dodge and Roll","Poisoned Stab","Crippling Poison","Night Terror","Well Laid Plans+1","Apotheosis","Sucker Punch+1","Backflip","PiercingWail"],"special_seed":0,"relics":["Ring of the Snake","Pen Nib","Pear","Lizard Tail","Matryoshka","Orichalcum","Omamori"],"potions_floor_usage":[],"damage_taken":[{"damage":3.0,"enemies":"2 Louse","floor":1.0,"turns":3.0},{"damage":0.0,"enemies":"Small Slimes","floor":5.0,"turns":3.0},{"damage":4.0,"enemies":"Cultist","floor":10.0,"turns":3.0},{"damage":8.0,"enemies":"Looter","floor":12.0,"turns":2.0},{"damage":0.0,"enemies":"Red Slaver","floor":13.0,"turns":2.0},{"damage":23.0,"enemies":"3 Sentries","floor":14.0,"turns":5.0},{"damage":24.0,"enemies":"Hexaghost","floor":16.0,"turns":8.0},{"damage":0.0,"enemies":"Spheric Guardian","floor":18.0,"turns":2.0},{"damage":12.0,"enemies":"3 Byrds","floor":19.0,"turns":4.0},{"damage":43.0,"enemies":"Slaver and Parasite","floor":21.0,"turns":6.0},{"damage":62.0,"enemies":"Slavers","floor":23.0,"turns":8.0},{"damage":15,"enemies":"Snecko","floor":25,"turns":5},{"damage":38,"enemies":"Book of Stabbing","floor":28,"turns":6}],"seed_played":"7479174683131417159","potions_obtained":[{"floor":10.0,"key":"Explosive Potion"},{"floor":13.0,"key":"SmokeBomb"},{"floor":14.0,"key":"Regen Potion"}],"is_trial":false,"path_per_floor":["M","?","$","?","M","R","?","$","T","M","R","M","M","E","R","B",null,"M","M","$","M","?","E","R","M","T","R"],"character_chosen":"THE_SILENT","items_purchased":["Noxious Fumes","Quick Slash","Noxious Fumes","Bouncing Flask","Apotheosis"],"campfire_rested":4,"item_purchase_floors":[3,3,8,8,20],"current_hp_per_floor":[67,53,53,53,53,53,53,53,53,49,70,62,62,49,73,64,76,76,64,64,21,21,3,27,12,12,36,0],"gold":249,"neow_bonus":"","is_prod":false,"is_daily":false,"chose_seed":false,"campfire_upgraded":1,"win_rate":0,"timestamp":1531177280,"path_taken":["M","?","$","?","M","R","?","$","T","M","R","M","M","E","R","BOSS","M","M","$","?","?","E","R","M","T","R","E"],"build_version":"2018-07-05","purchased_purges":0,"victory":false,"max_hp_per_floor":[70,70,70,70,70,70,70,70,70,70,70,70,70,80,80,80,80,80,80,80,80,80,80,80,80,80,80,80],"card_choices":[{"not_picked":["Outmaneuver","Malaise"],"picked":"Skewer","floor":1.0},{"not_picked":["Slice","Dagger Throw"],"picked":"Sucker Punch","floor":5.0},{"not_picked":["Heel Hook","Prepared"],"picked":"Dodge and Roll","floor":10.0},{"not_picked":["Acrobatics","Sucker Punch"],"picked":"Dodge and Roll","floor":12.0},{"not_picked":["Endless Agony","Deflect"],"picked":"Poisoned Stab","floor":13.0},{"not_picked":["Calculated Gamble","Glass Knife"],"picked":"Crippling Poison","floor":14.0},{"not_picked":["Corpse Explosion","Grand Finale"],"picked":"Night Terror","floor":16.0},{"not_picked":["Eviscerate","Blade Dance"],"picked":"Well Laid Plans+1","floor":19.0},{"not_picked":["Dodge and Roll","Concentrate"],"picked":"Sucker Punch+1","floor":21.0},{"not_picked":["Flying Knee","Sucker Punch"],"picked":"Backflip","floor":23.0},{"not_picked":["Deflect+1","Outmaneuver"],"picked":"PiercingWail","floor":25}],"player_experience":1018817,"relics_obtained":[{"floor":9.0,"key":"Pen Nib"},{"floor":14.0,"key":"Pear"},{"floor":23.0,"key":"Matryoshka"},{"floor":26,"key":"Orichalcum"},{"floor":26,"key":"Omamori"}],"event_choices":[{"event_name":"Shining Light","player_choice":"Entered Light","floor":2.0,"damage_taken":0.0},{"event_name":"Accursed Blacksmith","player_choice":"Forge","floor":4.0,"damage_taken":0.0},{"event_name":"Golden Shrine","player_choice":"Pray","floor":7.0,"damage_taken":0.0},{"event_name":"Nest","player_choice":"Stole From Cult","floor":22.0,"damage_taken":0.0}],"boss_relics":[{"not_picked":["Tiny House","Coffee Dripper"],"picked":"Lizard Tail"}],"items_purged_floors":[],"is_endless":false,"potions_floor_spawned":[10,13,14,18,25],"killed_by":"Book of Stabbing","ascension_level":5}