{"gold_per_floor":[162,172,186,201,276,276,49,59,113,123,148,160,175,187,187,286,286,306,316,327,327,78,111,111,111,111,138,138,413,431,346,346,346],"floor_reached":33,"playtime":2030,"items_purged":["Defend_R","Defend_R"],"score":331,"play_id":"489b6a55-e01d-410b-9a09-67f7c1457890","local_time":"20190110000316","is_ascension_mode":false,"campfire_choices":[{"data":"Rage","floor":6,"key":"SMITH"},{"data":"Feed","floor":15,"key":"SMITH"},{"data":"Heavy Blade","floor":24,"key":"SMITH"},{"data":"Seeing Red","floor":28,"key":"SMITH"},{"data":"Seeing Red","floor":32,"key":"SMITH"}],"neow_cost":"NONE","seed_source_timestamp":24379615737760,"circlet_count":0,"master_deck":["Strike_R","Strike_R","Strike_R","Strike_R+1","Strike_R","Defend_R","Defend_R","Bash","Seeing Red+1","Seeing Red+1","Inflame","Heavy Blade+1","Rage+1","Battle Trance","Flex","Flex","Feed+1","Exhume","Disarm+1","Writhe","Regret","Warcry+1"],"relics":["Tiny House","Vajra","Red Skull","Bag of Marbles","Cursed Key","Membership Card","Letter Opener","Mango","Centennial Puzzle","PreservedInsect"],"potions_floor_usage":[16,23,27,33],"damage_taken":[{"damage":0,"enemies":"Cultist","floor":1,"turns":2},{"damage":6,"enemies":"Jaw Worm","floor":2,"turns":3},{"damage":0,"enemies":"Small Slimes","floor":3,"turns":3},{"damage":0,"enemies":"2 Fungi Beasts","floor":4,"turns":3},{"damage":5,"enemies":"3 Louse","floor":8,"turns":3},{"damage":18,"enemies":"Lots of Slimes","floor":10,"turns":4},{"damage":0,"enemies":"Looter","floor":12,"turns":1},{"damage":0,"enemies":"Large Slime","floor":13,"turns":4},{"damage":7,"enemies":"Blue Slaver","floor":14,"turns":3},{"damage":6,"enemies":"Slime Boss","floor":16,"turns":7},{"damage":10,"enemies":"Chosen","floor":18,"turns":4},{"damage":10,"enemies":"Shell Parasite","floor":19,"turns":4},{"damage":4,"enemies":"Snake Plant","floor":20,"turns":5},{"damage":15,"enemies":"Book of Stabbing","floor":23,"turns":4},{"damage":16,"enemies":"Gremlin Leader","floor":27,"turns":4},{"damage":10,"enemies":"Chosen and Byrds","floor":30,"turns":5},{"damage":78,"enemies":"Champ","floor":33,"turns":10}],"seed_played":"-8833215762062509487","potions_obtained":[{"floor":0,"key":"FairyPotion"},{"floor":1,"key":"Regen Potion"},{"floor":2,"key":"Energy Potion"},{"floor":16,"key":"SkillPotion"},{"floor":20,"key":"AttackPotion"},{"floor":27,"key":"Explosive Potion"}],"is_trial":false,"path_per_floor":["M","M","M","M","?","R","$","M","T","M","T","M","M","M","R","B",null,"M","M","M","?","$","E","R","?","T","E","R","?","M","?","R","B"],"character_chosen":"IRONCLAD","items_purchased":["Vajra","Membership Card"],"campfire_rested":0,"item_purchase_floors":[7,22],"current_hp_per_floor":[85,79,79,79,68,68,68,63,63,45,45,45,45,38,38,51,89,83,77,77,61,61,46,46,46,60,48,48,48,42,42,42,0],"gold":346,"neow_bonus":"BOSS_RELIC","is_prod":false,"is_daily":false,"chose_seed":false,"campfire_upgraded":5,"win_rate":0,"timestamp":1547040796,"path_taken":["M","M","M","M","?","R","$","M","T","M","?","M","M","M","R","BOSS","M","M","M","?","$","E","R","?","T","E","R","?","?","?","R","BOSS"],"build_version":"2019-01-03v4","purchased_purges":2,"victory":false,"max_hp_per_floor":[85,85,85,85,85,85,85,85,85,85,85,85,85,85,85,89,89,93,97,101,101,101,101,101,101,115,119,119,119,123,123,123,123],"card_choices":[{"not_picked":["Flex","True Grit"],"picked":"Seeing Red","floor":0},{"not_picked":["Anger","Clothesline"],"picked":"Seeing Red","floor":1},{"not_picked":["Disarm","Body Slam"],"picked":"Inflame","floor":2},{"not_picked":["Clothesline","Thunderclap"],"picked":"Heavy Blade","floor":3},{"not_picked":["Sever Soul","Heavy Blade"],"picked":"Rage","floor":4},{"not_picked":["Double Tap","Pommel Strike"],"picked":"Battle Trance","floor":8},{"not_picked":["Heavy Blade","Rupture"],"picked":"Flex","floor":10},{"not_picked":["Seeing Red","Feel No Pain"],"picked":"Flex","floor":12},{"not_picked":["Second Wind","Disarm","Wild Strike"],"picked":"SKIP","floor":13},{"not_picked":["Battle Trance","Searing Blow"],"picked":"Feed","floor":14},{"not_picked":["Fiend Fire","Impervious"],"picked":"Exhume","floor":16},{"not_picked":["Shrug It Off","Metallicize"],"picked":"Disarm+1","floor":18},{"not_picked":["Armaments","Body Slam","Havoc"],"picked":"SKIP","floor":19},{"not_picked":["Perfected Strike+1","Sword Boomerang","Headbutt"],"picked":"SKIP","floor":20},{"not_picked":["Clothesline","Havoc+1","Anger"],"picked":"SKIP","floor":23},{"not_picked":["Whirlwind","Sword Boomerang","Armaments"],"picked":"SKIP","floor":27},{"not_picked":["Intimidate","Hemokinesis"],"picked":"Warcry+1","floor":30}],"player_experience":388454,"relics_obtained":[{"floor":9,"key":"Red Skull"},{"floor":11,"key":"Bag of Marbles"},{"floor":23,"key":"Letter Opener"},{"floor":26,"key":"Mango"},{"floor":27,"key":"Centennial Puzzle"}],"event_choices":[{"damage_healed":0,"gold_gain":75,"player_choice":"Gather Gold","damage_taken":11,"max_hp_gain":0,"max_hp_loss":0,"event_name":"World of Goop","floor":5,"gold_loss":0},{"damage_healed":0,"gold_gain":0,"player_choice":"Obtained Book","damage_taken":16,"max_hp_gain":0,"max_hp_loss":0,"event_name":"Cursed Tome","floor":21,"gold_loss":0},{"damage_healed":0,"gold_gain":0,"player_choice":"Ignored","damage_taken":0,"max_hp_gain":0,"max_hp_loss":0,"event_name":"Ghosts","floor":25,"gold_loss":0},{"damage_healed":0,"gold_gain":275,"player_choice":"Desecrate","damage_taken":0,"max_hp_gain":0,"max_hp_loss":0,"event_name":"Golden Shrine","floor":29,"gold_loss":0,"cards_obtained":["Regret"]},{"damage_healed":0,"gold_gain":0,"player_choice":"Obtained Relic","damage_taken":0,"relics_obtained":["PreservedInsect"],"max_hp_gain":0,"max_hp_loss":0,"event_name":"Addict","floor":31,"gold_loss":85}],"is_beta":false,"boss_relics":[{"not_picked":["Runic Dome","Fusion Hammer"],"picked":"Cursed Key"}],"items_purged_floors":[7,22],"is_endless":false,"potions_floor_spawned":[1,2,8,16,19,20,27],"killed_by":"Champ","ascension_level":0}