{"gold_per_floor":[111,128,78,153,169,204,222,222,246,256,256,269,279,126,126,229,229,247,247,247,247,162,188,203,222,222,255,55,55,82,97,97,195,195,210,210,120,45,56,71,71,71,71,90,108,136,155,170,170,170,170,170,19,53,53],"floor_reached":55,"playtime":6130,"items_purged":["Strike_R"],"score":903,"play_id":"58a7bff5-9aec-4636-a7ba-6e568f9aa315","local_time":"20190206033629","is_ascension_mode":true,"campfire_choices":[{"floor":8.0,"key":"RECALL"},{"data":"Corruption","floor":11.0,"key":"SMITH"},{"data":"Bash","floor":15.0,"key":"SMITH"},{"data":"Armaments","floor":29.0,"key":"SMITH"},{"floor":32.0,"key":"REST"},{"data":"Armaments","floor":41,"key":"SMITH"},{"data":"Offering","floor":49,"key":"SMITH"},{"data":"Whirlwind","floor":52,"key":"SMITH"}],"neow_cost":"NONE","seed_source_timestamp":0,"circlet_count":0,"master_deck":["Defend_R","Defend_R","Defend_R","Bash+1","Corruption+1","Whirlwind+1","True Grit","Offering+1","Whirlwind","Anger","True Grit","Body Slam","Reaper","Rupture+1","Fire Breathing+1","Impervious+1","Shrug It Off","Bite","Bite","Bite+1","Bite","Bite","J.A.X.","Armaments+1","Iron Wave","Feel No Pain+1","Armaments+1","Barricade+1","Combust+1"],"special_seed":0,"relics":["Burning Blood","Lantern","Astrolabe","Happy Flower","Frozen Egg 2","Vajra","Letter Opener","Bag of Marbles","Chemical X","Paper Frog","Busted Crown","Mummified Hand","Kunai","Pen Nib","Orichalcum"],"potions_floor_usage":[50,50,50],"damage_taken":[{"damage":1.0,"enemies":"2 Louse","floor":1.0,"turns":3.0},{"damage":0.0,"enemies":"Small Slimes","floor":2.0,"turns":4.0},{"damage":14.0,"enemies":"Jaw Worm","floor":5.0,"turns":4.0},{"damage":36.0,"enemies":"Gremlin Nob","floor":6.0,"turns":5.0},{"damage":7.0,"enemies":"Exordium Wildlife","floor":7.0,"turns":3.0},{"damage":13.0,"enemies":"3 Louse","floor":10.0,"turns":2.0},{"damage":0.0,"enemies":"Lots of Slimes","floor":12.0,"turns":1.0},{"damage":15.0,"enemies":"Red Slaver","floor":13.0,"turns":3.0},{"damage":38.0,"enemies":"Hexaghost","floor":16.0,"turns":8.0},{"damage":27.0,"enemies":"Chosen","floor":18.0,"turns":5.0},{"damage":31.0,"enemies":"Slavers","floor":23.0,"turns":4.0},{"damage":22.0,"enemies":"2 Thieves","floor":24.0,"turns":3.0},{"damage":20.0,"enemies":"Snake Plant","floor":25.0,"turns":3.0},{"damage":9.0,"enemies":"Gremlin Leader","floor":27.0,"turns":5.0},{"damage":48.0,"enemies":"Slavers","floor":30.0,"turns":4.0},{"damage":6.0,"enemies":"Snecko","floor":31.0,"turns":2.0},{"damage":12.0,"enemies":"Champ","floor":33.0,"turns":8.0},{"damage":7.0,"enemies":"3 Shapes","floor":35.0,"turns":1.0},{"damage":6,"enemies":"Orb Walker","floor":39,"turns":3},{"damage":31,"enemies":"4 Shapes","floor":40,"turns":4},{"damage":22,"enemies":"3 Darklings","floor":44,"turns":3},{"damage":6,"enemies":"Sphere and 2 Shapes","floor":45,"turns":4},{"damage":9,"enemies":"Nemesis","floor":46,"turns":9},{"damage":17,"enemies":"Maw","floor":47,"turns":6},{"damage":19,"enemies":"4 Shapes","floor":48,"turns":3},{"damage":43,"enemies":"Donu and Deca","floor":50,"turns":7},{"damage":59,"enemies":"Shield and Spear","floor":54,"turns":7},{"damage":63,"enemies":"The Heart","floor":55,"turns":2}],"seed_played":"66144111577449005","potions_obtained":[{"floor":1.0,"key":"FairyPotion"},{"floor":5.0,"key":"Strength Potion"},{"floor":6.0,"key":"Dexterity Potion"},{"floor":10.0,"key":"SteroidPotion"},{"floor":16.0,"key":"Strength Potion"},{"floor":18.0,"key":"SpeedPotion"},{"floor":27.0,"key":"Regen Potion"},{"floor":39,"key":"PowerPotion"},{"floor":46,"key":"Regen Potion"}],"is_trial":false,"path_per_floor":["M","M","?","?","M","E","M","R","T","M","R","M","M","$","R","B",null,"M","?","?","?","?","E","M","M","T","E","$","R","E","M","R","B",null,"M","?","?","$","M","M","R","$","T","M","M","E","M","M","R","B",null,"R","$","E","B"],"character_chosen":"IRONCLAD","items_purchased":["True Grit","Body Slam","Chemical X","BloodPotion","Pen Nib"],"campfire_rested":1,"item_purchase_floors":[14,14,28,38,53],"current_hp_per_floor":[88,88,88,77,69,39,38,38,38,31,31,37,28,28,28,7,88,74,61,61,61,61,50,39,31,31,41,41,41,21,25,43,61,61,60,60,60,60,61,42,42,42,42,36,41,61,61,58,58,61,61,61,61,28,0],"gold":53,"neow_bonus":"TEN_PERCENT_HP_BONUS","is_prod":false,"is_daily":false,"chose_seed":false,"campfire_upgraded":6,"win_rate":0,"timestamp":1549445789,"path_taken":["M","M","?","?","M","E","M","R","T","M","R","M","M","$","R","BOSS","M","?","?","?","?","E","M","?","T","E","$","R","E","M","R","BOSS","M","?","?","$","M","?","R","?","T","?","M","E","M","M","R","BOSS","R","$","E","BOSS"],"build_version":"2019-01-23","purchased_purges":1,"victory":false,"max_hp_per_floor":[88,88,88,88,88,88,88,88,88,88,88,88,88,88,88,88,88,88,61,61,61,61,61,61,61,61,61,61,61,61,61,61,61,61,61,61,61,61,61,61,61,61,61,61,61,61,61,61,61,61,61,61,61,61,61],"card_choices":[{"not_picked":["Sword Boomerang","Twin Strike"],"picked":"Corruption","floor":1.0},{"not_picked":["Flex","Burning Pact"],"picked":"Whirlwind","floor":2.0},{"not_picked":["Thunderclap","Sword Boomerang"],"picked":"True Grit","floor":5.0},{"not_picked":["Reckless Charge","Iron Wave"],"picked":"Offering","floor":6.0},{"not_picked":["Blood for Blood","Spot Weakness"],"picked":"Whirlwind","floor":7.0},{"not_picked":["Headbutt","Spot Weakness","Battle Trance"],"picked":"SKIP","floor":10.0},{"not_picked":["Body Slam","Sword Boomerang"],"picked":"Anger","floor":12.0},{"not_picked":["Headbutt","Twin Strike","Clothesline"],"picked":"SKIP","floor":13.0},{"not_picked":["Brutality","Juggernaut"],"picked":"Reaper","floor":16.0},{"not_picked":["Power Through","Inflame+1"],"picked":"Shrug It Off","floor":18.0},{"not_picked":["Headbutt","Anger"],"picked":"Armaments","floor":23.0},{"not_picked":["Clash+1","Perfected Strike+1"],"picked":"Iron Wave","floor":24.0},{"not_picked":["Power Through","Perfected Strike"],"picked":"Feel No Pain+1","floor":25.0},{"not_picked":["Flex","Demon Form+1","Intimidate+1"],"picked":"SKIP","floor":27.0},{"not_picked":["Dropkick","Iron Wave","Cleave"],"picked":"SKIP","floor":30.0},{"not_picked":["Clothesline","True Grit"],"picked":"Armaments","floor":31.0},{"not_picked":["Impervious","Double Tap"],"picked":"Barricade+1","floor":33.0},{"not_picked":["Headbutt+1"],"picked":"SKIP","floor":35.0},{"not_picked":["Headbutt"],"picked":"SKIP","floor":39},{"not_picked":["Pommel Strike+1"],"picked":"SKIP","floor":40},{"not_picked":["Hemokinesis+1"],"picked":"SKIP","floor":44},{"not_picked":["Uppercut"],"picked":"SKIP","floor":45},{"not_picked":["Clash"],"picked":"SKIP","floor":46},{"not_picked":["Perfected Strike+1"],"picked":"SKIP","floor":47},{"not_picked":["Thunderclap"],"picked":"SKIP","floor":48},{"not_picked":[],"picked":"Combust+1","floor":54}],"player_experience":22059,"relics_obtained":[{"floor":6.0,"key":"Lantern"},{"floor":23.0,"key":"Vajra"},{"floor":26.0,"key":"Letter Opener"},{"floor":27.0,"key":"Bag of Marbles"},{"floor":30.0,"key":"Paper Frog"},{"floor":43,"key":"Mummified Hand"},{"floor":46,"key":"Kunai"},{"floor":54,"key":"Orichalcum"}],"event_choices":[{"cards_removed":["Defend_R"],"damage_healed":0.0,"max_hp_gain":0.0,"max_hp_loss":0.0,"gold_gain":0.0,"event_name":"The Cleric","player_choice":"Card Removal","floor":3.0,"gold_loss":50.0,"damage_taken":0.0},{"damage_healed":0.0,"max_hp_gain":0.0,"max_hp_loss":0.0,"gold_gain":75.0,"event_name":"World of Goop","player_choice":"Gather Gold","floor":4.0,"gold_loss":0.0,"damage_taken":11.0},{"damage_healed":0.0,"max_hp_gain":0.0,"max_hp_loss":27.0,"gold_gain":0.0,"event_name":"Vampires","player_choice":"Became a vampire","floor":19.0,"gold_loss":0.0,"damage_taken":0.0,"cards_obtained":["Bite","Bite","Bite","Bite","Bite"]},{"damage_healed":0.0,"max_hp_gain":0.0,"max_hp_loss":0.0,"gold_gain":0.0,"event_name":"Drug Dealer","player_choice":"Obtain J.A.X.","floor":20.0,"gold_loss":0.0,"damage_taken":0.0,"cards_obtained":["J.A.X."]},{"damage_healed":0.0,"max_hp_gain":0.0,"max_hp_loss":0.0,"gold_gain":0.0,"event_name":"The Mausoleum","player_choice":"Opened","floor":21.0,"gold_loss":0.0,"damage_taken":0.0,"relics_obtained":["Happy Flower"],"cards_obtained":["Writhe"]},{"damage_healed":0.0,"max_hp_gain":0.0,"max_hp_loss":0.0,"gold_gain":0.0,"event_name":"Addict","player_choice":"Obtained Relic","floor":22.0,"gold_loss":85.0,"damage_taken":0.0,"relics_obtained":["Frozen Egg 2"]},{"damage_healed":0.0,"max_hp_gain":0.0,"max_hp_loss":0.0,"gold_gain":0.0,"event_name":"Tomb of Lord Red Mask","player_choice":"Ignored","floor":36.0,"gold_loss":0.0,"damage_taken":0.0},{"cards_removed":["Writhe"],"damage_healed":0.0,"max_hp_gain":0.0,"max_hp_loss":0.0,"gold_gain":0.0,"event_name":"Designer","player_choice":"Upgrade and Remove","floor":37.0,"gold_loss":90.0,"damage_taken":0.0,"cards_upgraded":["Bite"]}],"is_beta":true,"boss_relics":[{"not_picked":["White Beast Statue","Eternal Feather"],"picked":"Astrolabe"},{"not_picked":["Snecko Eye","Fusion Hammer"],"picked":"Busted Crown"}],"items_purged_floors":[14],"is_endless":false,"potions_floor_spawned":[1,5,6,10,16,18,27,39,45,46,47],"killed_by":"The Heart","ascension_level":1}