{"gold_per_floor":[110,110,126,150,150,183,183,221,247,247,268,287,312,335,335,424,424,439,290,290],"floor_reached":20,"playtime":580,"items_purged":[],"score":326,"play_id":"52e3ca23-5895-4260-9c15-17b29c404db9","local_time":"20180707204249","is_ascension_mode":true,"campfire_choices":[{"data":"Dagger Spray","floor":7,"key":"SMITH"},{"floor":10,"key":"REST"},{"data":"Skewer","floor":15,"key":"SMITH"}],"neow_cost":"NONE","seed_source_timestamp":13506571102419,"circlet_count":0,"master_deck":["Defend_G","Defend_G","Defend_G","Defend_G","Defend_G","Strike_G","Strike_G","Strike_G","Strike_G","Strike_G","Survivor","Neutralize+1","AscendersBane","Dagger Spray+1","Injury","Dash","Backstab","Skewer+1","PiercingWail","Cloak And Dagger","Well Laid Plans","Bullet Time","Calculated Gamble"],"relics":["Ring of the Snake","NeowsBlessing","Golden Idol","Bronze Scales","Centennial Puzzle","Happy Flower","Velvet Choker","Pen Nib"],"potions_floor_usage":[6,16],"damage_taken":[{"damage":0,"enemies":"2 Louse","floor":1,"turns":1},{"damage":0,"enemies":"Jaw Worm","floor":3,"turns":1},{"damage":0,"enemies":"Small Slimes","floor":4,"turns":1},{"damage":14,"enemies":"3 Sentries","floor":6,"turns":7},{"damage":17,"enemies":"Lagavulin","floor":8,"turns":9},{"damage":2,"enemies":"Exordium Wildlife","floor":11,"turns":2},{"damage":0,"enemies":"2 Fungi Beasts","floor":12,"turns":2},{"damage":0,"enemies":"Lots of Slimes","floor":13,"turns":3},{"damage":4,"enemies":"3 Louse","floor":14,"turns":3},{"damage":9,"enemies":"The Guardian","floor":16,"turns":11},{"damage":8,"enemies":"Shell Parasite","floor":18,"turns":3},{"damage":0,"enemies":"Spheric Guardian","floor":20,"turns":3}],"seed_played":"3367557255812858953","potions_obtained":[{"floor":1,"key":"Ancient Potion"},{"floor":4,"key":"Block Potion"},{"floor":8,"key":"EssenceOfSteel"},{"floor":11,"key":"Strength Potion"}],"is_trial":false,"path_per_floor":["M","?","M","M","?","E","R","E","T","R","M","M","M","M","R","B",null,"M","$"],"character_chosen":"THE_SILENT","items_purchased":["Pen Nib"],"campfire_rested":1,"item_purchase_floors":[19],"current_hp_per_floor":[59,59,59,59,59,45,45,28,28,47,45,45,45,41,41,32,58,50,50,50],"gold":290,"neow_bonus":"THREE_ENEMY_KILL","is_prod":false,"is_daily":false,"chose_seed":false,"campfire_upgraded":2,"win_rate":0,"timestamp":1530988969,"path_taken":["M","?","M","M","?","E","R","E","T","R","M","?","M","M","R","BOSS","M","$","M"],"build_version":"2018-07-05","purchased_purges":0,"victory":false,"max_hp_per_floor":[66,66,66,66,66,66,66,66,66,66,66,66,66,66,66,66,66,66,66,66],"card_choices":[{"not_picked":["Infinite Blades","Bane"],"picked":"Dagger Spray","floor":1},{"not_picked":["Acrobatics","Masterful Stab","Dagger Spray"],"picked":"SKIP","floor":3},{"not_picked":["Flying Knee","Dodge and Roll"],"picked":"Dash","floor":4},{"not_picked":["Acrobatics","Deflect"],"picked":"Backstab","floor":6},{"not_picked":["All Out Attack","Setup"],"picked":"Skewer","floor":8},{"not_picked":["Skewer","Acrobatics"],"picked":"PiercingWail","floor":11},{"not_picked":["Flying Knee","Bouncing Flask"],"picked":"Cloak And Dagger","floor":12},{"not_picked":["Dagger Throw","Envenom"],"picked":"Well Laid Plans","floor":13},{"not_picked":["Catalyst","Acrobatics","Underhanded Strike"],"picked":"SKIP","floor":14},{"not_picked":["Unload","Doppelganger"],"picked":"Bullet Time","floor":16},{"not_picked":["Quick Slash+1","Poisoned Stab"],"picked":"Calculated Gamble","floor":18}],"player_experience":1002529,"relics_obtained":[{"floor":6,"key":"Bronze Scales"},{"floor":8,"key":"Centennial Puzzle"},{"floor":9,"key":"Happy Flower"}],"event_choices":[{"event_name":"Golden Idol","player_choice":"Take Wound","floor":2,"damage_taken":0},{"event_name":"Living Wall","player_choice":"Grow","floor":5,"damage_taken":0}],"boss_relics":[{"not_picked":["Philosopher\u0027s Stone","Lizard Tail"],"picked":"Velvet Choker"}],"items_purged_floors":[],"is_endless":false,"potions_floor_spawned":[1,4,8,11,13],"killed_by":"Spheric Guardian","ascension_level":15}