{"gold_per_floor":[113,130,148,148,223,255,255,268,268,5,18,18],"floor_reached":12,"playtime":434,"items_purged":[],"score":100,"play_id":"e171488a-37bf-475f-83c3-98a67befc8de","local_time":"20180706160311","is_ascension_mode":true,"campfire_choices":[{"floor":7,"key":"REST"}],"neow_cost":"NONE","seed_source_timestamp":241569304993817,"circlet_count":0,"master_deck":["Defend_G","Defend_G","Defend_G","Defend_G","Defend_G","Strike_G","Strike_G","Strike_G","Strike_G","Strike_G","Survivor","Neutralize","Quick Slash","Infinite Blades","Riddle With Holes","Bouncing Flask","Deadly Poison","Underhanded Strike","Bouncing Flask","Dash"],"relics":["Runic Pyramid","NlothsMask","Bottled Tornado","Bronze Scales"],"potions_floor_usage":[],"damage_taken":[{"damage":2,"enemies":"2 Louse","floor":1,"turns":2},{"damage":0,"enemies":"Cultist","floor":2,"turns":4},{"damage":1,"enemies":"Jaw Worm","floor":3,"turns":4},{"damage":32,"enemies":"Gremlin Nob","floor":6,"turns":4},{"damage":10,"enemies":"2 Fungi Beasts","floor":8,"turns":3},{"damage":17,"enemies":"Exordium Wildlife","floor":11,"turns":4},{"damage":20,"enemies":"Lagavulin","floor":12,"turns":2}],"seed_played":"-4335748940110597173","potions_obtained":[{"floor":6,"key":"EssenceOfSteel"},{"floor":8,"key":"Weak Potion"}],"is_trial":false,"path_per_floor":["M","M","M","?","?","E","R","M","T","$","M"],"character_chosen":"THE_SILENT","items_purchased":["Bronze Scales","Underhanded Strike","Bouncing Flask"],"campfire_rested":1,"item_purchase_floors":[10,10,10],"current_hp_per_floor":[68,68,67,67,56,24,45,35,35,35,18,0],"gold":18,"neow_bonus":"BOSS_RELIC","is_prod":false,"is_daily":false,"chose_seed":false,"campfire_upgraded":0,"win_rate":0,"timestamp":1530907391,"path_taken":["M","M","M","?","?","E","R","M","T","$","?","E"],"build_version":"2018-07-05","purchased_purges":0,"victory":false,"max_hp_per_floor":[70,70,70,70,70,70,70,70,70,70,70,70],"card_choices":[{"not_picked":["Bane","Prepared"],"picked":"Quick Slash","floor":1},{"not_picked":["Underhanded Strike","Escape Plan"],"picked":"Infinite Blades","floor":2},{"not_picked":["Deflect","Reflex"],"picked":"Riddle With Holes","floor":3},{"not_picked":["Acrobatics","Bullet Time"],"picked":"Bouncing Flask","floor":6},{"not_picked":["Distraction","Reflex"],"picked":"Deadly Poison","floor":8},{"not_picked":["Flying Knee","Dagger Throw"],"picked":"Dash","floor":11}],"player_experience":979053,"relics_obtained":[{"floor":6,"key":"Bottled Tornado"}],"event_choices":[{"event_name":"FaceTrader","player_choice":"Trade","floor":4,"damage_taken":0},{"event_name":"World of Goop","player_choice":"Gather Gold","floor":5,"damage_taken":0}],"boss_relics":[],"items_purged_floors":[],"is_endless":false,"potions_floor_spawned":[6,8],"killed_by":"Lagavulin","ascension_level":5}