{"gold_per_floor":[112,24,39,50,50,79,79,98,149,149,164,164,184,219,219,321,321,335,346,130,140,160,160,160,160,160,160,188,205,220,234,234,336,336,353,54,54,105,105],"floor_reached":39,"playtime":2537,"items_purged":["Strike_G","Defend_G"],"score":438,"play_id":"36f64c5e-b7c4-4daf-9d5d-331eea1dda1b","local_time":"20190208223249","is_ascension_mode":false,"campfire_choices":[{"floor":7,"key":"REST"},{"data":"Footwork","floor":10,"key":"SMITH"},{"data":"Phantasmal Killer","floor":12,"key":"SMITH"},{"floor":15,"key":"REST"},{"data":"Cloak And Dagger","floor":23,"key":"SMITH"},{"data":"Outmaneuver","floor":25,"key":"SMITH"},{"data":"Blade Dance","floor":27,"key":"SMITH"},{"data":"Survivor","floor":32,"key":"SMITH"}],"neow_cost":"NONE","seed_source_timestamp":23779112972567,"circlet_count":0,"master_deck":["Defend_G","Defend_G","Defend_G","Defend_G","Strike_G","Strike_G","Strike_G","Strike_G","Survivor+1","Neutralize","Deadly Poison","Footwork+1","Backflip","Escape Plan","Blade Dance+1","Noxious Fumes","Flying Knee","Blade Dance","Cloak And Dagger+1","Finesse","Slice","Outmaneuver+1","Backstab","After Image","Catalyst+1","Madness","Madness","Calculated Gamble"],"relics":["Ring of the Snake","Ornamental Fan","Lantern","Dream Catcher","Darkstone Periapt","Runic Pyramid","Smiling Mask","Mercury Hourglass","Runic Dome","Bottled Tornado","FossilizedHelix"],"potions_floor_usage":[6,14,14,28,29,33,33],"damage_taken":[{"damage":5,"enemies":"Small Slimes","floor":1,"turns":5},{"damage":0,"enemies":"Jaw Worm","floor":3,"turns":5},{"damage":0,"enemies":"Cultist","floor":4,"turns":5},{"damage":24,"enemies":"3 Sentries","floor":6,"turns":14},{"damage":6,"enemies":"Large Slime","floor":8,"turns":9},{"damage":0,"enemies":"Exordium Wildlife","floor":11,"turns":4},{"damage":4,"enemies":"Lots of Slimes","floor":13,"turns":4},{"damage":10,"enemies":"Gremlin Nob","floor":14,"turns":6},{"damage":34,"enemies":"Hexaghost","floor":16,"turns":12},{"damage":4,"enemies":"Spheric Guardian","floor":18,"turns":7},{"damage":0,"enemies":"Shell Parasite","floor":19,"turns":7},{"damage":9,"enemies":"Snake Plant","floor":21,"turns":6},{"damage":6,"enemies":"Centurion and Healer","floor":22,"turns":7},{"damage":0,"enemies":"Book of Stabbing","floor":28,"turns":6},{"damage":18,"enemies":"Snecko","floor":29,"turns":7},{"damage":1,"enemies":"Cultist and Chosen","floor":30,"turns":6},{"damage":0,"enemies":"Chosen and Byrds","floor":31,"turns":6},{"damage":41,"enemies":"Champ","floor":33,"turns":20},{"damage":14,"enemies":"3 Shapes","floor":35,"turns":6},{"damage":40,"enemies":"2 Orb Walkers","floor":38,"turns":7},{"damage":8,"enemies":"3 Darklings","floor":39,"turns":3}],"seed_played":"-3866126955600451023","potions_obtained":[{"floor":4,"key":"SkillPotion"},{"floor":8,"key":"Ancient Potion"},{"floor":13,"key":"Dexterity Potion"},{"floor":16,"key":"FairyPotion"},{"floor":18,"key":"Energy Potion"},{"floor":19,"key":"Energy Potion"},{"floor":28,"key":"SneckoOil"},{"floor":29,"key":"Dexterity Potion"}],"is_trial":false,"path_per_floor":["M","$","M","M","?","E","R","M","T","R","M","R","M","E","R","B",null,"M","M","$","M","M","R","?","R","T","R","E","M","M","M","R","B",null,"M","$","?","?","M"],"character_chosen":"THE_SILENT","items_purchased":["Footwork","Backflip","Finesse","Slice","Bottled Tornado"],"campfire_rested":2,"item_purchase_floors":[2,2,20,20,36],"current_hp_per_floor":[65,65,65,65,47,23,44,38,38,38,38,38,34,24,45,11,70,66,66,66,57,51,51,51,51,51,51,51,33,32,32,32,7,70,56,56,47,7,0],"gold":105,"neow_bonus":"ONE_RANDOM_RARE_CARD","is_prod":false,"is_daily":false,"chose_seed":false,"campfire_upgraded":6,"win_rate":0.0,"timestamp":1549661569,"path_taken":["M","$","M","M","?","E","R","M","T","R","M","R","M","E","R","BOSS","M","M","$","M","M","R","?","R","T","R","E","M","M","M","R","BOSS","M","$","?","?","M"],"build_version":"2019-01-23","purchased_purges":2,"victory":false,"max_hp_per_floor":[70,70,70,70,70,70,70,70,70,70,70,70,70,70,70,70,70,70,70,70,70,70,70,70,70,70,70,70,70,70,70,70,70,70,70,70,70,70,70],"card_choices":[{"not_picked":["Bane","Dodge and Roll"],"picked":"Deadly Poison","floor":1},{"not_picked":["Dagger Spray","Calculated Gamble","Dagger Throw"],"picked":"SKIP","floor":3},{"not_picked":["Terror","Flying Knee"],"picked":"Escape Plan","floor":4},{"not_picked":["Caltrops","Masterful Stab"],"picked":"Blade Dance","floor":6},{"not_picked":["Sucker Punch","Prepared"],"picked":"Noxious Fumes","floor":8},{"not_picked":["Poisoned Stab","Dash"],"picked":"Flying Knee","floor":11},{"not_picked":["Poisoned Stab","Noxious Fumes"],"picked":"Blade Dance","floor":13},{"not_picked":["Choke","Prepared"],"picked":"Cloak And Dagger","floor":14},{"not_picked":["Eviscerate","Poisoned Stab","Dagger Spray"],"picked":"SKIP","floor":18},{"not_picked":["Flechettes","Tactician","Eviscerate"],"picked":"SKIP","floor":19},{"not_picked":["Dagger Spray","Cloak And Dagger"],"picked":"Outmaneuver","floor":21},{"not_picked":["Sucker Punch+1","Backflip","Dagger Throw"],"picked":"SKIP","floor":22},{"not_picked":["Blade Dance","Riddle With Holes+1","Bouncing Flask+1"],"picked":"SKIP","floor":28},{"not_picked":["Skewer","Quick Slash","Tactician"],"picked":"SKIP","floor":29},{"not_picked":["Poisoned Stab","Cloak And Dagger+1","Glass Knife"],"picked":"SKIP","floor":30},{"not_picked":["All Out Attack","Flechettes"],"picked":"Backstab","floor":31},{"not_picked":["Bullet Time","Storm of Steel"],"picked":"After Image","floor":33},{"not_picked":["Endless Agony+1","PiercingWail"],"picked":"Catalyst+1","floor":35},{"not_picked":["Sucker Punch","Dagger Spray+1"],"picked":"Calculated Gamble","floor":38}],"player_experience":21642,"relics_obtained":[{"floor":6,"key":"Lantern"},{"floor":9,"key":"Dream Catcher"},{"floor":14,"key":"Darkstone Periapt"},{"floor":26,"key":"Smiling Mask"},{"floor":28,"key":"Mercury Hourglass"},{"floor":38,"key":"FossilizedHelix"}],"event_choices":[{"damage_healed":0,"gold_gain":0,"player_choice":"Success","damage_taken":18,"relics_obtained":["Ornamental Fan"],"max_hp_gain":0,"max_hp_loss":0,"event_name":"Scrap Ooze","floor":5,"gold_loss":0},{"cards_removed":["Phantasmal Killer"],"damage_healed":0,"gold_gain":0,"player_choice":"Purged","damage_taken":0,"max_hp_gain":0,"max_hp_loss":0,"event_name":"Purifier","floor":24,"gold_loss":0},{"damage_healed":0,"gold_gain":0,"player_choice":"Embrace Madness","damage_taken":9,"max_hp_gain":0,"max_hp_loss":0,"event_name":"Winding Halls","floor":37,"gold_loss":0,"cards_obtained":["Madness","Madness"]},{"damage_healed":0,"gold_gain":0,"player_choice":"Fight","damage_taken":0,"max_hp_gain":0,"max_hp_loss":0,"event_name":"Mysterious Sphere","floor":38,"gold_loss":0}],"is_beta":false,"boss_relics":[{"not_picked":["Fusion Hammer","Snecko Eye"],"picked":"Runic Pyramid"},{"not_picked":["White Beast Statue","Coffee Dripper"],"picked":"Runic Dome"}],"items_purged_floors":[20,36],"is_endless":false,"potions_floor_spawned":[4,8,13,16,18,19,28,29],"killed_by":"3 Darklings","ascension_level":0}