{"gold_per_floor":[364,376,376,376,451,37,63,63,90,90,61,81,106,136,136,213,213,230,244,244,256,117,143,143,143,173,198,198,198,208,226,226,304,304,322,322,42,264,281,281,281,310,337,22,22],"floor_reached":45,"playtime":2060,"items_purged":["Writhe","Strike_R","Strike_R"],"score":885,"play_id":"b900403f-a5b4-4ed2-ad09-2094f615ce64","local_time":"20190211163738","is_ascension_mode":true,"campfire_choices":[{"floor":8,"key":"REST"},{"floor":10,"key":"REST"},{"floor":15,"key":"REST"},{"floor":24,"key":"REST"},{"data":"Metallicize","floor":28,"key":"SMITH"},{"floor":32,"key":"REST"},{"data":"Armaments","floor":40,"key":"SMITH"}],"neow_cost":"CURSE","seed_source_timestamp":698258064996048,"circlet_count":0,"master_deck":["AscendersBane","Strike_R","Strike_R","Strike_R","Defend_R","Defend_R","Defend_R","Defend_R","Bash","Disarm","Feel No Pain","Fiend Fire","Fire Breathing","Shrug It Off","Metallicize+1","Inflame","Immolate","Sword Boomerang+1","Spot Weakness","Shrug It Off","Fire Breathing","Armaments+1","Thunderclap","Shrug It Off","Rampage","Reaper","Intimidate+1","Mayhem","Metallicize","Madness","Madness","Pommel Strike"],"relics":["Black Blood","Juzu Bracelet","Bronze Scales","Mummified Hand","Bag of Preparation","StoneCalendar","Velvet Choker","Bag of Marbles","Tiny Chest","Red Mask","Orichalcum","Smiling Mask","Kunai"],"potions_floor_usage":[13,13,19,19,23,42],"damage_taken":[{"damage":5,"enemies":"2 Louse","floor":1,"turns":4},{"damage":12,"enemies":"Small Slimes","floor":2,"turns":5},{"damage":46,"enemies":"Gremlin Nob","floor":7,"turns":6},{"damage":6,"enemies":"Cultist","floor":12,"turns":3},{"damage":15,"enemies":"Lagavulin","floor":13,"turns":8},{"damage":39,"enemies":"Slime Boss","floor":16,"turns":7},{"damage":20,"enemies":"Spheric Guardian","floor":18,"turns":5},{"damage":3,"enemies":"3 Byrds","floor":19,"turns":3},{"damage":0,"enemies":"Centurion and Healer","floor":21,"turns":5},{"damage":37,"enemies":"Gremlin Leader","floor":23,"turns":7},{"damage":6,"enemies":"Masked Bandits","floor":27,"turns":3},{"damage":14,"enemies":"Sentry and Sphere","floor":30,"turns":5},{"damage":2,"enemies":"Snake Plant","floor":31,"turns":4},{"damage":33,"enemies":"Champ","floor":33,"turns":10},{"damage":18,"enemies":"3 Darklings","floor":35,"turns":3},{"damage":8,"enemies":"Orb Walker","floor":39,"turns":3},{"damage":60,"enemies":"Nemesis","floor":42,"turns":7},{"damage":31,"enemies":"Giant Head","floor":45,"turns":7}],"seed_played":"6511065241065036468","potions_obtained":[{"floor":7,"key":"Swift Potion"},{"floor":12,"key":"Ancient Potion"},{"floor":13,"key":"Poison Potion"},{"floor":16,"key":"Poison Potion"},{"floor":19,"key":"Poison Potion"},{"floor":21,"key":"GamblersBrew"},{"floor":23,"key":"SpeedPotion"},{"floor":35,"key":"Swift Potion"},{"floor":36,"key":"Fire Potion"}],"is_trial":false,"path_per_floor":["M","M","?","?","?","$","E","R","T","R","$","M","E","?","R","B",null,"M","M","?","M","$","E","R","?","T","?","R","?","M","M","R","B",null,"M","?","$","?","M","R","?","E","T","$","E"],"character_chosen":"IRONCLAD","items_purchased":["Bronze Scales","Fiend Fire","Shrug It Off","Fire Breathing","Mayhem","Metallicize","Kunai"],"campfire_rested":5,"item_purchase_floors":[6,6,11,22,37,37,44],"current_hp_per_floor":[69,63,63,58,47,47,7,29,29,51,51,51,42,42,64,31,64,50,53,53,59,59,28,50,50,50,50,50,50,42,46,68,41,67,71,71,71,71,75,75,61,12,12,12,0],"gold":22,"neow_bonus":"TWO_FIFTY_GOLD","is_prod":false,"is_daily":false,"chose_seed":false,"campfire_upgraded":2,"win_rate":0,"timestamp":1549921058,"path_taken":["M","M","?","?","?","$","E","R","T","R","$","M","E","?","R","BOSS","M","M","?","M","$","E","R","?","T","?","R","?","M","M","R","BOSS","M","?","$","?","M","R","?","E","T","$","E"],"build_version":"2019-01-23","purchased_purges":3,"victory":false,"max_hp_per_floor":[75,75,75,75,75,75,75,75,75,75,75,75,75,75,75,75,75,75,75,75,75,75,75,75,75,75,75,75,75,75,75,75,75,75,75,75,75,75,75,75,75,75,75,75,75],"card_choices":[{"not_picked":["Perfected Strike","Dual Wield"],"picked":"Disarm","floor":1},{"not_picked":["Perfected Strike","Blood for Blood"],"picked":"Feel No Pain","floor":2},{"not_picked":["Havoc","Warcry"],"picked":"Fire Breathing","floor":7},{"not_picked":["Headbutt","Pommel Strike"],"picked":"Metallicize","floor":12},{"not_picked":["Second Wind","Warcry"],"picked":"Inflame","floor":13},{"not_picked":["Dark Embrace","Impervious"],"picked":"Immolate","floor":16},{"not_picked":["Heavy Blade","Cleave"],"picked":"Sword Boomerang+1","floor":18},{"not_picked":["Power Through","Perfected Strike","Searing Blow"],"picked":"SKIP","floor":19},{"not_picked":["Pommel Strike","Entrench+1"],"picked":"Shrug It Off","floor":21},{"not_picked":["Twin Strike+1","Flex+1"],"picked":"Armaments","floor":23},{"not_picked":["Twin Strike+1","Battle Trance"],"picked":"Thunderclap","floor":27},{"not_picked":["Warcry","Wild Strike"],"picked":"Shrug It Off","floor":30},{"not_picked":["True Grit","Rampage","Clash"],"picked":"SKIP","floor":31},{"not_picked":["True Grit","Clash"],"picked":"Rampage","floor":31},{"not_picked":["Berserk","Exhume"],"picked":"Reaper","floor":33},{"not_picked":["Clothesline","Corruption"],"picked":"Intimidate+1","floor":35},{"not_picked":["Reckless Charge","Dual Wield","True Grit"],"picked":"SKIP","floor":39},{"not_picked":["Warcry","Entrench"],"picked":"Pommel Strike","floor":42}],"player_experience":2403268,"relics_obtained":[{"floor":7,"key":"Mummified Hand"},{"floor":9,"key":"Bag of Preparation"},{"floor":13,"key":"StoneCalendar"},{"floor":23,"key":"Bag of Marbles"},{"floor":26,"key":"Tiny Chest"},{"floor":27,"key":"Red Mask"},{"floor":42,"key":"Orichalcum"},{"floor":43,"key":"Smiling Mask"}],"event_choices":[{"damage_healed":0,"gold_gain":0,"player_choice":"Ignored","damage_taken":0,"max_hp_gain":0,"max_hp_loss":0,"event_name":"Shining Light","floor":3,"gold_loss":0},{"damage_healed":0,"gold_gain":0,"player_choice":"Success","damage_taken":5,"relics_obtained":["Juzu Bracelet"],"max_hp_gain":0,"max_hp_loss":0,"event_name":"Scrap Ooze","floor":4,"gold_loss":0},{"damage_healed":0,"gold_gain":75,"player_choice":"Gather Gold","damage_taken":11,"max_hp_gain":0,"max_hp_loss":0,"event_name":"World of Goop","floor":5,"gold_loss":0},{"damage_healed":0,"gold_gain":30,"player_choice":"Searched \u00271\u0027 times","damage_taken":0,"max_hp_gain":0,"max_hp_loss":0,"event_name":"Dead Adventurer","floor":14,"gold_loss":0},{"damage_healed":0,"gold_gain":0,"player_choice":"Read","damage_taken":0,"max_hp_gain":0,"max_hp_loss":0,"event_name":"The Library","floor":20,"gold_loss":0,"cards_obtained":["Spot Weakness"]},{"damage_healed":0,"gold_gain":0,"player_choice":"Leave","damage_taken":0,"max_hp_gain":0,"max_hp_loss":0,"event_name":"FaceTrader","floor":25,"gold_loss":0},{"damage_healed":0,"gold_gain":0,"player_choice":"Fought Bandits","damage_taken":0,"max_hp_gain":0,"max_hp_loss":0,"event_name":"Masked Bandits","floor":27,"gold_loss":0},{"damage_healed":0,"gold_gain":0,"player_choice":"Ignored","damage_taken":0,"max_hp_gain":0,"max_hp_loss":0,"event_name":"Cursed Tome","floor":29,"gold_loss":0},{"damage_healed":0,"gold_gain":0,"player_choice":"Got Potions","damage_taken":0,"max_hp_gain":0,"max_hp_loss":0,"event_name":"Lab","floor":36,"gold_loss":0},{"damage_healed":0,"gold_gain":222,"player_choice":"Wore Mask","damage_taken":0,"max_hp_gain":0,"max_hp_loss":0,"event_name":"Tomb of Lord Red Mask","floor":38,"gold_loss":0},{"damage_healed":0,"gold_gain":0,"player_choice":"Embrace Madness","damage_taken":14,"max_hp_gain":0,"max_hp_loss":0,"event_name":"Winding Halls","floor":41,"gold_loss":0,"cards_obtained":["Madness","Madness"]}],"is_beta":false,"boss_relics":[{"not_picked":["Coffee Dripper","Runic Dome"],"picked":"Velvet Choker"},{"not_picked":["Calling Bell","Pandora\u0027s Box"],"picked":"Black Blood"}],"items_purged_floors":[6,22,44],"is_endless":false,"potions_floor_spawned":[7,12,13,16,19,21,23,35,39],"killed_by":"Giant Head","ascension_level":17}