{"gold_per_floor":[114,264,279,279,290,290,322,350,362,374,386],"floor_reached":11,"playtime":345,"items_purged":[],"score":139,"play_id":"c15ec1c3-bef3-4115-838a-c46beff15b4c","local_time":"20181224082529","is_ascension_mode":true,"campfire_choices":[{"data":"Streamline","floor":6,"key":"SMITH"},{"floor":10,"key":"REST"}],"neow_cost":"NONE","seed_source_timestamp":363768398311015,"circlet_count":0,"master_deck":["AscendersBane","Strike_B","Strike_B","Strike_B","Strike_B","Defend_B","Defend_B","Defend_B","Defend_B","Zap","Dualcast","Self Repair","Doubt","Conserve Battery","Pain","Streamline+1","Chaos","Go for the Eyes"],"relics":["Cracked Core","NeowsBlessing","WarpedTongs","MawBank","Gremlin Horn"],"potions_floor_usage":[],"damage_taken":[{"damage":0,"enemies":"Small Slimes","floor":1,"turns":1},{"damage":0,"enemies":"2 Louse","floor":3,"turns":1},{"damage":0,"enemies":"Cultist","floor":5,"turns":1},{"damage":64,"enemies":"Gremlin Nob","floor":7,"turns":6},{"damage":18,"enemies":"3 Louse","floor":8,"turns":4},{"damage":40,"enemies":"Gremlin Gang","floor":11,"turns":3}],"seed_played":"1312174533924187922","potions_obtained":[{"floor":5,"key":"FairyPotion"},{"floor":7,"key":"FocusPotion"}],"is_trial":false,"path_per_floor":["M","?","M","?","M","R","E","M","T","R","M"],"character_chosen":"DEFECT","items_purchased":[],"campfire_rested":1,"item_purchase_floors":[],"current_hp_per_floor":[64,64,71,71,71,71,14,14,14,35,0],"gold":386,"neow_bonus":"THREE_ENEMY_KILL","is_prod":false,"is_daily":false,"chose_seed":false,"campfire_upgraded":1,"win_rate":0,"timestamp":1545657929,"path_taken":["M","?","M","?","M","R","E","M","T","R","?"],"build_version":"2018-12-20","purchased_purges":0,"victory":false,"max_hp_per_floor":[71,71,71,71,71,71,71,71,71,71,71],"card_choices":[{"not_picked":["Steam","Steam Power"],"picked":"Self Repair","floor":1},{"not_picked":["Leap","Barrage"],"picked":"Conserve Battery","floor":3},{"not_picked":["Leap","Turbo"],"picked":"Streamline","floor":5},{"not_picked":["Aggregate","Hyperbeam"],"picked":"Chaos","floor":7},{"not_picked":["Storm","Force Field"],"picked":"Go for the Eyes","floor":8}],"player_experience":1950736,"relics_obtained":[{"floor":7,"key":"MawBank"},{"floor":9,"key":"Gremlin Horn"}],"event_choices":[{"damage_healed":0,"gold_gain":150,"player_choice":"AGREE","damage_taken":0,"max_hp_gain":0,"max_hp_loss":0,"event_name":"Liars Game","floor":2,"gold_loss":0,"cards_obtained":["Doubt"]},{"damage_healed":0,"gold_gain":0,"player_choice":"Rummage","damage_taken":0,"relics_obtained":["WarpedTongs"],"max_hp_gain":0,"max_hp_loss":0,"event_name":"Accursed Blacksmith","floor":4,"gold_loss":0,"cards_obtained":["Pain"]}],"is_beta":false,"boss_relics":[],"items_purged_floors":[],"is_endless":false,"potions_floor_spawned":[5,7],"killed_by":"Gremlin Gang","ascension_level":18}