{"gold_per_floor":[112,33,45,56,56,56,71,71,95,126,172,184,231,11,11,106,106,123,136,136,20,38,38,66,79,106,125,125],"floor_reached":28,"playtime":2293,"items_purged":["Strike_G"],"score":350,"play_id":"eefadb6c-15e4-4d7a-ac96-8fe254d46bff","local_time":"20180731165849","is_ascension_mode":true,"campfire_choices":[{"data":"Neutralize","floor":6,"key":"SMITH"},{"data":"Glass Knife","floor":8,"key":"SMITH"},{"data":"After Image","floor":15,"key":"SMITH"},{"floor":23,"key":"REST"}],"neow_cost":"","seed_source_timestamp":397036465536946,"circlet_count":0,"master_deck":["Defend_G","Defend_G","Defend_G","Defend_G","Defend_G","Strike_G","Strike_G","Strike_G","Survivor","Neutralize+1","Dagger Spray","Glass Knife+1","Blur","Dash","A Thousand Cuts","Dodge and Roll","After Image+1","Skewer","Burst","Well Laid Plans+1","Footwork","Crippling Poison","Dodge and Roll+1","Footwork"],"relics":["Ring of the Snake","MawBank","Oddly Smooth Stone","Dead Branch","Membership Card","Snecko Eye","Happy Flower","StoneCalendar","Vajra"],"potions_floor_usage":[11,13,16,18,22,22,24,27],"damage_taken":[{"damage":1,"enemies":"Small Slimes","floor":1,"turns":5},{"damage":0,"enemies":"Cultist","floor":3,"turns":4},{"damage":0,"enemies":"Jaw Worm","floor":4,"turns":4},{"damage":8,"enemies":"Large Slime","floor":7,"turns":5},{"damage":0,"enemies":"Exordium Wildlife","floor":10,"turns":3},{"damage":19,"enemies":"Lagavulin","floor":11,"turns":8},{"damage":9,"enemies":"3 Sentries","floor":13,"turns":6},{"damage":22,"enemies":"The Guardian","floor":16,"turns":16},{"damage":27,"enemies":"Spheric Guardian","floor":18,"turns":8},{"damage":21,"enemies":"3 Byrds","floor":19,"turns":8},{"damage":1,"enemies":"Snake Plant","floor":22,"turns":7},{"damage":22,"enemies":"Slavers","floor":24,"turns":7},{"damage":0,"enemies":"Cultist and Chosen","floor":25,"turns":7},{"damage":0,"enemies":"Chosen and Byrds","floor":27,"turns":7},{"damage":5,"enemies":"Book of Stabbing","floor":28,"turns":3}],"seed_played":"2835335225698030523","potions_obtained":[{"floor":3,"key":"FearPotion"},{"floor":7,"key":"Energy Potion"},{"floor":10,"key":"GamblersBrew"},{"floor":11,"key":"SkillPotion"},{"floor":16,"key":"PowerPotion"},{"floor":19,"key":"SkillPotion"},{"floor":22,"key":"PowerPotion"},{"floor":25,"key":"Swift Potion"}],"is_trial":false,"path_per_floor":["M","$","M","M","?","R","M","R","T","M","E","$","E","$","R","B",null,"M","M","?","$","M","R","E","M","T","M"],"character_chosen":"THE_SILENT","items_purchased":["Glass Knife","Membership Card","Skewer","Footwork"],"campfire_rested":1,"item_purchase_floors":[2,14,14,21],"current_hp_per_floor":[62,62,62,62,62,62,54,54,54,54,35,35,26,26,26,4,54,27,6,6,6,5,26,4,4,4,4,0],"gold":125,"neow_bonus":"","is_prod":false,"is_daily":false,"chose_seed":false,"campfire_upgraded":3,"win_rate":0,"timestamp":1533074329,"path_taken":["M","$","M","M","?","R","M","R","T","M","E","?","E","$","R","BOSS","M","M","?","$","M","R","E","M","T","M","E"],"build_version":"2018-07-30","purchased_purges":1,"victory":false,"max_hp_per_floor":[70,70,70,70,70,70,70,70,70,70,70,70,70,70,70,70,70,70,70,70,70,70,70,70,70,70,70,70],"card_choices":[{"not_picked":["Dodge and Roll","Masterful Stab"],"picked":"Dagger Spray","floor":1},{"not_picked":["Slice","Outmaneuver"],"picked":"Blur","floor":3},{"not_picked":["Flying Knee","Deadly Poison"],"picked":"Dash","floor":4},{"not_picked":["Blade Dance","Prepared","Choke"],"picked":"SKIP","floor":7},{"not_picked":["Accuracy","Deflect"],"picked":"Dodge and Roll","floor":10},{"not_picked":["Slice","Flying Knee","Eviscerate"],"picked":"SKIP","floor":11},{"not_picked":["Dodge and Roll","Heel Hook"],"picked":"After Image","floor":13},{"not_picked":["Phantasmal Killer","Tools of the Trade"],"picked":"Burst","floor":16},{"not_picked":["Outmaneuver","Predator"],"picked":"Well Laid Plans+1","floor":18},{"not_picked":["Prepared","Calculated Gamble","Masterful Stab"],"picked":"SKIP","floor":19},{"not_picked":["Deadly Poison","Heel Hook"],"picked":"Crippling Poison","floor":22},{"not_picked":["Accuracy","Heel Hook+1"],"picked":"Dodge and Roll+1","floor":24},{"not_picked":["Deadly Poison","Eviscerate+1","Flying Knee"],"picked":"SKIP","floor":25},{"not_picked":["Noxious Fumes","Backflip+1"],"picked":"Footwork","floor":27}],"player_experience":315605,"relics_obtained":[{"floor":9,"key":"MawBank"},{"floor":11,"key":"Oddly Smooth Stone"},{"floor":13,"key":"Dead Branch"},{"floor":24,"key":"StoneCalendar"},{"floor":26,"key":"Vajra"}],"event_choices":[{"event_name":"Living Wall","player_choice":"Change","floor":5,"damage_taken":0},{"event_name":"The Mausoleum","player_choice":"Yes","floor":20,"damage_taken":0}],"is_beta":true,"boss_relics":[{"not_picked":["White Beast Statue","Astrolabe"],"picked":"Snecko Eye"}],"items_purged_floors":[21],"is_endless":false,"potions_floor_spawned":[3,7,10,11,16,19,22,25],"killed_by":"Book of Stabbing","ascension_level":8}