{"gold_per_floor":[113,113,131,10,21,21,50,50,50,15,15,15,33,53,53,124,124,134,134,154,184,184,184],"floor_reached":23,"playtime":925,"items_purged":[],"score":369,"play_id":"e1e08ce7-6d9c-4023-9972-78b2e26fd42e","local_time":"20190201122410","is_ascension_mode":true,"campfire_choices":[{"floor":6,"key":"REST"},{"data":"Storm","floor":12,"key":"SMITH"},{"data":"Defragment","floor":15,"key":"SMITH"}],"neow_cost":"NONE","seed_source_timestamp":690790432980587,"circlet_count":0,"master_deck":["AscendersBane","Strike_B","Strike_B","Strike_B","Defend_B","Defend_B","Defend_B","Defend_B","Zap","Dualcast","Storm+1","Defragment+1","Leap","Self Repair","Chill","Loop","Ball Lightning","Conserve Battery","Sweeping Beam","Electrodynamics","Capacitor+1","Glacier","Leap"],"relics":["FrozenCore","Letter Opener","Ancient Tea Set","Art of War","Red Mask"],"potions_floor_usage":[16],"damage_taken":[{"damage":7,"enemies":"Jaw Worm","floor":1,"turns":3},{"damage":7,"enemies":"Small Slimes","floor":3,"turns":3},{"damage":0,"enemies":"2 Louse","floor":5,"turns":2},{"damage":23,"enemies":"Lagavulin","floor":7,"turns":5},{"damage":7,"enemies":"Exordium Thugs","floor":13,"turns":4},{"damage":7,"enemies":"Exordium Wildlife","floor":14,"turns":4},{"damage":13,"enemies":"The Guardian","floor":16,"turns":7},{"damage":30,"enemies":"Shell Parasite","floor":18,"turns":4},{"damage":20,"enemies":"Colosseum Slavers","floor":19,"turns":4},{"damage":6,"enemies":"Spheric Guardian","floor":20,"turns":4},{"damage":24,"enemies":"Masked Bandits","floor":21,"turns":4},{"damage":20,"enemies":"Gremlin Leader","floor":23,"turns":4}],"seed_played":"-8684532120009766822","potions_obtained":[{"floor":7,"key":"PowerPotion"},{"floor":16,"key":"Ancient Potion"},{"floor":20,"key":"Dexterity Potion"}],"is_trial":false,"path_per_floor":["M","?","M","$","M","R","E","$","T","?","?","R","M","M","R","B",null,"M","?","M","?","?","E"],"character_chosen":"DEFECT","items_purchased":["Self Repair","Chill"],"campfire_rested":1,"item_purchase_floors":[4,4],"current_hp_per_floor":[57,22,15,15,22,43,27,27,27,44,44,44,44,44,44,38,63,40,27,28,11,11,0],"gold":184,"neow_bonus":"THREE_CARDS","is_prod":false,"is_daily":false,"chose_seed":false,"campfire_upgraded":2,"win_rate":0,"timestamp":1549041850,"path_taken":["M","?","M","$","M","R","E","$","T","?","?","R","?","M","R","BOSS","M","?","M","?","?","E"],"build_version":"2019-01-23","purchased_purges":0,"victory":false,"max_hp_per_floor":[71,71,71,71,71,71,71,71,71,71,71,71,71,71,71,71,71,71,71,71,71,71,71],"card_choices":[{"not_picked":["Beam Cell","Leap"],"picked":"Storm","floor":0},{"not_picked":["Coolheaded","Ball Lightning"],"picked":"Defragment","floor":1},{"not_picked":["Rebound","Compile Driver"],"picked":"Leap","floor":3},{"not_picked":["Redo","Turbo"],"picked":"Loop","floor":5},{"not_picked":["Chill","Force Field"],"picked":"Ball Lightning","floor":7},{"not_picked":["Leap","Hologram"],"picked":"Conserve Battery","floor":13},{"not_picked":["Amplify","Stack"],"picked":"Sweeping Beam","floor":14},{"not_picked":["Biased Cognition","Rainbow"],"picked":"Electrodynamics","floor":16},{"not_picked":["Genetic Algorithm","Go for the Eyes+1"],"picked":"Capacitor+1","floor":18},{"not_picked":["Rebound","Storm"],"picked":"Glacier","floor":20},{"not_picked":["Streamline","Coolheaded"],"picked":"Leap","floor":21}],"player_experience":2269158,"relics_obtained":[{"floor":7,"key":"Ancient Tea Set"},{"floor":9,"key":"Art of War"},{"floor":21,"key":"Red Mask"}],"event_choices":[{"damage_healed":0,"gold_gain":0,"player_choice":"Success","damage_taken":35,"relics_obtained":["Letter Opener"],"max_hp_gain":0,"max_hp_loss":0,"event_name":"Scrap Ooze","floor":2,"gold_loss":0},{"damage_healed":17,"gold_gain":0,"player_choice":"Healed","damage_taken":0,"max_hp_gain":0,"max_hp_loss":0,"event_name":"The Cleric","floor":10,"gold_loss":35},{"cards_removed":["Strike_B"],"damage_healed":0,"gold_gain":0,"player_choice":"Card Removal","damage_taken":0,"max_hp_gain":0,"max_hp_loss":0,"event_name":"Wheel of Change","floor":11,"gold_loss":0},{"damage_healed":0,"gold_gain":0,"player_choice":"Fight","damage_taken":0,"max_hp_gain":0,"max_hp_loss":0,"event_name":"Colosseum","floor":19,"gold_loss":0},{"damage_healed":0,"gold_gain":0,"player_choice":"Fled From Nobs","damage_taken":0,"max_hp_gain":0,"max_hp_loss":0,"event_name":"Colosseum","floor":19,"gold_loss":0},{"damage_healed":0,"gold_gain":0,"player_choice":"Fought Bandits","damage_taken":0,"max_hp_gain":0,"max_hp_loss":0,"event_name":"Masked Bandits","floor":21,"gold_loss":0},{"damage_healed":0,"gold_gain":0,"player_choice":"0 cards matched","damage_taken":0,"max_hp_gain":0,"max_hp_loss":0,"event_name":"Match and Keep!","floor":22,"gold_loss":0,"cards_obtained":[]}],"is_beta":false,"boss_relics":[{"not_picked":["Busted Crown","Snecko Eye"],"picked":"FrozenCore"}],"items_purged_floors":[],"is_endless":false,"potions_floor_spawned":[7,16,20,21],"killed_by":"Gremlin Leader","ascension_level":19}