{"gold_per_floor":[15,26,26,26,40,40,54,54,54,89,109,109,128,140,140,218,218,207,122,122,139,70,70,102,119,119,119,5,5,16,28,28,28],"floor_reached":33,"playtime":1976,"items_purged":["Bite+1"],"score":469,"play_id":"f3d95aa3-3b10-450e-9bc8-cb3649206ab2","local_time":"20190116121638","is_ascension_mode":true,"campfire_choices":[{"data":"Noxious Fumes","floor":6,"key":"SMITH"},{"floor":12,"key":"REST"},{"data":"After Image","floor":15,"key":"SMITH"},{"floor":23,"key":"REST"},{"data":"Catalyst","floor":32,"key":"SMITH"}],"neow_cost":"NO_GOLD","seed_source_timestamp":990330979538039,"circlet_count":0,"master_deck":["AscendersBane","Defend_G","Defend_G","Defend_G","Defend_G+1","Defend_G+1","Survivor","Neutralize+1","After Image+1","Noxious Fumes+1","Footwork","Cloak And Dagger","Poisoned Stab","Blade Dance","Adrenaline","Quick Slash+1","Catalyst+1","Crippling Poison","Leg Sweep+1","Bite+1","Bite+1","Bite+1","Bite+1","Infinite Blades","Accuracy","PiercingWail"],"special_seed":0,"relics":["Ring of the Snake","Sundial","Gambling Chip","Cursed Key","Molten Egg 2","Nilry\u0027s Codex","Bag of Preparation"],"potions_floor_usage":[10,13,16],"damage_taken":[{"damage":0,"enemies":"Jaw Worm","floor":1,"turns":7},{"damage":1,"enemies":"Small Slimes","floor":2,"turns":5},{"damage":8,"enemies":"2 Louse","floor":5,"turns":3},{"damage":0,"enemies":"Looter","floor":7,"turns":4},{"damage":18,"enemies":"Gremlin Nob","floor":10,"turns":5},{"damage":2,"enemies":"Exordium Wildlife","floor":11,"turns":5},{"damage":5,"enemies":"Lots of Slimes","floor":13,"turns":4},{"damage":4,"enemies":"2 Fungi Beasts","floor":14,"turns":3},{"damage":7,"enemies":"The Guardian","floor":16,"turns":11},{"damage":4,"enemies":"2 Thieves","floor":18,"turns":4},{"damage":0,"enemies":"Chosen","floor":21,"turns":5},{"damage":33,"enemies":"Book of Stabbing","floor":24,"turns":7},{"damage":13,"enemies":"Sentry and Sphere","floor":25,"turns":6},{"damage":2,"enemies":"Centurion and Healer","floor":30,"turns":7},{"damage":14,"enemies":"3 Cultists","floor":31,"turns":7},{"damage":60,"enemies":"Automaton","floor":33,"turns":8}],"seed_played":"1169853231087134726","potions_obtained":[{"floor":5,"key":"PowerPotion"},{"floor":10,"key":"Energy Potion"},{"floor":14,"key":"SpeedPotion"},{"floor":30,"key":"Ancient Potion"}],"is_trial":false,"path_per_floor":["M","M","?","?","M","R","M","$","T","E","M","R","M","M","R","B",null,"M","?","?","M","$","R","E","M","T","?","$","?","M","M","R","B"],"character_chosen":"THE_SILENT","items_purchased":["Catalyst","Infinite Blades"],"campfire_rested":2,"item_purchase_floors":[22,28],"current_hp_per_floor":[63,62,48,48,40,40,40,40,40,22,20,41,36,32,32,25,59,55,55,39,39,39,60,27,14,14,14,14,14,30,34,34,0],"gold":28,"neow_bonus":"THREE_RARE_CARDS","is_prod":false,"is_daily":false,"chose_seed":false,"campfire_upgraded":3,"win_rate":0,"timestamp":1547608598,"path_taken":["M","M","?","?","M","R","M","$","T","E","M","R","M","M","R","BOSS","M","?","?","M","$","R","E","M","T","?","?","?","M","M","R","BOSS"],"build_version":"2019-01-10","purchased_purges":1,"victory":false,"max_hp_per_floor":[70,70,70,70,70,70,70,70,70,70,70,70,70,70,70,70,70,70,70,70,70,70,70,70,70,70,49,49,49,49,49,49,49],"card_choices":[{"not_picked":["Tools of the Trade","Bullet Time"],"picked":"After Image","floor":0.0},{"not_picked":["Sucker Punch","Flechettes"],"picked":"Noxious Fumes","floor":1},{"not_picked":["Bane","Poisoned Stab"],"picked":"Footwork","floor":2},{"not_picked":["Infinite Blades","Poisoned Stab"],"picked":"Cloak And Dagger","floor":5},{"not_picked":["Skewer","Deflect"],"picked":"Poisoned Stab","floor":7},{"not_picked":["Outmaneuver","Underhanded Strike","Cloak And Dagger"],"picked":"SKIP","floor":10},{"not_picked":["Deadly Poison","Blade Dance","Flying Knee"],"picked":"SKIP","floor":11},{"not_picked":["Poisoned Stab","Flying Knee","Bane"],"picked":"SKIP","floor":13},{"not_picked":["Deflect","Tactician"],"picked":"Blade Dance","floor":14},{"not_picked":["Grand Finale","Doppelganger"],"picked":"Adrenaline","floor":16},{"not_picked":["Flying Knee","Underhanded Strike","Reflex"],"picked":"SKIP","floor":18},{"not_picked":["Slice+1","Bane+1"],"picked":"Quick Slash+1","floor":21},{"not_picked":["Deflect","Dagger Throw+1"],"picked":"Crippling Poison","floor":24},{"not_picked":["Poisoned Stab+1","Dagger Spray+1"],"picked":"Leg Sweep+1","floor":25},{"not_picked":["Masterful Stab+1","PiercingWail"],"picked":"Accuracy","floor":30},{"not_picked":["Flechettes+1","Outmaneuver"],"picked":"PiercingWail","floor":31}],"player_experience":383887,"relics_obtained":[{"floor":9,"key":"Sundial"},{"floor":10,"key":"Gambling Chip"},{"floor":20,"key":"Nilry\u0027s Codex"},{"floor":24,"key":"Bag of Preparation"}],"event_choices":[{"damage_healed":0,"gold_gain":0,"player_choice":"Entered Light","damage_taken":14,"max_hp_gain":0,"max_hp_loss":0,"event_name":"Shining Light","floor":3,"gold_loss":0,"cards_upgraded":["Defend_G","Defend_G"]},{"damage_healed":0,"gold_gain":0,"player_choice":"Grow","damage_taken":0,"max_hp_gain":0,"max_hp_loss":0,"event_name":"Living Wall","floor":4,"gold_loss":0,"cards_upgraded":["Neutralize"]},{"damage_healed":0,"gold_gain":0,"player_choice":"Obtained Relic","damage_taken":0,"relics_obtained":["Molten Egg 2"],"max_hp_gain":0,"max_hp_loss":0,"event_name":"Addict","floor":19,"gold_loss":85},{"damage_healed":0,"gold_gain":0,"player_choice":"Obtained Book","damage_taken":16,"max_hp_gain":0,"max_hp_loss":0,"event_name":"Cursed Tome","floor":20,"gold_loss":0},{"damage_healed":0,"gold_gain":0,"player_choice":"Became a vampire","damage_taken":0,"max_hp_gain":0,"max_hp_loss":21,"event_name":"Vampires","floor":27,"gold_loss":0,"cards_obtained":["Bite","Bite","Bite","Bite","Bite"]},{"damage_healed":0,"gold_gain":0,"player_choice":"Ignored","damage_taken":0,"max_hp_gain":0,"max_hp_loss":0,"event_name":"Beggar","floor":29,"gold_loss":0}],"is_beta":false,"boss_relics":[{"not_picked":["Astrolabe","Empty Cage"],"picked":"Cursed Key"}],"items_purged_floors":[28],"is_endless":false,"potions_floor_spawned":[5,10,14,30],"killed_by":"Automaton","ascension_level":13}