{"path_per_floor":["M","M","$","M","T","R","?","E","T","$","R","?","R","M","R","B",null,"M","M","?","$","?","R","M","R","T","$","M","M","M","M","R"],"character_chosen":"IRONCLAD","items_purchased":["Meat on the Bone","AttackPotion"],"gold_per_floor":[119,135,60,77,150,150,225,250,276,38,38,38,38,50,50,155,155,165,185,185,37,37,37,54,54,54,54,68,87,99,116,116,116],"floor_reached":33,"campfire_rested":1,"playtime":899,"item_purchase_floors":[10,21],"current_hp_per_floor":[80,80,80,78,78,78,67,58,58,58,80,80,80,80,80,33,80,56,60,45,45,45,45,44,44,44,44,59,47,47,56,56,0],"items_purged":["Defend_R","Strike_R"],"gold":116,"score":272,"play_id":"762a050c-21f3-4013-9508-fe4594503782","local_time":"20180526004717","is_prod":false,"is_daily":false,"chose_seed":false,"is_ascension_mode":false,"campfire_upgraded":6,"win_rate":0.0,"timestamp":1527313637,"campfire_choices":[{"data":"Thunderclap","floor":6,"key":"SMITH"},{"floor":11,"key":"REST"},{"data":"Anger","floor":13,"key":"SMITH"},{"data":"Bash","floor":15,"key":"SMITH"},{"data":"Defend_R","floor":23,"key":"SMITH"},{"data":"Defend_R","floor":25,"key":"SMITH"},{"data":"Flex","floor":32,"key":"SMITH"}],"path_taken":["M","?","$","?","?","R","?","E","T","?","R","?","R","M","R","BOSS","M","M","?","?","?","R","M","R","T","$","M","M","M","?","R","BOSS"],"build_version":"2018-05-24","seed_source_timestamp":258297153495546,"purchased_purges":2,"victory":false,"master_deck":["Defend_R+1","Defend_R","Defend_R+1","Bash+1","Thunderclap+1","Anger+1","Thunderclap+1","Reaper+1","Bite+1","Bite+1","Bite+1","Bite+1","Bite+1","Writhe","Whirlwind+1","Anger+1","Flex+1"],"max_hp_per_floor":[80,80,80,80,80,80,80,80,80,80,80,80,80,80,80,80,80,80,80,85,85,59,59,59,59,59,59,59,59,59,59,59,59],"relics":["Burning Blood","Molten Egg 2","Bottled Lightning","Anchor","Meat on the Bone","Cursed Key","Kunai"],"card_choices":[{"not_picked":["Second Wind","Sever Soul"],"picked":"Thunderclap","floor":1},{"not_picked":["Flex","Sword Boomerang"],"picked":"Anger","floor":2},{"not_picked":["Shrug It Off","Armaments","Hemokinesis"],"picked":"SKIP","floor":4},{"not_picked":["Body Slam+1","Shrug It Off","Clothesline+1"],"picked":"SKIP","floor":8},{"not_picked":["Thunderclap+1","Rupture","Twin Strike+1"],"picked":"SKIP","floor":14},{"not_picked":["Berserk","Dark Embrace"],"picked":"Reaper+1","floor":16},{"not_picked":["Intimidate","Carnage+1","Havoc"],"picked":"SKIP","floor":18},{"not_picked":["Thunderclap+1","Combust","Feel No Pain"],"picked":"SKIP","floor":19},{"not_picked":["Shrug It Off","Fire Breathing+1","Body Slam+1"],"picked":"SKIP","floor":24},{"not_picked":["Combust","Feel No Pain"],"picked":"Whirlwind+1","floor":28},{"not_picked":["Iron Wave+1","Fire Breathing","Carnage+1"],"picked":"SKIP","floor":29},{"not_picked":["True Grit+1","Uppercut+1"],"picked":"Anger+1","floor":30},{"not_picked":["True Grit+1","Shockwave"],"picked":"Flex","floor":31}],"player_experience":143646,"potions_floor_usage":[8,14,18,19,24,31],"damage_taken":[{"damage":1,"enemies":"Cultist","floor":1,"turns":4},{"damage":3,"enemies":"2 Louse","floor":2,"turns":3},{"damage":8,"enemies":"Jaw Worm","floor":4,"turns":4},{"damage":15,"enemies":"3 Sentries","floor":8,"turns":6},{"damage":0,"enemies":"Blue Slaver","floor":14,"turns":2},{"damage":65,"enemies":"Hexaghost","floor":16,"turns":9},{"damage":30,"enemies":"Shell Parasite","floor":18,"turns":5},{"damage":8,"enemies":"3 Byrds","floor":19,"turns":4},{"damage":24,"enemies":"Sentry and Sphere","floor":24,"turns":4},{"damage":21,"enemies":"3 Cultists","floor":28,"turns":5},{"damage":37,"enemies":"Centurion and Healer","floor":29,"turns":5},{"damage":24,"enemies":"Snake Plant","floor":30,"turns":4},{"damage":12,"enemies":"Slaver and Parasite","floor":31,"turns":3},{"damage":111,"enemies":"Automaton","floor":33,"turns":8}],"relics_obtained":[{"floor":5,"key":"Molten Egg 2"},{"floor":8,"key":"Bottled Lightning"},{"floor":9,"key":"Anchor"},{"floor":26,"key":"Kunai"}],"event_choices":[{"event_name":"World of Goop","player_choice":"Gather Gold","floor":7,"damage_taken":0},{"event_name":"Match and Keep!","player_choice":"1 cards matched","floor":12,"damage_taken":0},{"event_name":"Forgotten Altar","player_choice":"Shed Blood","floor":20,"damage_taken":0},{"event_name":"Vampires","player_choice":"Became a vampire","floor":22,"damage_taken":0}],"boss_relics":[{"not_picked":["Calling Bell","Sozu"],"picked":"Cursed Key"}],"items_purged_floors":[3,21],"potions_floor_spawned":[1,8,14,18,28,31],"seed_played":"-8853079353240891025","killed_by":"Automaton","ascension_level":0,"potions_obtained":[{"floor":1,"key":"Strength Potion"},{"floor":8,"key":"Fire Potion"},{"floor":14,"key":"Swift Potion"},{"floor":18,"key":"PowerPotion"},{"floor":28,"key":"Strength Potion"},{"floor":31,"key":"Energy Potion"}],"is_trial":false}