{"gold_per_floor":[112,187,187,59,59,95,95,116,191,215,255,33,33,48,48,169,169,182,182,182,79,349,349,157,200,200,200,233,233,28,28,28,28],"floor_reached":33,"playtime":1880,"items_purged":["Defend_R","Defend_R"],"score":310,"play_id":"ca35da18-976e-4975-9ea7-cb89fe78c6bd","local_time":"20180814005232","is_ascension_mode":false,"campfire_choices":[{"floor":7,"key":"REST"},{"floor":15,"key":"REST"},{"data":"Flex","floor":23,"key":"SMITH"},{"floor":27,"key":"REST"},{"data":"Armaments","floor":29,"key":"SMITH"},{"floor":32,"key":"REST"}],"neow_cost":"NONE","seed_source_timestamp":17989486298377,"circlet_count":0,"master_deck":["Strike_R","Strike_R","Strike_R","Strike_R","Strike_R","Bash+1","Wild Strike","Flex","Armaments+1","Twin Strike","Thunderclap","Flex+1","Thunderclap","Clash","Ghostly","Ghostly","Ghostly","Ghostly","Ghostly","Pommel Strike+1","Thunderclap","Iron Wave","Clash+1","Pommel Strike","Twin Strike","Ghostly"],"relics":["Burning Blood","Juzu Bracelet","Golden Idol","Calipers","Pen Nib","Shuriken","Frozen Egg 2","Empty Cage","Lantern","Whetstone","Omamori","Smiling Mask","Art of War"],"potions_floor_usage":[14,14,14,25,25,25],"damage_taken":[{"damage":10,"enemies":"Small Slimes","floor":1,"turns":5},{"damage":30,"enemies":"Gremlin Nob","floor":6,"turns":4},{"damage":2,"enemies":"2 Louse","floor":8,"turns":2},{"damage":1,"enemies":"Jaw Worm","floor":10,"turns":3},{"damage":31,"enemies":"3 Sentries","floor":11,"turns":5},{"damage":18,"enemies":"Exordium Thugs","floor":14,"turns":5},{"damage":13,"enemies":"Slime Boss","floor":16,"turns":6},{"damage":19,"enemies":"3 Byrds","floor":18,"turns":4},{"damage":10,"enemies":"Slavers","floor":25,"turns":6},{"damage":6,"enemies":"Gremlin Leader","floor":28,"turns":6},{"damage":57,"enemies":"Automaton","floor":33,"turns":6}],"seed_played":"-158096063317649942","potions_obtained":[{"floor":11,"key":"Energy Potion"},{"floor":13,"key":"EntropicBrew"},{"floor":14,"key":"Swift Potion"},{"floor":25,"key":"Strength Potion"}],"is_trial":false,"path_per_floor":["M","?","?","$","?","E","R","M","T","M","E","$","?","M","R","B",null,"M","?","?","$","?","R","$","E","T","R","E","R","$","?","R"],"character_chosen":"IRONCLAD","items_purchased":["Flex","Flex","Regen Potion","Pommel Strike","Thunderclap","Lantern","Iron Wave","Twin Strike","Art of War"],"campfire_rested":4,"item_purchase_floors":[4,12,12,21,21,24,24,30,30],"current_hp_per_floor":[76,65,45,45,33,9,33,37,37,42,17,17,17,19,43,36,80,67,67,40,40,16,16,16,12,12,24,24,24,24,24,36,0],"gold":28,"neow_bonus":"RANDOM_COMMON_RELIC","is_prod":false,"is_daily":false,"chose_seed":false,"campfire_upgraded":2,"win_rate":0,"timestamp":1534173752,"path_taken":["M","?","?","$","?","E","R","M","T","M","E","$","?","M","R","BOSS","M","?","?","$","?","R","$","E","T","R","E","R","$","?","R","BOSS"],"build_version":"2018-08-09","purchased_purges":2,"victory":false,"max_hp_per_floor":[80,80,80,80,80,80,80,80,80,80,80,80,80,80,80,80,80,80,80,40,40,40,40,40,40,40,40,40,40,40,40,40,40],"card_choices":[{"not_picked":["Rupture","Searing Blow"],"picked":"Wild Strike","floor":1},{"not_picked":["Pummel","Spot Weakness"],"picked":"Armaments","floor":6},{"not_picked":["True Grit","Shrug It Off"],"picked":"Twin Strike","floor":8},{"not_picked":["Searing Blow","Headbutt","Dual Wield"],"picked":"SKIP","floor":10},{"not_picked":["Intimidate","Cleave"],"picked":"Thunderclap","floor":11},{"not_picked":["Metallicize+1","Seeing Red"],"picked":"Thunderclap","floor":14},{"not_picked":["Sword Boomerang","Blood for Blood"],"picked":"Clash","floor":18},{"not_picked":["Twin Strike","Flame Barrier"],"picked":"Clash+1","floor":25},{"not_picked":["Dual Wield","Fire Breathing+1"],"picked":"Pommel Strike","floor":28}],"player_experience":339882,"relics_obtained":[{"floor":6,"key":"Pen Nib"},{"floor":9,"key":"Shuriken"},{"floor":11,"key":"Frozen Egg 2"},{"floor":25,"key":"Whetstone"},{"floor":26,"key":"Omamori"},{"floor":28,"key":"Smiling Mask"}],"event_choices":[{"event_name":"World of Goop","player_choice":"Gather Gold","floor":2,"damage_taken":0},{"event_name":"Golden Idol","player_choice":"Take Damage","floor":3,"damage_taken":0},{"event_name":"Scrap Ooze","player_choice":"success","floor":5,"damage_taken":12},{"event_name":"The Lab","player_choice":"Got Potions","floor":13,"damage_taken":0},{"event_name":"Cursed Tome","player_choice":"Ignored","floor":19,"damage_taken":0},{"event_name":"Ghosts","player_choice":"Became a Ghost","floor":20,"damage_taken":0},{"event_name":"Knowing Skull","player_choice":"GOLD GOLD GOLD ","floor":22,"damage_taken":0},{"event_name":"Duplicator","player_choice":"One dupe","floor":31,"damage_taken":0}],"is_beta":false,"boss_relics":[{"not_picked":["Pandora\u0027s Box","Eternal Feather"],"picked":"Empty Cage"}],"items_purged_floors":[4,12],"is_endless":false,"potions_floor_spawned":[11,14,18,25],"killed_by":"Automaton","ascension_level":0}