{"gold_per_floor":[116,266,282,8,22,22,49,49,49,49,75,105,105,136,136,211,211,211,48,48,48,48,48,48,48,48,48,48,48,48,48,48,48,48,48,48,48,48,48,48,48,48,48,48,48,48,48,48,48,48],"floor_reached":51,"playtime":3927,"items_purged":[],"score":1157,"play_id":"67a3d243-e3af-41be-9fd6-89cd20e47dec","local_time":"20180925155746","is_ascension_mode":true,"campfire_choices":[{"data":"Neutralize","floor":6,"key":"SMITH"},{"data":"Leg Sweep","floor":8,"key":"SMITH"},{"floor":15,"key":"REST"},{"floor":23,"key":"REST"},{"data":"Footwork","floor":25,"key":"SMITH"},{"data":"Footwork","floor":29,"key":"SMITH"},{"data":"Cloak And Dagger","floor":32,"key":"SMITH"},{"floor":40,"key":"REST"},{"data":"Finisher","floor":47,"key":"SMITH"},{"floor":49,"key":"REST"}],"neow_cost":"NONE","seed_source_timestamp":105887444817382,"circlet_count":0,"master_deck":["Defend_G","Defend_G","Defend_G","Defend_G","Defend_G","Strike_G","Strike_G","Strike_G","Strike_G","Strike_G","Survivor","Neutralize+1","AscendersBane","Cloak And Dagger+1","Dagger Throw","Dash+1","Leg Sweep+1","Endless Agony","Backflip","Adrenaline","Footwork+1","Backstab","Crippling Poison","Quick Slash+1","Footwork+1","Cloak And Dagger","Envenom","Dagger Spray+1","Backflip+1","Well Laid Plans+1","Finisher+1"],"relics":["Ring of the Snake","Mercury Hourglass","Dodecahedron","Matryoshka","Odd Mushroom","Calipers","Letter Opener","StoneCalendar","Ninja Scroll","Ectoplasm","Red Mask","Bronze Scales","Gremlin Horn","Bag of Marbles","Runic Dome","Singing Bowl","Vajra","Blood Vial"],"potions_floor_usage":[7,12,16,22,33,50],"damage_taken":[{"damage":7,"enemies":"Small Slimes","floor":1,"turns":6},{"damage":5,"enemies":"Jaw Worm","floor":3,"turns":6},{"damage":0,"enemies":"2 Louse","floor":5,"turns":2},{"damage":14,"enemies":"Gremlin Nob","floor":7,"turns":5},{"damage":4,"enemies":"The Mushroom Lair","floor":11,"turns":4},{"damage":5,"enemies":"3 Sentries","floor":12,"turns":5},{"damage":18,"enemies":"Gremlin Nob","floor":14,"turns":5},{"damage":16,"enemies":"Slime Boss","floor":16,"turns":9},{"damage":8,"enemies":"Chosen","floor":18,"turns":5},{"damage":0,"enemies":"3 Byrds","floor":20,"turns":3},{"damage":12,"enemies":"Masked Bandits","floor":22,"turns":4},{"damage":0,"enemies":"Snake Plant","floor":24,"turns":6},{"damage":0,"enemies":"Centurion and Healer","floor":27,"turns":6},{"damage":0,"enemies":"3 Cultists","floor":28,"turns":4},{"damage":0,"enemies":"Cultist and Chosen","floor":31,"turns":4},{"damage":4,"enemies":"Collector","floor":33,"turns":14},{"damage":7,"enemies":"3 Darklings","floor":35,"turns":4},{"damage":0,"enemies":"Orb Walker","floor":37,"turns":2},{"damage":4,"enemies":"Maw","floor":38,"turns":7},{"damage":20,"enemies":"Spire Growth","floor":39,"turns":5},{"damage":18,"enemies":"Nemesis","floor":41,"turns":7},{"damage":1,"enemies":"3 Darklings","floor":42,"turns":2},{"damage":26,"enemies":"Donu and Deca","floor":50,"turns":10}],"seed_played":"102056657480800955","potions_obtained":[{"floor":1,"key":"Weak Potion"},{"floor":5,"key":"Ancient Potion"},{"floor":11,"key":"Explosive Potion"},{"floor":12,"key":"GamblersBrew"},{"floor":16,"key":"Explosive Potion"},{"floor":28,"key":"Regen Potion"},{"floor":33,"key":"SmokeBomb"},{"floor":41,"key":"Dexterity Potion"}],"is_trial":false,"path_per_floor":["M","?","M","$","M","R","E","R","T","?","?","E","T","E","R","B",null,"M","$","M","$","?","R","M","R","T","M","M","R","T","M","R","B",null,"M","?","M","M","M","R","E","M","T","?","?","?","R","T","R","B"],"character_chosen":"THE_SILENT","items_purchased":["Mercury Hourglass","Footwork","Backstab"],"campfire_rested":4,"item_purchase_floors":[4,19,19],"current_hp_per_floor":[58,58,53,53,53,53,39,39,39,39,35,30,30,12,33,17,58,50,50,50,50,38,59,59,59,59,59,59,59,59,59,59,70,72,65,65,65,61,41,62,46,47,47,49,49,49,49,49,72,48],"gold":48,"neow_bonus":"TEN_PERCENT_HP_BONUS","is_prod":false,"is_daily":false,"chose_seed":false,"campfire_upgraded":6,"win_rate":0,"timestamp":1537883866,"path_taken":["M","?","M","$","M","R","E","R","T","?","?","E","?","E","R","BOSS","M","$","?","$","?","R","M","R","T","M","M","R","?","M","R","BOSS","M","?","M","?","M","R","E","M","T","?","?","?","R","?","R","BOSS"],"build_version":"2018-09-20","purchased_purges":0,"victory":true,"max_hp_per_floor":[72,72,72,72,72,72,72,72,72,72,72,72,72,72,72,72,72,72,72,72,72,72,72,72,72,72,72,72,72,72,72,72,72,72,72,72,72,72,72,72,74,76,76,78,78,78,78,78,78,78],"card_choices":[{"not_picked":["Heel Hook","Outmaneuver"],"picked":"Cloak And Dagger","floor":1},{"not_picked":["Outmaneuver","Tactician"],"picked":"Dagger Throw","floor":3},{"not_picked":["Blade Dance","Deadly Poison"],"picked":"Dash","floor":5},{"not_picked":["Grand Finale","Blade Dance"],"picked":"Leg Sweep","floor":7},{"not_picked":["Backflip","Eviscerate"],"picked":"Endless Agony","floor":12},{"not_picked":["Calculated Gamble","Acrobatics"],"picked":"Backflip","floor":14},{"not_picked":["Grand Finale","Burst"],"picked":"Adrenaline","floor":16},{"not_picked":["Backflip","Acrobatics","Heel Hook"],"picked":"SKIP","floor":18},{"not_picked":["Deflect","Prepared"],"picked":"Crippling Poison","floor":20},{"not_picked":["Slice","Blur"],"picked":"Quick Slash+1","floor":22},{"not_picked":["Poisoned Stab","Flying Knee","Calculated Gamble"],"picked":"SKIP","floor":24},{"not_picked":["PiercingWail","Caltrops","Storm of Steel"],"picked":"SKIP","floor":27},{"not_picked":["Deflect","Setup+1"],"picked":"Footwork","floor":28},{"not_picked":["Tactician","Heel Hook"],"picked":"Cloak And Dagger","floor":31},{"not_picked":["Tools of the Trade","Venomology"],"picked":"Envenom","floor":33},{"not_picked":["Sucker Punch+1","Outmaneuver+1"],"picked":"Dagger Spray+1","floor":35},{"not_picked":["Predator+1","PiercingWail"],"picked":"Backflip+1","floor":37},{"not_picked":["Poisoned Stab","Quick Slash+1"],"picked":"Well Laid Plans+1","floor":38},{"not_picked":["Riddle With Holes+1","Quick Slash"],"picked":"Finisher","floor":39},{"not_picked":["A Thousand Cuts","Slice+1","Outmaneuver"],"picked":"Singing Bowl","floor":41},{"not_picked":["Endless Agony+1","PiercingWail","Sucker Punch+1"],"picked":"Singing Bowl","floor":42},{"not_picked":["Forethought","Jack Of All Trades","Violence"],"picked":"Singing Bowl","floor":44}],"player_experience":1483295,"relics_obtained":[{"floor":7,"key":"Dodecahedron"},{"floor":9,"key":"Matryoshka"},{"floor":11,"key":"Odd Mushroom"},{"floor":12,"key":"Calipers"},{"floor":13,"key":"Letter Opener"},{"floor":13,"key":"StoneCalendar"},{"floor":14,"key":"Ninja Scroll"},{"floor":22,"key":"Red Mask"},{"floor":26,"key":"Bronze Scales"},{"floor":26,"key":"Gremlin Horn"},{"floor":30,"key":"Bag of Marbles"},{"floor":41,"key":"Singing Bowl"},{"floor":43,"key":"Vajra"},{"floor":48,"key":"Blood Vial"}],"event_choices":[{"event_name":"Liars Game","player_choice":"agreed","floor":2,"damage_taken":0},{"event_name":"Living Wall","player_choice":"Grow","floor":10,"damage_taken":0},{"event_name":"Mushrooms","player_choice":"Fought Mushrooms","floor":11,"damage_taken":0},{"event_name":"Masked Bandits","player_choice":"Fought Bandits","floor":22,"damage_taken":0},{"event_name":"Fountain of Cleansing","player_choice":"Removed Curse","floor":36,"damage_taken":0},{"event_name":"SensoryStone","player_choice":"Memory 1","floor":44,"damage_taken":0},{"event_name":"Tomb of Lord Red Mask","player_choice":"Wore Mask","floor":45,"damage_taken":0},{"event_name":"SecretPortal","player_choice":"Rejected Portal.","floor":46,"damage_taken":0}],"is_beta":false,"boss_relics":[{"not_picked":["Velvet Choker","Ring of the Serpent"],"picked":"Ectoplasm"},{"not_picked":["HoveringKite","Black Star"],"picked":"Runic Dome"}],"items_purged_floors":[],"is_endless":false,"potions_floor_spawned":[1,5,11,12,14,16,18,28,31,33,39,41,42],"ascension_level":16}