{"gold_per_floor":[359,359,378,396,54,64,64,36,60,60,72,87,112,126,126,199,199,209,222,6,6,6,6,6],"floor_reached":24,"playtime":1043,"items_purged":["Strike_B"],"score":376,"play_id":"9e13d1cf-173f-4684-b906-81b931039a7f","local_time":"20181222203307","is_ascension_mode":true,"campfire_choices":[{"floor":7,"key":"REST"},{"floor":10,"key":"REST"},{"floor":15,"key":"REST"},{"floor":23,"key":"REST"}],"neow_cost":"CURSE","seed_source_timestamp":233952083322151,"circlet_count":0,"master_deck":["AscendersBane","Strike_B+1","Defend_B+1","Defend_B","Defend_B","Defend_B","Zap+1","Dualcast","Decay","Conserve Battery","Leap","Beam Cell+1","Sweeping Beam","Reinforced Body","Beam Cell","Gash","Coolheaded","Core Surge","Coolheaded","Machine Learning","Steam","Ball Lightning","Scrape","Steam","Decay"],"relics":["Cracked Core","War Paint","Shuriken","Regal Pillow","Whetstone","Empty Cage","Blue Candle"],"potions_floor_usage":[13,16,16,19],"damage_taken":[{"damage":11,"enemies":"Jaw Worm","floor":1,"turns":4},{"damage":2,"enemies":"Cultist","floor":3,"turns":3},{"damage":9,"enemies":"Small Slimes","floor":4,"turns":4},{"damage":24,"enemies":"Exordium Thugs","floor":6,"turns":4},{"damage":1,"enemies":"2 Fungi Beasts","floor":11,"turns":4},{"damage":0,"enemies":"Red Slaver","floor":12,"turns":3},{"damage":33,"enemies":"Gremlin Nob","floor":13,"turns":4},{"damage":6,"enemies":"Exordium Thugs","floor":14,"turns":4},{"damage":34,"enemies":"The Guardian","floor":16,"turns":14},{"damage":21,"enemies":"Spheric Guardian","floor":18,"turns":7},{"damage":7,"enemies":"Chosen","floor":19,"turns":5},{"damage":82,"enemies":"Gremlin Leader","floor":24,"turns":8}],"seed_played":"-3742852873733587050","potions_obtained":[{"floor":6,"key":"FearPotion"},{"floor":11,"key":"Fire Potion"},{"floor":13,"key":"FocusPotion"},{"floor":18,"key":"GamblersBrew"}],"is_trial":false,"path_per_floor":["M","?","M","M","$","M","R","$","T","R","M","M","E","M","R","B",null,"M","M","$","T","?","R","E"],"character_chosen":"DEFECT","items_purchased":["Shuriken","Sweeping Beam","Beam Cell","Scrape","Steam"],"campfire_rested":4,"item_purchase_floors":[5,5,8,20,20],"current_hp_per_floor":[53,53,51,42,42,18,39,39,39,71,70,70,37,31,67,33,62,41,34,34,34,34,70,0],"gold":6,"neow_bonus":"TWO_FIFTY_GOLD","is_prod":false,"is_daily":false,"chose_seed":false,"campfire_upgraded":0,"win_rate":0,"timestamp":1545528787,"path_taken":["M","?","M","M","$","M","R","$","T","R","M","M","E","?","R","BOSS","M","M","$","?","?","R","E"],"build_version":"2018-12-20","purchased_purges":1,"victory":false,"max_hp_per_floor":[71,71,71,71,71,71,71,71,71,71,71,71,71,71,71,71,71,71,71,71,71,71,71,71],"card_choices":[{"not_picked":["Turbo","Double Energy"],"picked":"Conserve Battery","floor":1},{"not_picked":["Compile Driver","Conserve Battery"],"picked":"Leap","floor":3},{"not_picked":["Tempest","Turbo"],"picked":"Beam Cell","floor":4},{"not_picked":["Stack","Fusion"],"picked":"Reinforced Body","floor":6},{"not_picked":["Cold Snap","Rip and Tear"],"picked":"Gash","floor":11},{"not_picked":["Leap","Stack"],"picked":"Coolheaded","floor":12},{"not_picked":["Cold Snap","Stack"],"picked":"Core Surge","floor":13},{"not_picked":["Conserve Battery","Redo"],"picked":"Coolheaded","floor":14},{"not_picked":["Buffer","Echo Form"],"picked":"Machine Learning","floor":16},{"not_picked":["Redo","Fusion+1"],"picked":"Steam","floor":18},{"not_picked":["Streamline","Chill"],"picked":"Ball Lightning","floor":19}],"player_experience":1936050,"relics_obtained":[{"floor":2,"key":"War Paint"},{"floor":9,"key":"Regal Pillow"},{"floor":13,"key":"Whetstone"},{"floor":21,"key":"Blue Candle"}],"event_choices":[{"damage_healed":0,"gold_gain":0,"player_choice":"Relic","damage_taken":0,"max_hp_gain":0,"max_hp_loss":0,"event_name":"Wheel of Change","floor":2,"gold_loss":0},{"damage_healed":0,"gold_gain":0,"player_choice":"Smashed Altar","damage_taken":0,"max_hp_gain":0,"max_hp_loss":0,"event_name":"Forgotten Altar","floor":22,"gold_loss":0,"cards_obtained":["Decay"]}],"is_beta":false,"boss_relics":[{"not_picked":["Astrolabe","Philosopher\u0027s Stone"],"picked":"Empty Cage"}],"items_purged_floors":[20],"is_endless":false,"potions_floor_spawned":[6,11,13,18],"killed_by":"Gremlin Leader","ascension_level":18}