{"gold_per_floor":[109,120,120,140,153,182,182,182,182,182,192,210,210,210,210,314,314,331,331,27,44,62,79,90,90,90,105,124,124,137,151,151,151],"floor_reached":33,"playtime":1421,"items_purged":[],"score":357,"play_id":"d5723658-e760-4a3d-8c1f-68d78beddf3f","local_time":"20190101183950","is_ascension_mode":true,"campfire_choices":[{"floor":10,"key":"REST"},{"data":"Brutality","floor":13,"key":"SMITH"},{"data":"Armaments","floor":15,"key":"SMITH"},{"floor":25,"key":"REST"},{"data":"Flame Barrier","floor":29,"key":"SMITH"},{"data":"Perfected Strike","floor":32,"key":"SMITH"}],"neow_cost":"NONE","seed_source_timestamp":1056262776483228,"circlet_count":0,"master_deck":["Strike_R","Strike_R","Strike_R","Strike_R","Strike_R","Defend_R","Defend_R+1","Defend_R","Defend_R+1","Bash","Perfected Strike+1","Sword Boomerang","Spot Weakness","Armaments+1","True Grit+1","Brutality+1","Impervious","Blood for Blood","Flame Barrier+1","Whirlwind","Immolate"],"relics":["Black Blood","Happy Flower","Anchor","Pear","Thread and Needle","Mummified Hand"],"potions_floor_usage":[4,11,12,18,22,23,27,31,33],"damage_taken":[{"damage":0,"enemies":"2 Louse","floor":1,"turns":3},{"damage":12,"enemies":"Jaw Worm","floor":2,"turns":3},{"damage":1,"enemies":"Cultist","floor":4,"turns":4},{"damage":7,"enemies":"Looter","floor":5,"turns":3},{"damage":41,"enemies":"Lagavulin","floor":6,"turns":7},{"damage":5,"enemies":"Exordium Thugs","floor":11,"turns":3},{"damage":0,"enemies":"Large Slime","floor":12,"turns":4},{"damage":43,"enemies":"Slime Boss","floor":16,"turns":10},{"damage":32,"enemies":"3 Byrds","floor":18,"turns":7},{"damage":3,"enemies":"Chosen","floor":21,"turns":4},{"damage":17,"enemies":"Snecko","floor":22,"turns":4},{"damage":16,"enemies":"3 Cultists","floor":23,"turns":7},{"damage":26,"enemies":"Cultist and Chosen","floor":24,"turns":5},{"damage":4,"enemies":"Snecko","floor":27,"turns":5},{"damage":9,"enemies":"Centurion and Healer","floor":28,"turns":7},{"damage":13,"enemies":"Shelled Parasite and Fungi","floor":30,"turns":7},{"damage":11,"enemies":"Snake Plant","floor":31,"turns":7},{"damage":121,"enemies":"Champ","floor":33,"turns":14}],"seed_played":"-1153477721823183160","potions_obtained":[{"floor":2,"key":"BloodPotion"},{"floor":6,"key":"Fruit Juice"},{"floor":11,"key":"BloodPotion"},{"floor":16,"key":"Explosive Potion"},{"floor":18,"key":"EssenceOfSteel"},{"floor":22,"key":"AttackPotion"},{"floor":24,"key":"Weak Potion"},{"floor":27,"key":"GamblersBrew"},{"floor":31,"key":"Regen Potion"}],"is_trial":false,"path_per_floor":["M","M","?","M","M","E","?","?","T","R","M","M","R","?","R","B",null,"M","?","$","M","M","M","M","R","T","M","M","R","M","M","R","B"],"character_chosen":"IRONCLAD","items_purchased":["Thread and Needle"],"campfire_rested":2,"item_purchase_floors":[20],"current_hp_per_floor":[78,72,77,85,84,49,49,32,42,70,76,92,92,92,92,55,89,67,67,67,74,67,61,45,75,75,81,82,82,79,78,78,0],"gold":151,"neow_bonus":"RANDOM_COMMON_RELIC","is_prod":false,"is_daily":false,"chose_seed":false,"campfire_upgraded":4,"win_rate":0,"timestamp":1546389590,"path_taken":["M","M","?","M","M","E","?","?","T","R","M","M","R","?","R","BOSS","M","?","$","M","?","M","M","R","T","M","M","R","M","M","R","BOSS"],"build_version":"2018-12-25","purchased_purges":0,"victory":false,"max_hp_per_floor":[80,80,85,85,85,85,85,85,95,95,100,100,100,100,100,100,100,100,100,100,100,100,100,100,100,100,100,100,100,100,100,100,100],"card_choices":[{"not_picked":["True Grit","Clash"],"picked":"Perfected Strike","floor":1},{"not_picked":["Heavy Blade","Evolve"],"picked":"Sword Boomerang","floor":2},{"not_picked":["Clash","Pummel"],"picked":"Spot Weakness","floor":4},{"not_picked":["Headbutt","Flex","Cleave"],"picked":"SKIP","floor":5},{"not_picked":["Offering","Headbutt"],"picked":"Armaments","floor":6},{"not_picked":["Anger","Iron Wave"],"picked":"True Grit","floor":11},{"not_picked":["Dropkick","Rage"],"picked":"Brutality","floor":12},{"not_picked":["Double Tap","Barricade"],"picked":"Impervious","floor":16},{"not_picked":["Flex","Perfected Strike"],"picked":"Blood for Blood","floor":18},{"not_picked":["Sword Boomerang","Battle Trance","Perfected Strike"],"picked":"SKIP","floor":21},{"not_picked":["Entrench","Havoc","Searing Blow"],"picked":"SKIP","floor":22},{"not_picked":["True Grit+1","Blood for Blood+1"],"picked":"Flame Barrier","floor":23},{"not_picked":["Headbutt+1","Clash","Perfected Strike"],"picked":"SKIP","floor":24},{"not_picked":["Clothesline","Warcry"],"picked":"Whirlwind","floor":27},{"not_picked":["Shockwave","Body Slam+1","Reckless Charge"],"picked":"SKIP","floor":28},{"not_picked":["Rupture","Power Through","Cleave"],"picked":"SKIP","floor":30},{"not_picked":["Havoc","Corruption"],"picked":"Immolate","floor":31}],"player_experience":580418,"relics_obtained":[{"floor":6,"key":"Anchor"},{"floor":9,"key":"Pear"},{"floor":26,"key":"Mummified Hand"}],"event_choices":[{"damage_healed":0,"gold_gain":0,"player_choice":"Donut","damage_taken":0,"max_hp_gain":5,"max_hp_loss":0,"event_name":"Big Fish","floor":3,"gold_loss":0},{"damage_healed":0,"gold_gain":0,"player_choice":"Fled","damage_taken":0,"max_hp_gain":0,"max_hp_loss":0,"event_name":"Scrap Ooze","floor":7,"gold_loss":0},{"damage_healed":0,"gold_gain":0,"player_choice":"Entered Light","damage_taken":17,"max_hp_gain":0,"max_hp_loss":0,"event_name":"Shining Light","floor":8,"gold_loss":0,"cards_upgraded":["Defend_R","Defend_R"]},{"damage_healed":0,"gold_gain":0,"player_choice":"Leave","damage_taken":0,"max_hp_gain":0,"max_hp_loss":0,"event_name":"The Cleric","floor":14,"gold_loss":0},{"damage_healed":0,"gold_gain":0,"player_choice":"Upgraded","damage_taken":0,"max_hp_gain":0,"max_hp_loss":0,"event_name":"Upgrade Shrine","floor":19,"gold_loss":0,"cards_upgraded":["True Grit"]}],"is_beta":true,"boss_relics":[{"not_picked":["Empty Cage","Mark of Pain"],"picked":"Black Blood"}],"items_purged_floors":[],"is_endless":false,"potions_floor_spawned":[2,6,11,16,18,22,24,27,31],"killed_by":"Champ","ascension_level":6}