{"path_per_floor":["M","M","M","?","M","R","$","?","T","M","T","R","M","M","R","B",null],"character_chosen":"DEFECT","items_purchased":["Defragment"],"gold_per_floor":[113,133,153,153,165,165,20,20,43,60,85,85,103,117,117,221,221,221],"floor_reached":18,"campfire_rested":3,"playtime":802,"item_purchase_floors":[7],"current_hp_per_floor":[67,59,59,59,34,56,56,56,56,32,32,54,41,41,63,43,67,0],"items_purged":["Strike_B"],"gold":221,"score":200,"play_id":"4dc78007-1a92-4be7-960e-89b8269afb9c","local_time":"20180622155832","is_prod":false,"is_daily":false,"chose_seed":false,"is_ascension_mode":true,"campfire_upgraded":0,"win_rate":0,"timestamp":1529697512,"campfire_choices":[{"floor":6,"key":"REST"},{"floor":12,"key":"REST"},{"floor":15,"key":"REST"}],"path_taken":["M","M","M","?","M","R","$","?","T","?","?","R","?","M","R","BOSS","M"],"build_version":"2018-06-21","seed_source_timestamp":735995271528676,"purchased_purges":1,"circlet_count":0,"victory":false,"master_deck":["Strike_B","Strike_B","Defend_B","Defend_B","Defend_B","Defend_B","Zap","Dualcast","Defragment","Genetic Algorithm","Hologram","Defragment","Capacitor","Cold Snap","Leap","Creative AI","Reboot"],"max_hp_per_floor":[75,75,75,75,75,75,75,75,75,75,75,75,75,75,75,75,75,75],"relics":["Sozu","Vajra","Anchor","Philosopher\u0027s Stone"],"card_choices":[{"not_picked":["Ball Lightning","Rebound","Force Field"],"picked":"SKIP","floor":1},{"not_picked":["Chaos","Storm"],"picked":"Defragment","floor":2},{"not_picked":["Rebound","Chill"],"picked":"Genetic Algorithm","floor":3},{"not_picked":["Sweeping Beam","Reinforced Body"],"picked":"Hologram","floor":5},{"not_picked":["Darkness","Sweeping Beam"],"picked":"Cold Snap","floor":10},{"not_picked":["Redo","Steam"],"picked":"Leap","floor":13},{"not_picked":["Redo","Genetic Algorithm"],"picked":"Creative AI","floor":14},{"not_picked":["Hyperbeam","Meteor Strike"],"picked":"Reboot","floor":16}],"player_experience":723555,"potions_floor_usage":[],"damage_taken":[{"damage":1,"enemies":"Cultist","floor":1,"turns":4},{"damage":8,"enemies":"Jaw Worm","floor":2,"turns":4},{"damage":0,"enemies":"Small Slimes","floor":3,"turns":4},{"damage":25,"enemies":"Exordium Wildlife","floor":5,"turns":5},{"damage":24,"enemies":"2 Fungi Beasts","floor":10,"turns":5},{"damage":13,"enemies":"Exordium Thugs","floor":13,"turns":5},{"damage":0,"enemies":"Large Slime","floor":14,"turns":6},{"damage":20,"enemies":"Slime Boss","floor":16,"turns":11},{"damage":68,"enemies":"3 Byrds","floor":18,"turns":4}],"relics_obtained":[{"floor":9,"key":"Vajra"},{"floor":11,"key":"Anchor"}],"event_choices":[{"event_name":"Shining Light","player_choice":"Ignored","floor":4,"damage_taken":0},{"event_name":"Transmorgrifier","player_choice":"Transform","floor":8,"damage_taken":0}],"boss_relics":[{"not_picked":["Calling Bell","Coffee Dripper"],"picked":"Philosopher\u0027s Stone"}],"items_purged_floors":[7],"is_endless":false,"potions_floor_spawned":[2,3,13,14],"seed_played":"2222699311191417487","killed_by":"3 Byrds","ascension_level":6,"potions_obtained":[],"is_trial":false}