{"gold_per_floor":[363,538,613,563,91,91,108,123,147,158,181,181,216,234,234,234],"floor_reached":16,"playtime":1606,"items_purged":["Clumsy"],"score":100,"play_id":"d291dd27-42e4-4fd5-8a4d-405226bb3383","local_time":"20180809174350","is_ascension_mode":false,"campfire_choices":[{"data":"Prepared","floor":6,"key":"SMITH"},{"data":"Survivor","floor":12,"key":"SMITH"},{"data":"Backflip","floor":15,"key":"SMITH"}],"neow_cost":"CURSE","seed_source_timestamp":159148094731740,"circlet_count":0,"master_deck":["Defend_G","Defend_G","Defend_G","Defend_G","Defend_G","Strike_G","Strike_G","Strike_G","Strike_G","Strike_G","Survivor+1","Neutralize","Prepared+1","Cloak And Dagger","Backflip+1","Deadly Poison","Acrobatics","Underhanded Strike","Blade Dance"],"relics":["Ring of the Snake","Tough Bandages","Potion Belt","Odd Mushroom","Bottled Flame"],"potions_floor_usage":[13,16,16,16],"damage_taken":[{"damage":2,"enemies":"Small Slimes","floor":1,"turns":5},{"damage":0,"enemies":"2 Louse","floor":7,"turns":3},{"damage":0,"enemies":"Jaw Worm","floor":8,"turns":6},{"damage":4,"enemies":"2 Fungi Beasts","floor":10,"turns":6},{"damage":8,"floor":11,"turns":7},{"damage":31,"enemies":"Gremlin Nob","floor":13,"turns":5},{"damage":0,"enemies":"Exordium Wildlife","floor":14,"turns":5},{"damage":23,"enemies":"Slime Boss","floor":16,"turns":3}],"seed_played":"4876680845894487464","potions_obtained":[{"floor":1,"key":"Swift Potion"},{"floor":8,"key":"SkillPotion"},{"floor":10,"key":"Block Potion"},{"floor":14,"key":"PowerPotion"}],"is_trial":false,"path_per_floor":["M","?","?","?","$","R","M","M","T","M","?","R","E","M","R"],"character_chosen":"THE_SILENT","items_purchased":["Tough Bandages","Prepared","Cloak And Dagger"],"campfire_rested":0,"item_purchase_floors":[5,5,5],"current_hp_per_floor":[68,68,57,57,57,57,57,57,57,53,45,45,14,14,14,0],"gold":234,"neow_bonus":"TWO_FIFTY_GOLD","is_prod":false,"is_daily":false,"chose_seed":false,"campfire_upgraded":3,"win_rate":0,"timestamp":1533802430,"path_taken":["M","?","?","?","?","R","M","M","T","M","?","R","E","M","R","BOSS"],"build_version":"2018-08-02","purchased_purges":1,"victory":false,"max_hp_per_floor":[70,70,70,70,70,70,70,70,70,70,70,70,70,70,70,70],"card_choices":[{"not_picked":["Noxious Fumes","Well Laid Plans","Eviscerate"],"picked":"SKIP","floor":1},{"not_picked":["Dodge and Roll","Deadly Poison"],"picked":"Backflip","floor":7},{"not_picked":["Backstab","Reflex","Choke"],"picked":"SKIP","floor":8},{"not_picked":["Backflip","Flechettes"],"picked":"Deadly Poison","floor":10},{"not_picked":["PiercingWail","Skewer"],"picked":"Acrobatics","floor":11},{"not_picked":["Infinite Blades","Dodge and Roll"],"picked":"Underhanded Strike","floor":13},{"not_picked":["Flying Knee","Well Laid Plans"],"picked":"Blade Dance","floor":14}],"player_experience":294508,"relics_obtained":[{"floor":9,"key":"Potion Belt"},{"floor":11,"key":"Odd Mushroom"},{"floor":13,"key":"Bottled Flame"}],"event_choices":[{"event_name":"Liars Game","player_choice":"agreed","floor":2,"damage_taken":0},{"event_name":"World of Goop","player_choice":"Gather Gold","floor":3,"damage_taken":0},{"event_name":"The Cleric","player_choice":"Card Removal","floor":4,"damage_taken":0},{"event_name":"Mushrooms","player_choice":"Fought Mushrooms","floor":11,"damage_taken":0}],"is_beta":false,"boss_relics":[],"items_purged_floors":[5],"is_endless":false,"potions_floor_spawned":[1,8,10,14],"killed_by":"Slime Boss","ascension_level":0}