{"gold_per_floor":[115,40,54,54,1,1,15,15,41,53,80,92,104,142,154,242,304,332,172,172,189,189,217,217],"floor_reached":24,"playtime":1222,"items_purged":["Defend_B"],"score":472,"play_id":"b45d3b0d-80ea-4907-83b1-fc3b629a6640","local_time":"20190214233032","is_ascension_mode":true,"campfire_choices":[{"floor":6,"key":"REST"},{"data":"Zap","floor":8,"key":"SMITH"},{"data":"Ball Lightning","floor":10,"key":"SMITH"},{"floor":12,"key":"REST"},{"data":"Dualcast","floor":15,"key":"SMITH"}],"neow_cost":"TEN_PERCENT_HP_LOSS","seed_source_timestamp":1902368376993700,"circlet_count":0,"master_deck":["AscendersBane","Strike_B","Strike_B","Defend_B","Defend_B","Zap+1","Dualcast+1","Cold Snap","Ball Lightning+1","Conserve Battery","Hologram","Glacier","Echo Form+1","Compile Driver","Genetic Algorithm+1","Sunder","Defragment","Sweeping Beam"],"relics":["Cracked Core","Nunchaku","MawBank","Sundial","Art of War","Tiny House","Regal Pillow"],"potions_floor_usage":[14,16,18,23,24,24],"damage_taken":[{"damage":2,"enemies":"2 Louse","floor":1,"turns":2},{"damage":2,"enemies":"Jaw Worm","floor":3,"turns":3},{"damage":0,"enemies":"Small Slimes","floor":7,"turns":2},{"damage":17,"enemies":"Exordium Thugs","floor":11,"turns":4},{"damage":6,"enemies":"Gremlin Nob","floor":14,"turns":3},{"damage":0,"enemies":"The Guardian","floor":16,"turns":9},{"damage":17,"enemies":"2 Thieves","floor":18,"turns":4},{"damage":11,"enemies":"Shell Parasite","floor":21,"turns":5},{"damage":14,"enemies":"Gremlin Leader","floor":23,"turns":6},{"damage":23,"enemies":"Shelled Parasite and Fungi","floor":24,"turns":4}],"seed_played":"4231457935829598809","potions_obtained":[{"floor":1,"key":"FocusPotion"},{"floor":11,"key":"SkillPotion"},{"floor":16,"key":"Explosive Potion"},{"floor":17,"key":"SpeedPotion"},{"floor":18,"key":"Weak Potion"},{"floor":23,"key":"Fire Potion"}],"is_trial":false,"path_per_floor":["M","?","M","?","$","R","M","R","T","R","M","R","?","E","R","B",null,"M","$","?","M","?","E","M"],"character_chosen":"DEFECT","items_purchased":["Ball Lightning","Sunder","PowerPotion"],"campfire_rested":2,"item_purchase_floors":[5,19,19],"current_hp_per_floor":[62,62,60,25,25,44,44,44,44,44,27,46,46,40,40,40,63,46,46,46,35,35,21,0],"gold":217,"neow_bonus":"REMOVE_TWO","is_prod":false,"is_daily":false,"chose_seed":false,"campfire_upgraded":3,"win_rate":0,"timestamp":1550187032,"path_taken":["M","?","M","?","$","R","M","R","T","R","M","R","?","E","R","BOSS","M","$","?","M","?","E","M"],"build_version":"2019-01-23","purchased_purges":1,"victory":false,"max_hp_per_floor":[64,64,64,64,64,64,64,64,64,64,64,64,64,64,64,64,69,69,69,69,69,69,69,69],"card_choices":[{"not_picked":["Heatsinks","Consume"],"picked":"Tempest","floor":1},{"not_picked":["Reprogram","Go for the Eyes"],"picked":"Cold Snap","floor":3},{"not_picked":["Turbo","BootSequence"],"picked":"Conserve Battery","floor":7},{"not_picked":["Force Field","Redo"],"picked":"Hologram","floor":11},{"not_picked":["Self Repair","Lockon"],"picked":"Glacier","floor":14},{"not_picked":["Fission","Reboot"],"picked":"Echo Form","floor":16},{"not_picked":["Barrage","Cold Snap"],"picked":"Compile Driver","floor":17},{"not_picked":["Fusion","Scrape+1"],"picked":"Genetic Algorithm+1","floor":18},{"not_picked":["Force Field","Lockon+1","Reinforced Body"],"picked":"SKIP","floor":21},{"not_picked":["Steam Power","Gash"],"picked":"Sweeping Beam","floor":23}],"player_experience":299716,"relics_obtained":[{"floor":9,"key":"MawBank"},{"floor":14,"key":"Art of War"},{"floor":23,"key":"Regal Pillow"}],"event_choices":[{"cards_removed":["Strike_B"],"damage_healed":0,"gold_gain":0,"player_choice":"Card Removal","damage_taken":0,"max_hp_gain":0,"max_hp_loss":0,"event_name":"The Cleric","floor":2,"gold_loss":75},{"damage_healed":0,"gold_gain":0,"player_choice":"Success","damage_taken":35,"relics_obtained":["Nunchaku"],"max_hp_gain":0,"max_hp_loss":0,"event_name":"Scrap Ooze","floor":4,"gold_loss":0},{"cards_removed":["Tempest"],"damage_healed":0,"gold_gain":0,"player_choice":"Gave Card","damage_taken":0,"relics_obtained":["Sundial"],"max_hp_gain":0,"max_hp_loss":0,"event_name":"WeMeetAgain","floor":13,"gold_loss":0},{"damage_healed":0,"gold_gain":0,"player_choice":"Read","damage_taken":0,"max_hp_gain":0,"max_hp_loss":0,"event_name":"The Library","floor":20,"gold_loss":0,"cards_obtained":["Defragment"]},{"damage_healed":0,"gold_gain":0,"player_choice":"Ignored","damage_taken":0,"max_hp_gain":0,"max_hp_loss":0,"event_name":"Vampires","floor":22,"gold_loss":0}],"is_beta":false,"boss_relics":[{"not_picked":["Coffee Dripper","Ectoplasm"],"picked":"Tiny House"}],"items_purged_floors":[19],"is_endless":false,"potions_floor_spawned":[1,11,16,18,23],"killed_by":"Shelled Parasite and Fungi","ascension_level":16}