{"gold_per_floor":[118,118,83,97,97,127,127,161,188,53,53,63,63,96,96,170,170,182,37,50,66,66,66],"floor_reached":23,"playtime":934,"items_purged":[],"score":387,"play_id":"51bbbbab-12ea-4b90-9470-b6e7d7b24cbe","local_time":"20180707202027","is_ascension_mode":true,"campfire_choices":[{"data":"Riddle With Holes","floor":7,"key":"SMITH"},{"data":"Neutralize","floor":11,"key":"SMITH"},{"floor":13,"key":"REST"},{"data":"Skewer","floor":15,"key":"SMITH"}],"neow_cost":"NONE","seed_source_timestamp":11809220800395,"circlet_count":0,"master_deck":["Defend_G","Defend_G","Defend_G","Defend_G","Defend_G","Survivor","Neutralize+1","AscendersBane","Unload","Infinite Blades+1","Dodge and Roll","Riddle With Holes+1","Dagger Spray","Well Laid Plans","Deflect","Skewer+1","Phantasmal Killer","Backstab","Bite","Bite","Bite","Bite","Bite"],"relics":["Ring of the Snake","Dream Catcher","Torii","Boot","Pear","Sozu"],"potions_floor_usage":[6,16,21],"damage_taken":[{"damage":16,"enemies":"Small Slimes","floor":1,"turns":4},{"damage":1,"enemies":"Cultist","floor":4,"turns":4},{"damage":1,"enemies":"3 Sentries","floor":6,"turns":10},{"damage":24,"enemies":"Lagavulin","floor":8,"turns":10},{"damage":2,"enemies":"2 Louse","floor":12,"turns":3},{"damage":28,"enemies":"Gremlin Nob","floor":14,"turns":4},{"damage":10,"enemies":"Hexaghost","floor":16,"turns":11},{"damage":2,"enemies":"Shell Parasite","floor":18,"turns":5},{"damage":19,"enemies":"Spheric Guardian","floor":20,"turns":4},{"damage":2,"enemies":"3 Cultists","floor":21,"turns":5},{"damage":68,"enemies":"Gremlin Leader","floor":23,"turns":8}],"seed_played":"-7477079462314058643","potions_obtained":[{"floor":1,"key":"EssenceOfSteel"},{"floor":8,"key":"EssenceOfSteel"},{"floor":14,"key":"Weak Potion"}],"is_trial":false,"path_per_floor":["M","?","?","M","?","E","R","E","T","$","R","M","R","E","R","B",null,"M","$","M","M","?"],"character_chosen":"THE_SILENT","items_purchased":["Well Laid Plans","Deflect","Blood Vial"],"campfire_rested":1,"item_purchase_floors":[10,10,19],"current_hp_per_floor":[43,43,59,58,58,57,57,33,33,33,33,31,50,32,32,22,63,61,61,44,44,44,0],"gold":66,"neow_bonus":"ONE_RANDOM_RARE_CARD","is_prod":false,"is_daily":false,"chose_seed":false,"campfire_upgraded":3,"win_rate":0,"timestamp":1530987627,"path_taken":["M","?","?","M","?","E","R","E","T","$","R","M","R","E","R","BOSS","M","$","M","M","?","E"],"build_version":"2018-07-05","purchased_purges":0,"victory":false,"max_hp_per_floor":[66,66,66,66,66,66,66,66,66,66,66,66,66,76,76,76,76,76,76,76,76,76,76],"card_choices":[{"not_picked":["Reflex","Underhanded Strike"],"picked":"Infinite Blades","floor":1},{"not_picked":["Underhanded Strike","Deadly Poison"],"picked":"Dodge and Roll","floor":4},{"not_picked":["Storm of Steel","Concentrate"],"picked":"Riddle With Holes","floor":6},{"not_picked":["Quick Slash","Flying Knee"],"picked":"Dagger Spray","floor":8},{"not_picked":["PiercingWail","Poisoned Stab","Concentrate"],"picked":"SKIP","floor":12},{"not_picked":["PiercingWail","Dodge and Roll"],"picked":"Skewer","floor":13},{"not_picked":["Concentrate","Venomology","Deadly Poison"],"picked":"SKIP","floor":14},{"not_picked":["Tools of the Trade","Wraith Form v2"],"picked":"Phantasmal Killer","floor":16},{"not_picked":["Concentrate","Underhanded Strike","Reflex"],"picked":"SKIP","floor":18},{"not_picked":["Dash","Bane"],"picked":"Backstab","floor":20},{"not_picked":["Bane","Flying Knee","Heel Hook"],"picked":"SKIP","floor":21}],"player_experience":1001595,"relics_obtained":[{"floor":6,"key":"Dream Catcher"},{"floor":8,"key":"Torii"},{"floor":9,"key":"Boot"},{"floor":14,"key":"Pear"}],"event_choices":[{"event_name":"Wheel of Change","player_choice":"Card Removal","floor":2,"damage_taken":0},{"event_name":"The Cleric","player_choice":"Healed","floor":3,"damage_taken":0},{"event_name":"Living Wall","player_choice":"Grow","floor":5,"damage_taken":0},{"event_name":"Vampires","player_choice":"Became a vampire (Vial)","floor":22,"damage_taken":0}],"boss_relics":[{"not_picked":["Philosopher\u0027s Stone","Black Star"],"picked":"Sozu"}],"items_purged_floors":[],"is_endless":false,"potions_floor_spawned":[1,8,14,20],"killed_by":"Gremlin Leader","ascension_level":15}