{"gold_per_floor":[114,124,136,136,211,211,246,246,246,211,238,268],"floor_reached":12,"playtime":421,"items_purged":[],"score":151,"play_id":"a52a6aa6-b8fa-4e1b-affc-3414a800b1ec","local_time":"20180707015434","is_ascension_mode":true,"campfire_choices":[{"data":"Footwork","floor":6,"key":"SMITH"},{"data":"Noxious Fumes","floor":8,"key":"SMITH"}],"neow_cost":"NONE","seed_source_timestamp":909617216960052,"circlet_count":0,"master_deck":["Defend_G","Defend_G","Defend_G","Defend_G","Defend_G","Strike_G","Strike_G","Strike_G","Strike_G","Strike_G","Survivor","Neutralize","AscendersBane","Footwork+1","Cloak And Dagger","Noxious Fumes+1","Noxious Fumes"],"relics":["Ring of the Snake","Lantern","Kunai","Dodecahedron","Gremlin Horn"],"potions_floor_usage":[7,12,12],"damage_taken":[{"damage":3,"enemies":"Small Slimes","floor":1,"turns":4},{"damage":0,"enemies":"2 Louse","floor":2,"turns":5},{"damage":0,"enemies":"Jaw Worm","floor":3,"turns":7},{"damage":16,"enemies":"Lagavulin","floor":7,"turns":12},{"damage":26,"enemies":"3 Sentries","floor":11,"turns":6},{"damage":26,"enemies":"Gremlin Nob","floor":12,"turns":5}],"seed_played":"8877409040976925176","potions_obtained":[{"floor":2,"key":"Swift Potion"},{"floor":7,"key":"PowerPotion"},{"floor":11,"key":"Block Potion"}],"is_trial":false,"path_per_floor":["M","M","M","$","?","R","E","R","T","?","E"],"character_chosen":"THE_SILENT","items_purchased":[],"campfire_rested":0,"item_purchase_floors":[],"current_hp_per_floor":[56,56,56,56,45,45,29,29,29,45,19,0],"gold":268,"neow_bonus":"RANDOM_COMMON_RELIC","is_prod":false,"is_daily":false,"chose_seed":false,"campfire_upgraded":2,"win_rate":0,"timestamp":1530921274,"path_taken":["M","M","M","$","?","R","E","R","T","?","E","?"],"build_version":"2018-07-05","purchased_purges":0,"victory":false,"max_hp_per_floor":[66,66,66,66,66,66,66,66,66,66,66,66],"card_choices":[{"not_picked":["Flying Knee","Quick Slash"],"picked":"Footwork","floor":1},{"not_picked":["Prepared","Deflect"],"picked":"Cloak And Dagger","floor":2},{"not_picked":["PiercingWail","Distraction"],"picked":"Noxious Fumes","floor":3},{"not_picked":["Outmaneuver","Bullet Time"],"picked":"Noxious Fumes","floor":7},{"not_picked":["Finisher","Outmaneuver","Quick Slash"],"picked":"SKIP","floor":11}],"player_experience":988915,"relics_obtained":[{"floor":7,"key":"Kunai"},{"floor":9,"key":"Dodecahedron"},{"floor":11,"key":"Gremlin Horn"}],"event_choices":[{"event_name":"World of Goop","player_choice":"Gather Gold","floor":5,"damage_taken":0},{"event_name":"The Cleric","player_choice":"Healed","floor":10,"damage_taken":0},{"event_name":"Dead Adventurer","player_choice":"Searched \u00273\u0027 times","floor":12,"damage_taken":0}],"boss_relics":[],"items_purged_floors":[],"is_endless":false,"potions_floor_spawned":[2,7,11],"killed_by":"Gremlin Nob","ascension_level":15}