{"gold_per_floor":[118,138,62,162,173,207,226,226,226,226,242,242,252,284,284,379,379,391,403,38,55,72,72,72,72,118,118,132,8,8,28,28,133,133,148,148,166,186,186,211,211,223,223,223,223,223,223,67,67,67],"floor_reached":50,"playtime":1405,"items_purged":["Decay","Writhe"],"score":582,"play_id":"57b1515f-0e43-4f18-a08a-7c08f4eb01bc","local_time":"20180723130606","is_ascension_mode":false,"campfire_choices":[{"data":"Neutralize","floor":8,"key":"SMITH"},{"data":"Catalyst","floor":10,"key":"SMITH"},{"data":"A Thousand Cuts","floor":12,"key":"SMITH"},{"floor":15,"key":"REST"},{"data":"Bouncing Flask","floor":23,"key":"SMITH"},{"data":"Corpse Explosion","floor":25,"key":"SMITH"},{"data":"Bouncing Flask","floor":27,"key":"SMITH"},{"data":"Noxious Fumes","floor":32,"key":"SMITH"},{"data":"Deadly Poison","floor":41,"key":"SMITH"},{"floor":44,"key":"REST"},{"floor":46,"key":"REST"},{"data":"Noxious Fumes","floor":49,"key":"SMITH"}],"neow_cost":"NONE","seed_source_timestamp":328413823629022,"circlet_count":0,"master_deck":["Defend_G","Defend_G","Defend_G","Defend_G","Defend_G","Strike_G","Strike_G","Strike_G","Strike_G","Strike_G","Survivor","Neutralize+1","Dagger Throw","Catalyst+1","Venomology","A Thousand Cuts+1","Noxious Fumes+1","Deadly Poison+1","Bouncing Flask+1","Corpse Explosion+1","Deadly Poison+1","Bane+1","Bouncing Flask+1","Poisoned Stab+1","Deadly Poison+1","Noxious Fumes+1","Catalyst+1","Bane+1","Venomology","Well Laid Plans","Jack Of All Trades","Backstab+1","Madness","Madness"],"relics":["Velvet Choker","Regal Pillow","Snake Skull","Darkstone Periapt","Calling Bell","Ancient Tea Set","Smiling Mask","Thread and Needle","Paper Crane","Oddly Smooth Stone","Busted Crown","Vajra","Bottled Tornado","Art of War"],"potions_floor_usage":[6,6,6,14,16,21,21,28,31,31,33,33,33,40,42,42,50,50,50,50],"damage_taken":[{"damage":0,"enemies":"Small Slimes","floor":1,"turns":4},{"damage":1,"enemies":"Cultist","floor":2,"turns":3},{"damage":3,"enemies":"2 Louse","floor":5,"turns":3},{"damage":5,"enemies":"Gremlin Nob","floor":6,"turns":3},{"damage":13,"enemies":"Exordium Thugs","floor":7,"turns":5},{"damage":11,"enemies":"Lots of Slimes","floor":11,"turns":2},{"damage":7,"enemies":"Blue Slaver","floor":13,"turns":3},{"damage":13,"enemies":"Lagavulin","floor":14,"turns":3},{"damage":0,"enemies":"Slime Boss","floor":16,"turns":7},{"damage":4,"enemies":"Shell Parasite","floor":18,"turns":4},{"damage":5,"enemies":"Chosen","floor":19,"turns":3},{"damage":10,"enemies":"Snecko","floor":21,"turns":4},{"damage":10,"enemies":"Snake Plant","floor":22,"turns":4},{"damage":17,"enemies":"Centurion and Healer","floor":28,"turns":5},{"damage":21,"enemies":"Slaver and Parasite","floor":31,"turns":4},{"damage":17,"enemies":"Collector","floor":33,"turns":6},{"damage":6,"enemies":"3 Darklings","floor":35,"turns":3},{"damage":4,"enemies":"3 Shapes","floor":37,"turns":4},{"damage":4,"enemies":"3 Darklings","floor":38,"turns":3},{"damage":24,"enemies":"2 Orb Walkers","floor":40,"turns":3},{"damage":44,"enemies":"Spire Growth","floor":42,"turns":4},{"damage":111,"enemies":"Awakened One","floor":50,"turns":7}],"seed_played":"1382371460008863053","potions_obtained":[{"floor":1,"key":"PowerPotion"},{"floor":6,"key":"Energy Potion"},{"floor":13,"key":"Regen Potion"},{"floor":14,"key":"Block Potion"},{"floor":22,"key":"EssenceOfSteel"},{"floor":28,"key":"Regen Potion"},{"floor":31,"key":"Dexterity Potion"},{"floor":42,"key":"SteroidPotion"}],"is_trial":false,"path_per_floor":["M","M","$","?","M","E","M","R","T","R","M","R","M","E","R","B",null,"M","M","$","M","M","R","?","R","T","R","M","$","?","M","R","B",null,"M","?","M","M","?","E","R","M","T","R","?","R","?","$","R"],"character_chosen":"THE_SILENT","items_purchased":["Venomology","Paper Crane","Bouncing Flask","Noxious Fumes","Art of War"],"campfire_rested":3,"item_purchase_floors":[3,20,20,29,48],"current_hp_per_floor":[70,69,69,69,66,61,48,48,48,48,37,37,30,29,65,65,88,84,79,79,69,59,59,59,59,59,59,42,42,42,35,35,33,88,82,82,78,74,74,50,50,15,15,56,45,86,86,86,86,0],"gold":67,"neow_bonus":"BOSS_RELIC","is_prod":false,"is_daily":false,"chose_seed":false,"campfire_upgraded":9,"win_rate":0,"timestamp":1532316966,"path_taken":["M","M","$","?","M","E","M","R","T","R","M","R","M","E","R","BOSS","M","M","$","M","M","R","?","R","T","R","?","$","?","M","R","BOSS","M","?","?","M","?","E","R","?","T","R","?","R","?","?","R","BOSS"],"build_version":"2018-07-19v2","purchased_purges":2,"victory":false,"max_hp_per_floor":[70,70,70,70,70,70,70,70,70,70,70,70,70,70,70,70,88,88,88,88,88,88,88,88,88,88,88,88,88,88,88,88,88,88,88,88,88,88,88,88,88,88,88,88,88,88,88,88,88,88],"card_choices":[{"not_picked":["Blur","Slice"],"picked":"Dagger Throw","floor":1},{"not_picked":["Heel Hook","Caltrops"],"picked":"Catalyst","floor":2},{"not_picked":["Dagger Throw","Riddle With Holes"],"picked":"Poisoned Stab","floor":5},{"not_picked":["Deadly Poison","Blade Dance"],"picked":"A Thousand Cuts","floor":6},{"not_picked":["Poisoned Stab","Finisher"],"picked":"Noxious Fumes","floor":7},{"not_picked":["Expertise","Finisher"],"picked":"Deadly Poison","floor":11},{"not_picked":["Poisoned Stab","Prepared"],"picked":"Bouncing Flask","floor":13},{"not_picked":["Prepared","Deflect","Flying Knee"],"picked":"SKIP","floor":14},{"not_picked":["Malaise","Envenom"],"picked":"Corpse Explosion","floor":16},{"not_picked":["Prepared","Well Laid Plans+1"],"picked":"Deadly Poison+1","floor":18},{"not_picked":["Flying Knee","Slice"],"picked":"Bane+1","floor":19},{"not_picked":["Deflect+1","Backflip+1"],"picked":"Poisoned Stab+1","floor":21},{"not_picked":["Bane","Dodge and Roll"],"picked":"Deadly Poison+1","floor":22},{"not_picked":["Infinite Blades","Distraction","Calculated Gamble"],"picked":"SKIP","floor":28},{"not_picked":["Quick Slash","Deflect+1"],"picked":"Bane+1","floor":31},{"not_picked":["After Image","Grand Finale"],"picked":"Venomology","floor":33},{"not_picked":[],"picked":"Well Laid Plans","floor":35},{"not_picked":["Finisher+1"],"picked":"SKIP","floor":37},{"not_picked":["Flying Knee+1"],"picked":"SKIP","floor":38},{"not_picked":[],"picked":"Jack Of All Trades","floor":39},{"not_picked":["Dash+1"],"picked":"SKIP","floor":40},{"not_picked":[],"picked":"Backstab+1","floor":42}],"player_experience":238302,"relics_obtained":[{"floor":6,"key":"Regal Pillow"},{"floor":9,"key":"Snake Skull"},{"floor":14,"key":"Darkstone Periapt"},{"floor":17,"key":"Ancient Tea Set"},{"floor":17,"key":"Smiling Mask"},{"floor":17,"key":"Thread and Needle"},{"floor":26,"key":"Oddly Smooth Stone"},{"floor":40,"key":"Vajra"},{"floor":43,"key":"Bottled Tornado"}],"event_choices":[{"event_name":"Golden Shrine","player_choice":"Pray","floor":4,"damage_taken":0},{"event_name":"Purifier","player_choice":"One Purge","floor":24,"damage_taken":0},{"event_name":"Duplicator","player_choice":"One dupe","floor":30,"damage_taken":0},{"event_name":"Falling","player_choice":"Removed Attack","floor":36,"damage_taken":0},{"event_name":"SensoryStone","player_choice":"Memory 1","floor":39,"damage_taken":0},{"event_name":"Winding Halls","player_choice":"Embrace Madness","floor":45,"damage_taken":0},{"event_name":"Mysterious Sphere","player_choice":"Ignore","floor":47,"damage_taken":0}],"is_beta":false,"boss_relics":[{"not_picked":["Sozu","Philosopher\u0027s Stone"],"picked":"Calling Bell"},{"not_picked":["Orrery","Fusion Hammer"],"picked":"Busted Crown"}],"items_purged_floors":[20,29],"is_endless":false,"potions_floor_spawned":[1,6,13,14,22,28,31,42],"killed_by":"Awakened One","ascension_level":0}