{"gold_per_floor":[117,117,117,135,154,154,183,183,183,200,46,63,63,82,82,181,181,147,28,28,46,65,65,81,81,126,126,136,136],"floor_reached":29,"playtime":2568,"items_purged":["Strike_G"],"score":295,"play_id":"cf58881a-4818-4bb8-9450-79eb54a916e3","local_time":"20180802104122","is_ascension_mode":true,"campfire_choices":[{"floor":6,"key":"REST"},{"floor":13,"key":"REST"},{"floor":15,"key":"REST"},{"floor":23,"key":"REST"},{"floor":25,"key":"REST"},{"floor":27,"key":"REST"}],"neow_cost":"NONE","seed_source_timestamp":664521195911495,"circlet_count":0,"master_deck":["Defend_G","Defend_G","Defend_G","Defend_G","Strike_G","Survivor","Neutralize","Tactician+1","Escape Plan+1","PiercingWail+1","Flying Knee+1","Cloak And Dagger+1","Blur","Poisoned Stab","Dagger Throw","Infinite Blades","Poisoned Stab","Blur","Tools of the Trade","Backflip","Footwork","Dagger Throw","Leg Sweep","Malaise","Crippling Poison","Accuracy","Underhanded Strike","Cloak And Dagger"],"relics":["Astrolabe","Question Card","Blood Vial","Philosopher\u0027s Stone","Snake Skull"],"potions_floor_usage":[16,16,18,22,28,29],"damage_taken":[{"damage":21,"enemies":"Jaw Worm","floor":1,"turns":10},{"damage":2,"enemies":"2 Louse","floor":4,"turns":3},{"damage":0,"enemies":"Small Slimes","floor":5,"turns":6},{"damage":15,"enemies":"3 Sentries","floor":7,"turns":17},{"damage":8,"enemies":"Exordium Wildlife","floor":10,"turns":6},{"damage":5,"enemies":"2 Fungi Beasts","floor":12,"turns":3},{"damage":5,"enemies":"Looter","floor":14,"turns":2},{"damage":7,"enemies":"The Guardian","floor":16,"turns":19},{"damage":6,"enemies":"2 Thieves","floor":18,"turns":5},{"damage":58,"enemies":"3 Byrds","floor":21,"turns":8},{"damage":9,"enemies":"Centurion and Healer","floor":22,"turns":9},{"damage":30,"enemies":"Chosen and Byrds","floor":24,"turns":8},{"damage":0,"enemies":"Snake Plant","floor":28,"turns":8},{"damage":60,"enemies":"Gremlin Leader","floor":29,"turns":8}],"seed_played":"-325783538033584502","potions_obtained":[{"floor":4,"key":"GamblersBrew"},{"floor":5,"key":"Dexterity Potion"},{"floor":14,"key":"Fire Potion"},{"floor":16,"key":"SkillPotion"},{"floor":21,"key":"Regen Potion"},{"floor":28,"key":"Explosive Potion"}],"is_trial":false,"path_per_floor":["M","?","?","M","M","R","E","?","T","M","$","M","R","M","R","B",null,"M","$","?","M","M","R","M","R","T","R","M"],"character_chosen":"THE_SILENT","items_purchased":["Infinite Blades","Footwork","Dagger Throw"],"campfire_rested":6,"item_purchase_floors":[11,19,19],"current_hp_per_floor":[42,42,35,33,33,54,39,25,25,19,19,16,37,34,55,50,65,61,61,61,5,13,34,6,27,27,48,50,0],"gold":136,"neow_bonus":"BOSS_RELIC","is_prod":false,"is_daily":false,"chose_seed":false,"campfire_upgraded":0,"win_rate":0,"timestamp":1533220882,"path_taken":["M","?","?","M","M","R","E","?","T","?","$","M","R","M","R","BOSS","M","$","?","M","M","R","M","R","T","R","M","E"],"build_version":"2018-07-26","purchased_purges":1,"victory":false,"max_hp_per_floor":[70,70,70,70,70,70,70,70,70,70,70,70,70,70,70,70,70,70,70,70,70,70,70,70,70,70,70,70,70],"card_choices":[{"not_picked":["Backflip","Calculated Gamble"],"picked":"Flying Knee","floor":1},{"not_picked":["Masterful Stab","Acrobatics"],"picked":"Cloak And Dagger","floor":4},{"not_picked":["Outmaneuver","Deadly Poison"],"picked":"Blur","floor":5},{"not_picked":["Flying Knee","Expertise"],"picked":"Poisoned Stab","floor":7},{"not_picked":["Underhanded Strike","Prepared","Reflex"],"picked":"Dagger Throw","floor":10},{"not_picked":["Quick Slash","Grand Finale","Outmaneuver"],"picked":"Poisoned Stab","floor":12},{"not_picked":["Outmaneuver","Heel Hook","Dagger Throw"],"picked":"Blur","floor":14},{"not_picked":["Burst","Venomology","Grand Finale"],"picked":"Tools of the Trade","floor":16},{"not_picked":["Acrobatics","Prepared","Flying Knee"],"picked":"Backflip","floor":18},{"not_picked":["Masterful Stab","Poisoned Stab+1","Dagger Throw"],"picked":"Crippling Poison","floor":21},{"not_picked":["Poisoned Stab","Underhanded Strike","Slice+1"],"picked":"Accuracy","floor":22},{"not_picked":["Dagger Throw+1","Slice","Acrobatics+1"],"picked":"Underhanded Strike","floor":24},{"not_picked":["Sucker Punch","Corpse Explosion","Poisoned Stab+1"],"picked":"Cloak And Dagger","floor":28}],"player_experience":1385900,"relics_obtained":[{"floor":7,"key":"Question Card"},{"floor":9,"key":"Blood Vial"},{"floor":26,"key":"Snake Skull"}],"event_choices":[{"event_name":"Liars Game","player_choice":"disagreed","floor":2,"damage_taken":0},{"event_name":"Golden Wing","player_choice":"Card Removal","floor":3,"damage_taken":0},{"event_name":"Shining Light","player_choice":"Entered Light","floor":8,"damage_taken":0},{"event_name":"Match and Keep!","player_choice":"2 cards matched","floor":20,"damage_taken":0}],"is_beta":false,"boss_relics":[{"not_picked":["Eternal Feather","Runic Pyramid"],"picked":"Philosopher\u0027s Stone"}],"items_purged_floors":[11],"is_endless":false,"potions_floor_spawned":[4,5,14,16,21,28],"killed_by":"Gremlin Leader","ascension_level":6}