{"gold_per_floor":[118,118,130,148,124,124,143,143,143,143,158,172,203,215,215,287,287,305,317,317,337,42,42,42],"floor_reached":24,"playtime":1516,"items_purged":["Strike_B"],"score":384,"play_id":"f00774b9-5f31-4df8-a2ae-b948feb79a9e","local_time":"20181224071738","is_ascension_mode":true,"campfire_choices":[{"data":"Zap","floor":6.0,"key":"SMITH"},{"data":"Glacier","floor":8.0,"key":"SMITH"},{"floor":15.0,"key":"REST"},{"floor":23.0,"key":"REST"}],"neow_cost":"NONE","seed_source_timestamp":358382332692944,"circlet_count":0,"master_deck":["AscendersBane","Strike_B","Strike_B","Defend_B","Defend_B","Defend_B","Defend_B","Zap+1","Dualcast","Glacier+1","Compile Driver","Stack","Chaos","Go for the Eyes","Leap","Hologram","Coolheaded","Static Discharge","Ball Lightning","Creative AI","Coolheaded","Steam+1"],"special_seed":0,"relics":["Philosopher\u0027s Stone","Bag of Marbles","Blue Candle","Blood Vial","Sozu","MutagenicStrength","Sling"],"potions_floor_usage":[],"damage_taken":[{"damage":1.0,"enemies":"Small Slimes","floor":1.0,"turns":3.0},{"damage":2.0,"enemies":"Jaw Worm","floor":3.0,"turns":3.0},{"damage":0.0,"enemies":"Cultist","floor":4.0,"turns":5.0},{"damage":5.0,"enemies":"Exordium Thugs","floor":5.0,"turns":6.0},{"damage":0.0,"enemies":"2 Fungi Beasts","floor":7.0,"turns":5.0},{"damage":0.0,"enemies":"Exordium Wildlife","floor":11.0,"turns":4.0},{"damage":0.0,"enemies":"Blue Slaver","floor":12.0,"turns":4.0},{"damage":14.0,"enemies":"Lagavulin","floor":13.0,"turns":10.0},{"damage":11.0,"enemies":"Exordium Thugs","floor":14.0,"turns":4.0},{"damage":10.0,"enemies":"The Guardian","floor":16.0,"turns":12.0},{"damage":21.0,"enemies":"Shell Parasite","floor":18.0,"turns":6.0},{"damage":16.0,"enemies":"Spheric Guardian","floor":19.0,"turns":8.0},{"damage":5.0,"enemies":"Centurion and Healer","floor":21.0,"turns":10.0},{"damage":55,"enemies":"Gremlin Leader","floor":24,"turns":4}],"seed_played":"-8904926413961780258","potions_obtained":[{"floor":1.0,"key":"Weak Potion"},{"floor":3.0,"key":"Explosive Potion"},{"floor":13.0,"key":"Poison Potion"},{"floor":14.0,"key":"AttackPotion"}],"is_trial":false,"path_per_floor":["M","?","M","M","M","R","M","R","T","T","M","M","E","M","R","B",null,"M","M","?","M","$","R","E"],"character_chosen":"DEFECT","items_purchased":["Sling"],"campfire_rested":2,"item_purchase_floors":[22],"current_hp_per_floor":[63,63,61,61,56,56,56,56,56,56,56,56,42,33,54,46,65,46,32,32,29,29,50,0],"gold":42,"neow_bonus":"BOSS_RELIC","is_prod":false,"is_daily":false,"chose_seed":false,"campfire_upgraded":2,"win_rate":0,"timestamp":1545653858,"path_taken":["M","?","M","M","M","R","M","R","T","?","?","M","E","M","R","BOSS","M","M","?","M","$","R","E"],"build_version":"2018-12-20","purchased_purges":1,"victory":false,"max_hp_per_floor":[71,71,71,71,71,71,71,71,71,71,71,71,71,71,71,71,71,71,71,71,71,71,71,71],"card_choices":[{"not_picked":["Reprogram","Barrage"],"picked":"Glacier","floor":1.0},{"not_picked":["Rebound","Gash"],"picked":"Stack","floor":3.0},{"not_picked":["Force Field","Rebound"],"picked":"Chaos","floor":4.0},{"not_picked":["Hologram","Rebound"],"picked":"Go for the Eyes","floor":5.0},{"not_picked":["Sweeping Beam","Ball Lightning"],"picked":"Leap","floor":7.0},{"not_picked":["Gash","Lockon"],"picked":"Hologram","floor":11.0},{"not_picked":["Hologram","Compile Driver"],"picked":"Coolheaded","floor":12.0},{"not_picked":["Gash","Barrage"],"picked":"Static Discharge","floor":13.0},{"not_picked":["Go for the Eyes","Gash"],"picked":"Ball Lightning","floor":14.0},{"not_picked":["Reboot","Biased Cognition"],"picked":"Creative AI","floor":16.0},{"not_picked":["Leap","Turbo+1"],"picked":"Coolheaded","floor":18.0},{"not_picked":["Auto Shields","Reprogram","Aggregate"],"picked":"SKIP","floor":19.0},{"not_picked":["Redo","Melter"],"picked":"Steam+1","floor":21.0}],"player_experience":1945819,"relics_obtained":[{"floor":9.0,"key":"Bag of Marbles"},{"floor":10.0,"key":"Blue Candle"},{"floor":13.0,"key":"Blood Vial"}],"event_choices":[{"damage_healed":0.0,"max_hp_gain":0.0,"max_hp_loss":0.0,"gold_gain":0.0,"cards_transformed":["Strike_B"],"event_name":"Living Wall","player_choice":"Change","floor":2.0,"gold_loss":0.0,"damage_taken":0.0,"cards_obtained":["Compile Driver"]},{"damage_healed":0.0,"max_hp_gain":0.0,"max_hp_loss":0.0,"gold_gain":0.0,"event_name":"Drug Dealer","player_choice":"Inject Mutagens","floor":20.0,"gold_loss":0.0,"damage_taken":0.0,"relics_obtained":["MutagenicStrength"]}],"is_beta":false,"boss_relics":[{"not_picked":["Calling Bell","Runic Dome"],"picked":"Sozu"}],"items_purged_floors":[22],"is_endless":false,"potions_floor_spawned":[1,3,13,14,19,21],"killed_by":"Gremlin Leader","ascension_level":18}