{"gold_per_floor":[116,133,133,133,133,133,143,9,9,28,28,28,44,64,64,163,163,181,197,197,197,209,209,209],"floor_reached":24,"playtime":1115,"items_purged":[],"score":226,"play_id":"bc13a11f-8644-4f5f-8226-12ba2466d308","local_time":"20180625084652","is_ascension_mode":true,"campfire_choices":[{"data":"Predator","floor":6,"key":"SMITH"},{"data":"After Image","floor":15,"key":"SMITH"},{"data":"Adrenaline","floor":23,"key":"SMITH"}],"neow_cost":"NONE","seed_source_timestamp":46799700145550,"circlet_count":0,"master_deck":["Defend_G","Defend_G","Defend_G","Defend_G","Defend_G","Strike_G","Strike_G","Strike_G","Strike_G","Survivor","Neutralize","Terror+1","Predator+1","Deflect","Acrobatics","Cloak And Dagger","Accuracy","PiercingWail","Underhanded Strike","After Image+1","PiercingWail","Adrenaline+1","Quick Slash","Dodge and Roll","Leg Sweep"],"relics":["Sozu","Toolbox","Eternal Feather"],"potions_floor_usage":[],"damage_taken":[{"damage":1,"enemies":"Jaw Worm","floor":1,"turns":5},{"damage":4,"enemies":"Cultist","floor":2,"turns":3},{"damage":0,"enemies":"2 Louse","floor":7,"turns":2},{"damage":0,"enemies":"Exordium Thugs","floor":10,"turns":3},{"damage":4,"enemies":"Exordium Wildlife","floor":13,"turns":2},{"damage":0,"enemies":"2 Fungi Beasts","floor":14,"turns":4},{"damage":2,"enemies":"Slime Boss","floor":16,"turns":7},{"damage":13,"enemies":"2 Thieves","floor":18,"turns":5},{"damage":9,"enemies":"Shell Parasite","floor":19,"turns":5},{"damage":22,"enemies":"Snake Plant","floor":22,"turns":5},{"damage":71,"enemies":"Gremlin Leader","floor":24,"turns":9}],"seed_played":"2773084158628993511","potions_obtained":[],"is_trial":false,"path_per_floor":["M","M","?","?","?","R","M","$","T","M","$","?","M","M","R","B",null,"M","M","?","?","M","R"],"character_chosen":"THE_SILENT","items_purchased":["Cloak And Dagger","Accuracy","PiercingWail"],"campfire_rested":0,"item_purchase_floors":[8,8,8],"current_hp_per_floor":[69,65,65,65,65,65,65,65,65,65,65,65,61,61,61,59,70,57,48,48,70,48,58,0],"gold":209,"neow_bonus":"BOSS_RELIC","is_prod":false,"is_daily":false,"chose_seed":false,"campfire_upgraded":3,"win_rate":0,"timestamp":1529930812,"path_taken":["M","M","?","?","?","R","M","$","T","?","?","?","M","M","R","BOSS","M","?","?","?","?","R","E"],"build_version":"2018-06-21v2","purchased_purges":0,"victory":false,"max_hp_per_floor":[70,70,70,70,70,70,70,70,70,70,70,70,70,70,70,70,70,70,70,70,70,70,70,70],"card_choices":[{"not_picked":["Escape Plan","Outmaneuver"],"picked":"Terror","floor":1},{"not_picked":["Deflect","Poisoned Stab"],"picked":"Predator","floor":2},{"not_picked":["Distraction","Dagger Throw"],"picked":"Acrobatics","floor":7},{"not_picked":["Quick Slash","Bane"],"picked":"Underhanded Strike","floor":10},{"not_picked":["Deflect","Deadly Poison"],"picked":"After Image","floor":13},{"not_picked":["Flying Knee","Catalyst"],"picked":"PiercingWail","floor":14},{"not_picked":["Bullet Time","Phantasmal Killer"],"picked":"Adrenaline","floor":16},{"not_picked":["Slice","Calculated Gamble"],"picked":"Quick Slash","floor":18},{"not_picked":["Heel Hook+1","Malaise"],"picked":"Dodge and Roll","floor":19},{"not_picked":["Deadly Poison","Accuracy"],"picked":"Leg Sweep","floor":22}],"player_experience":730070,"relics_obtained":[{"floor":9,"key":"Toolbox"}],"event_choices":[{"event_name":"Transmorgrifier","player_choice":"Transform","floor":3,"damage_taken":0},{"event_name":"Upgrade Shrine","player_choice":"Upgraded","floor":4,"damage_taken":0},{"event_name":"The Woman in Blue","player_choice":"Bought 0 Potions","floor":5,"damage_taken":0},{"event_name":"The Cleric","player_choice":"Leave","floor":12,"damage_taken":0},{"event_name":"The Lab","player_choice":"Got Potions","floor":20,"damage_taken":0},{"event_name":"The Library","player_choice":"Heal","floor":21,"damage_taken":0}],"boss_relics":[{"not_picked":["Coffee Dripper","Ectoplasm"],"picked":"Eternal Feather"}],"items_purged_floors":[],"is_endless":false,"potions_floor_spawned":[1,7,14],"killed_by":"Gremlin Leader","ascension_level":4}