{"gold_per_floor":[162,162,117,192,192,222,186,213,213,213,56,56,72,90,90,188,188,199,199,218,67,83,109,109,129,177,177,99,99,109,124,124,124],"floor_reached":33,"playtime":1004,"items_purged":[],"score":273,"play_id":"0fb4256b-23dc-4358-9dc0-223cd13512d0","local_time":"20180920165727","is_ascension_mode":false,"campfire_choices":[{"data":"Caltrops","floor":10,"key":"SMITH"},{"data":"Dash","floor":12,"key":"SMITH"},{"data":"Burst","floor":15,"key":"SMITH"},{"data":"Dagger Spray","floor":24,"key":"SMITH"},{"data":"Backstab","floor":29,"key":"SMITH"},{"floor":32,"key":"REST"}],"neow_cost":"NONE","seed_source_timestamp":567801712586553,"circlet_count":0,"master_deck":["Defend_G","Defend_G","Defend_G","Defend_G","Defend_G+1","Strike_G","Strike_G+1","Strike_G","Strike_G","Strike_G","Survivor+1","Neutralize+1","Flying Knee+1","Dagger Throw+1","Slice","Caltrops+1","Dash+1","PiercingWail","Burst+1","Adrenaline","Skewer","Poisoned Stab","Dagger Spray+1","Choke+1","Blade Dance","Adrenaline","Backstab+1","Finisher+1"],"relics":["Tiny House","War Paint","Whetstone","Ninja Scroll","Potion Belt","Lantern","Black Star","MutagenicStrength","Letter Opener","Bottled Tornado","Boot"],"potions_floor_usage":[6,23,33,33,33,33,33],"damage_taken":[{"damage":0,"enemies":"Jaw Worm","floor":1,"turns":4},{"damage":10,"enemies":"3 Sentries","floor":6,"turns":8},{"damage":7,"enemies":"Lagavulin","floor":8,"turns":8},{"damage":0,"enemies":"Cultist","floor":13,"turns":2},{"damage":0,"enemies":"2 Louse","floor":14,"turns":2},{"damage":22,"enemies":"Slime Boss","floor":16,"turns":12},{"damage":3,"enemies":"3 Byrds","floor":18,"turns":5},{"damage":0,"enemies":"2 Thieves","floor":20,"turns":4},{"damage":2,"enemies":"Snecko","floor":22,"turns":4},{"damage":11,"enemies":"Book of Stabbing","floor":23,"turns":5},{"damage":1,"enemies":"Centurion and Healer","floor":25,"turns":6},{"damage":4,"enemies":"Shelled Parasite and Fungi","floor":30,"turns":3},{"damage":0,"enemies":"Snecko","floor":31,"turns":3},{"damage":80,"enemies":"Champ","floor":33,"turns":8}],"seed_played":"7565357378383660646","potions_obtained":[{"floor":0,"key":"SteroidPotion"},{"floor":6,"key":"LiquidBronze"},{"floor":16,"key":"Block Potion"},{"floor":20,"key":"Swift Potion"},{"floor":23,"key":"EssenceOfSteel"}],"is_trial":false,"path_per_floor":["M","?","$","?","T","E","$","E","T","R","$","R","M","M","R","B",null,"M","?","M","$","M","E","R","M","T","?","$","R","M","M","R"],"character_chosen":"THE_SILENT","items_purchased":["Slice","Dash","Lantern","Dagger Spray","SteroidPotion","Explosive Potion","Backstab"],"campfire_rested":1,"item_purchase_floors":[3,7,11,21,21,21,28],"current_hp_per_floor":[75,75,75,64,64,54,54,47,47,47,47,47,47,47,47,25,75,72,72,72,72,70,59,59,58,58,44,44,44,40,40,64,0],"gold":124,"neow_bonus":"BOSS_RELIC","is_prod":false,"is_daily":false,"chose_seed":false,"campfire_upgraded":5,"win_rate":0,"timestamp":1537455447,"path_taken":["M","?","$","?","?","E","?","E","T","R","$","R","?","M","R","BOSS","M","?","M","$","M","E","R","?","T","?","?","R","M","M","R","BOSS"],"build_version":"2018-09-06","purchased_purges":0,"victory":false,"max_hp_per_floor":[75,75,75,75,75,75,75,75,75,75,75,75,75,75,75,75,75,75,75,75,75,75,75,75,75,75,80,80,80,80,80,80,80],"card_choices":[{"not_picked":["Dodge and Roll","Blade Dance"],"picked":"Flying Knee","floor":0},{"not_picked":["Reflex","Backflip"],"picked":"Dagger Throw","floor":1},{"not_picked":["Eviscerate","Tools of the Trade"],"picked":"Caltrops","floor":6},{"not_picked":["Dodge and Roll","Flying Knee","Outmaneuver"],"picked":"SKIP","floor":8},{"not_picked":["Prepared","Acrobatics"],"picked":"PiercingWail","floor":13},{"not_picked":["Burst","Flying Knee","Outmaneuver"],"picked":"SKIP","floor":14},{"not_picked":["Flying Knee","Outmaneuver"],"picked":"Burst","floor":14},{"not_picked":["Bullet Time","Tools of the Trade"],"picked":"Adrenaline","floor":16},{"not_picked":["Backflip","Predator"],"picked":"Skewer","floor":18},{"not_picked":["Deadly Poison","Blade Dance"],"picked":"Poisoned Stab","floor":20},{"not_picked":["Deflect","Prepared+1"],"picked":"Choke+1","floor":22},{"not_picked":["Flechettes","Tactician"],"picked":"Blade Dance","floor":23},{"not_picked":["Blur","Reflex"],"picked":"Adrenaline","floor":25},{"not_picked":["Flying Knee","Underhanded Strike"],"picked":"Finisher+1","floor":30},{"not_picked":["Eviscerate+1","Dodge and Roll","Crippling Poison"],"picked":"SKIP","floor":31}],"player_experience":1458135,"relics_obtained":[{"floor":5,"key":"War Paint"},{"floor":6,"key":"Whetstone"},{"floor":8,"key":"Ninja Scroll"},{"floor":9,"key":"Potion Belt"},{"floor":23,"key":"Letter Opener"},{"floor":23,"key":"Bottled Tornado"},{"floor":26,"key":"Boot"}],"event_choices":[{"event_name":"Accursed Blacksmith","player_choice":"Forge","floor":2,"damage_taken":0},{"event_name":"World of Goop","player_choice":"Gather Gold","floor":4,"damage_taken":0},{"event_name":"Drug Dealer","player_choice":"Inject Mutagens","floor":19,"damage_taken":0},{"event_name":"Forgotten Altar","player_choice":"Shed Blood","floor":27,"damage_taken":0}],"is_beta":false,"boss_relics":[{"not_picked":["Snecko Eye","Runic Pyramid"],"picked":"Black Star"}],"items_purged_floors":[],"is_endless":false,"potions_floor_spawned":[6,16,20,23,25],"killed_by":"Champ","ascension_level":0}