{"gold_per_floor":[119,129,129,25,45,76,87,99,123,123,10,21,32,50,50,124,124,141,94,111,111],"floor_reached":21,"playtime":1186,"items_purged":[],"score":355,"play_id":"03525203-3653-4880-a184-5e7e67bc633a","local_time":"20190103205200","is_ascension_mode":true,"campfire_choices":[{"floor":10.0,"key":"REST"},{"floor":15,"key":"REST"}],"neow_cost":"NONE","seed_source_timestamp":1271488597190550,"circlet_count":0,"master_deck":["AscendersBane","Strike_B","Strike_B","Strike_B","Defend_B","Defend_B","Defend_B","Defend_B","Zap","Dualcast","Sweeping Beam","Coolheaded","Leap","Rip and Tear","Compile Driver","Sunder","Static Discharge","Capacitor","Conserve Battery","Coolheaded","Self Repair","Stack","Self Repair","Consume","Buffer","Conserve Battery","Ball Lightning","Chill"],"special_seed":0,"relics":["FrozenCore","NeowsBlessing","Mango"],"potions_floor_usage":[13,14,16,20],"damage_taken":[{"damage":0.0,"enemies":"Small Slimes","floor":1.0,"turns":1.0},{"damage":0.0,"enemies":"Cultist","floor":2.0,"turns":1.0},{"damage":0.0,"enemies":"2 Louse","floor":5.0,"turns":1.0},{"damage":54.0,"enemies":"Lagavulin","floor":6.0,"turns":8.0},{"damage":11.0,"enemies":"Looter","floor":7.0,"turns":2.0},{"damage":3.0,"enemies":"Blue Slaver","floor":8.0,"turns":2.0},{"damage":13,"enemies":"Exordium Wildlife","floor":12,"turns":5},{"damage":4,"enemies":"Looter","floor":13,"turns":2},{"damage":11,"enemies":"Exordium Thugs","floor":14,"turns":4},{"damage":42,"enemies":"The Guardian","floor":16,"turns":12},{"damage":18,"enemies":"Spheric Guardian","floor":18,"turns":11},{"damage":50,"enemies":"2 Thieves","floor":19,"turns":5},{"damage":16,"enemies":"Snecko","floor":20,"turns":7},{"damage":19,"enemies":"Colosseum Slavers","floor":21,"turns":2}],"seed_played":"-7283403269089405093","potions_obtained":[{"floor":6.0,"key":"Explosive Potion"},{"floor":7.0,"key":"FearPotion"},{"floor":12,"key":"PowerPotion"},{"floor":13,"key":"Explosive Potion"},{"floor":14,"key":"FearPotion"},{"floor":18,"key":"Strength Potion"},{"floor":20,"key":"Fire Potion"}],"is_trial":false,"path_per_floor":["M","M","?","$","M","E","M","M","T","R","$","M","M","M","R","B",null,"M","M","M","?"],"character_chosen":"DEFECT","items_purchased":["Rip and Tear","Compile Driver","Coolheaded","Self Repair"],"campfire_rested":2,"item_purchase_floors":[4,4,11,11],"current_hp_per_floor":[64,64,64,64,64,24,13,10,10,35,35,29,25,21,46,18,68,64,28,19,0],"gold":111,"neow_bonus":"THREE_ENEMY_KILL","is_prod":false,"is_daily":false,"chose_seed":false,"campfire_upgraded":0,"win_rate":0,"timestamp":1546566720,"path_taken":["M","M","?","$","M","E","M","M","T","R","$","M","M","M","R","BOSS","M","M","?","?"],"build_version":"2018-12-20","purchased_purges":0,"victory":false,"max_hp_per_floor":[71,71,71,71,71,85,85,85,85,85,85,85,85,85,85,85,85,85,85,85,85],"card_choices":[{"not_picked":["Barrage","Hologram"],"picked":"Sweeping Beam","floor":1.0},{"not_picked":["Barrage","Recycle"],"picked":"Coolheaded","floor":2.0},{"not_picked":["Hologram","Steam"],"picked":"Sunder","floor":5.0},{"not_picked":["Gash","Sunder"],"picked":"Static Discharge","floor":6.0},{"not_picked":["Compile Driver","Turbo"],"picked":"Capacitor","floor":7.0},{"not_picked":["Reprogram","Loop"],"picked":"Conserve Battery","floor":8.0},{"not_picked":["Chaos","Beam Cell"],"picked":"Stack","floor":12},{"not_picked":["Barrage","Double Energy"],"picked":"Self Repair","floor":13},{"not_picked":["Hello World","Steam"],"picked":"Consume","floor":14},{"not_picked":["Multi-Cast","Amplify"],"picked":"Buffer","floor":16},{"not_picked":["Stack","Skim+1"],"picked":"Conserve Battery","floor":18},{"not_picked":["Go for the Eyes","Chaos"],"picked":"Ball Lightning","floor":19},{"not_picked":["Hologram","Gash"],"picked":"Chill","floor":20}],"player_experience":1991716,"relics_obtained":[{"floor":6.0,"key":"Mango"}],"event_choices":[{"damage_healed":0.0,"max_hp_gain":0.0,"max_hp_loss":0.0,"gold_gain":0.0,"cards_transformed":["Strike_B"],"event_name":"Transmorgrifier","player_choice":"Transformed","floor":3.0,"gold_loss":0.0,"damage_taken":0.0,"cards_obtained":["Leap"]},{"damage_healed":0,"gold_gain":0,"player_choice":"Fight","damage_taken":0,"max_hp_gain":0,"max_hp_loss":0,"event_name":"Colosseum","floor":21,"gold_loss":0}],"is_beta":false,"boss_relics":[{"not_picked":["Ectoplasm","Astrolabe"],"picked":"FrozenCore"}],"items_purged_floors":[],"is_endless":false,"potions_floor_spawned":[6,7,12,13,14,18,20],"killed_by":"Colosseum Slavers","ascension_level":18}