{"gold_per_floor":[116,129,146,159,159,184,195,195],"floor_reached":8,"playtime":341,"items_purged":[],"score":114,"play_id":"5ff38bb3-d3e1-4787-b3c5-a5b9ce6a0297","local_time":"20190101144319","is_ascension_mode":true,"campfire_choices":[],"neow_cost":"NONE","seed_source_timestamp":1077477174462394,"circlet_count":0,"master_deck":["AscendersBane","Strike_B","Strike_B","Strike_B","Strike_B","Defend_B","Defend_B","Defend_B","Defend_B","Zap","Dualcast","Consume","Compile Driver","Conserve Battery","Lockon","Leap","Defragment"],"relics":["Velvet Choker","Blue Candle"],"potions_floor_usage":[6,6],"damage_taken":[{"damage":0,"enemies":"2 Louse","floor":1,"turns":3},{"damage":4,"enemies":"Small Slimes","floor":2,"turns":4},{"damage":9,"enemies":"Jaw Worm","floor":3,"turns":3},{"damage":7,"enemies":"Looter","floor":4,"turns":4},{"damage":32,"enemies":"Gremlin Nob","floor":6,"turns":4},{"damage":11,"enemies":"Large Slime","floor":7,"turns":7},{"damage":20,"enemies":"Lagavulin","floor":8,"turns":3}],"seed_played":"5957734706290749491","potions_obtained":[{"floor":1,"key":"Strength Potion"},{"floor":2,"key":"PowerPotion"}],"is_trial":false,"path_per_floor":["M","M","M","M","?","E","M","E"],"character_chosen":"DEFECT","items_purchased":[],"campfire_rested":0,"item_purchase_floors":[],"current_hp_per_floor":[64,60,51,44,44,12,1,0],"gold":195,"neow_bonus":"BOSS_RELIC","is_prod":false,"is_daily":false,"chose_seed":false,"campfire_upgraded":0,"win_rate":0,"timestamp":1546371799,"path_taken":["M","M","M","M","?","E","M","E"],"build_version":"2018-12-20","purchased_purges":0,"victory":false,"max_hp_per_floor":[71,71,71,71,71,71,71,71],"card_choices":[{"not_picked":["Auto Shields","Reprogram"],"picked":"Consume","floor":1},{"not_picked":["Recycle","Turbo"],"picked":"Compile Driver","floor":2},{"not_picked":["Compile Driver","Stack"],"picked":"Conserve Battery","floor":3},{"not_picked":["Aggregate","Conserve Battery"],"picked":"Lockon","floor":4},{"not_picked":["Streamline","Redo"],"picked":"Leap","floor":6},{"not_picked":["Lockon","Tempest"],"picked":"Defragment","floor":7}],"player_experience":1984472,"relics_obtained":[{"floor":6,"key":"Blue Candle"}],"event_choices":[{"damage_healed":0,"gold_gain":0,"player_choice":"Ignored","damage_taken":0,"max_hp_gain":0,"max_hp_loss":0,"event_name":"Golden Idol","floor":5,"gold_loss":0}],"is_beta":false,"boss_relics":[],"items_purged_floors":[],"is_endless":false,"potions_floor_spawned":[1,2],"killed_by":"Lagavulin","ascension_level":18}