{"gold_per_floor":[112,112,132,146,162,194,214,231,254,254,289,254,271,51,51,126,126,81,81,81,81,47,47,47,47,47,47,47,47,47,47,47,47],"floor_reached":33,"playtime":1298,"items_purged":[],"score":545,"play_id":"7b07064d-e4ae-46bd-833a-6196bbec868b","local_time":"20180802160828","is_ascension_mode":true,"campfire_choices":[{"floor":10,"key":"REST"},{"data":"Neutralize","floor":15,"key":"SMITH"},{"data":"Footwork","floor":23,"key":"SMITH"},{"data":"Noxious Fumes","floor":27,"key":"SMITH"},{"floor":32,"key":"REST"}],"neow_cost":"NONE","seed_source_timestamp":20535875405086,"circlet_count":0,"master_deck":["Defend_G","Defend_G","Defend_G","Defend_G","Defend_G","Strike_G","Strike_G","Strike_G","Strike_G","Survivor","Neutralize+1","AscendersBane","Dagger Spray","Noxious Fumes+1","Skewer","Wraith Form v2","Backstab","Poisoned Stab","Cloak And Dagger","Cloak And Dagger","Adrenaline","Finisher","Glass Knife","PiercingWail","Cloak And Dagger","Leg Sweep","Footwork+1","Cloak And Dagger","Escape Plan+1","PiercingWail+1"],"relics":["Ring of the Snake","Turnip","Art of War","Question Card","Bag of Marbles","Ectoplasm","Centennial Puzzle","Prayer Wheel","Happy Flower","Snake Skull","Calipers"],"potions_floor_usage":[11,28,31,31,33],"damage_taken":[{"damage":0,"enemies":"2 Louse","floor":1,"turns":3},{"damage":0,"enemies":"Small Slimes","floor":3,"turns":5},{"damage":3,"enemies":"Cultist","floor":4,"turns":5},{"damage":15,"enemies":"2 Fungi Beasts","floor":5,"turns":4},{"damage":31,"enemies":"Lagavulin","floor":6,"turns":10},{"damage":8,"enemies":"Blue Slaver","floor":7,"turns":4},{"damage":0,"enemies":"Large Slime","floor":8,"turns":4},{"damage":4,"enemies":"Gremlin Nob","floor":11,"turns":5},{"damage":4,"enemies":"Red Slaver","floor":13,"turns":4},{"damage":24,"enemies":"The Guardian","floor":16,"turns":13},{"damage":8,"enemies":"2 Thieves","floor":18,"turns":4},{"damage":0,"enemies":"Chosen","floor":20,"turns":3},{"damage":7,"enemies":"Centurion and Healer","floor":21,"turns":9},{"damage":5,"enemies":"Book of Stabbing","floor":28,"turns":7},{"damage":0,"enemies":"Snake Plant","floor":29,"turns":3},{"damage":9,"enemies":"Gremlin Leader","floor":31,"turns":7},{"damage":75,"enemies":"Collector","floor":33,"turns":7}],"seed_played":"29555079434679987","potions_obtained":[{"floor":7,"key":"FearPotion"},{"floor":8,"key":"SpeedPotion"},{"floor":11,"key":"Dexterity Potion"},{"floor":28,"key":"SteroidPotion"},{"floor":31,"key":"Poison Potion"}],"is_trial":false,"path_per_floor":["M","?","M","M","M","E","M","M","T","R","E","?","M","$","R","B",null,"M","T","M","M","$","R","?","$","T","R","E","M","?","E","R"],"character_chosen":"THE_SILENT","items_purchased":["Bag of Marbles","Finisher","Footwork"],"campfire_rested":2,"item_purchase_floors":[14,14,22],"current_hp_per_floor":[65,70,70,67,52,21,13,13,13,36,32,51,47,47,47,23,64,56,56,56,49,49,49,49,49,49,49,44,44,44,35,58,0],"gold":47,"neow_bonus":"TEN_PERCENT_HP_BONUS","is_prod":false,"is_daily":false,"chose_seed":false,"campfire_upgraded":3,"win_rate":0,"timestamp":1533218908,"path_taken":["M","?","M","M","?","E","M","M","T","R","E","?","?","?","R","BOSS","M","?","M","M","$","R","?","?","T","R","E","M","?","E","R","BOSS"],"build_version":"2018-07-26","purchased_purges":0,"victory":false,"max_hp_per_floor":[72,77,77,77,77,77,77,77,77,77,77,77,77,77,77,77,77,77,77,77,77,77,77,77,77,77,77,77,77,77,77,77,77],"card_choices":[{"not_picked":["Sucker Punch","Dodge and Roll"],"picked":"Dagger Spray","floor":1},{"not_picked":["Outmaneuver","Underhanded Strike"],"picked":"Noxious Fumes","floor":3},{"not_picked":["Poisoned Stab","Reflex"],"picked":"Skewer","floor":4},{"not_picked":["Deadly Poison","Infinite Blades"],"picked":"Wraith Form v2","floor":5},{"not_picked":["Underhanded Strike","Flying Knee"],"picked":"Backstab","floor":6},{"not_picked":["Quick Slash","Blade Dance"],"picked":"Poisoned Stab","floor":7},{"not_picked":["Bane","Deflect"],"picked":"Cloak And Dagger","floor":8},{"not_picked":["Backflip","Die Die Die"],"picked":"Cloak And Dagger","floor":11},{"not_picked":["Deflect","Slice","Cloak And Dagger"],"picked":"Adrenaline","floor":13},{"not_picked":["Storm of Steel","Corpse Explosion","Tools of the Trade"],"picked":"Glass Knife","floor":16},{"not_picked":["Poisoned Stab","Backflip","Escape Plan"],"picked":"PiercingWail","floor":18},{"not_picked":["Noxious Fumes","Sucker Punch","Quick Slash"],"picked":"Cloak And Dagger","floor":20},{"not_picked":["Bane","Acrobatics","Calculated Gamble"],"picked":"Leg Sweep","floor":21},{"not_picked":["Prepared","Accuracy","Sucker Punch"],"picked":"Cloak And Dagger","floor":28},{"not_picked":["Dagger Throw","Prepared+1","Sucker Punch"],"picked":"Escape Plan+1","floor":29},{"not_picked":["Reflex","Slice","Eviscerate"],"picked":"Blur","floor":29},{"not_picked":["Grand Finale","Dagger Throw","Riddle With Holes"],"picked":"PiercingWail+1","floor":31}],"player_experience":1242208,"relics_obtained":[{"floor":6,"key":"Turnip"},{"floor":9,"key":"Art of War"},{"floor":11,"key":"Question Card"},{"floor":19,"key":"Centennial Puzzle"},{"floor":26,"key":"Prayer Wheel"},{"floor":28,"key":"Happy Flower"},{"floor":31,"key":"Calipers"}],"event_choices":[{"event_name":"Big Fish","player_choice":"Donut","floor":2,"damage_taken":0},{"event_name":"The Cleric","player_choice":"Healed","floor":12,"damage_taken":0},{"event_name":"Wheel of Change","player_choice":"Card Removal","floor":24,"damage_taken":0},{"event_name":"WeMeetAgain","player_choice":"Card","floor":30,"damage_taken":0}],"is_beta":false,"boss_relics":[{"not_picked":["Eternal Feather","Coffee Dripper"],"picked":"Ectoplasm"}],"items_purged_floors":[],"is_endless":false,"potions_floor_spawned":[7,8,11,16,20,28,29,31],"killed_by":"Collector","ascension_level":15}