{"gold_per_floor":[112,112,112,122,20,20,20,20,20,35,35,65,65,65,65,65,65,79,79,4,22,42,85,85,85,85,85],"floor_reached":27,"playtime":705,"items_purged":["Defend_B"],"score":261,"play_id":"7062729d-f5c8-4a7e-8649-46923342469e","local_time":"20190212190246","is_ascension_mode":true,"campfire_choices":[{"data":"Zap","floor":6,"key":"SMITH"},{"data":"Go for the Eyes","floor":8,"key":"SMITH"},{"data":"Dualcast","floor":11,"key":"SMITH"},{"data":"Defend_B","floor":15,"key":"SMITH"},{"floor":25,"key":"REST"}],"neow_cost":"NONE","seed_source_timestamp":21397417563560,"circlet_count":0,"master_deck":["Strike_B","Strike_B","Defend_B","Defend_B","Zap+1","Dualcast+1","Go for the Eyes+1","Rebound","Beam Cell+1","Compile Driver+1","FTL+1","Streamline","Hologram","White Noise","Consume"],"relics":["Cracked Core","NeowsBlessing","Cables","Bottled Lightning","Strawberry","Golden Idol","Mummified Hand","Black Star","Pear","Ornamental Fan","Matryoshka","Whetstone"],"potions_floor_usage":[12,16,23],"damage_taken":[{"damage":0,"enemies":"Small Slimes","floor":1,"turns":1},{"damage":0,"enemies":"Jaw Worm","floor":4,"turns":1},{"damage":0,"enemies":"2 Louse","floor":10,"turns":1},{"damage":9,"enemies":"Gremlin Nob","floor":12,"turns":3},{"damage":25,"enemies":"Hexaghost","floor":16,"turns":8},{"damage":1,"enemies":"Spheric Guardian","floor":18,"turns":3},{"damage":11,"enemies":"Shell Parasite","floor":21,"turns":4},{"damage":19,"enemies":"Cultist and Chosen","floor":22,"turns":5},{"damage":51,"enemies":"Slavers","floor":23,"turns":6},{"damage":32,"enemies":"Centurion and Healer","floor":27,"turns":4}],"seed_played":"-3864664364472885944","potions_obtained":[{"floor":1,"key":"Swift Potion"},{"floor":4,"key":"EssenceOfSteel"},{"floor":18,"key":"Fire Potion"},{"floor":21,"key":"Strength Potion"}],"is_trial":false,"path_per_floor":["M","?","?","M","$","R","$","R","T","M","R","E","?","T","R","B",null,"M","?","?","M","M","E","?","R","T","M"],"character_chosen":"DEFECT","items_purchased":["Beam Cell"],"campfire_rested":1,"item_purchase_floors":[5],"current_hp_per_floor":[75,68,56,56,56,56,56,56,56,56,56,54,54,54,54,29,76,75,85,85,74,55,4,4,29,29,0],"gold":85,"neow_bonus":"THREE_ENEMY_KILL","is_prod":false,"is_daily":false,"chose_seed":false,"campfire_upgraded":4,"win_rate":0,"timestamp":1549994566,"path_taken":["M","?","?","?","$","R","$","R","T","M","R","E","?","?","R","BOSS","M","?","?","M","M","E","?","R","T","M"],"build_version":"2019-01-23","purchased_purges":1,"victory":false,"max_hp_per_floor":[75,75,75,75,75,75,75,75,75,75,75,82,76,76,76,76,76,76,86,86,86,86,86,86,86,86,86],"card_choices":[{"not_picked":["Skim","Hello World"],"picked":"Go for the Eyes","floor":1},{"not_picked":["Stack","Redo"],"picked":"Rebound","floor":4},{"not_picked":["Turbo","Steam"],"picked":"Compile Driver","floor":10},{"not_picked":["Static Discharge","Streamline","Rip and Tear"],"picked":"SKIP","floor":12},{"not_picked":["Scrape+1","Barrage","Ball Lightning"],"picked":"SKIP","floor":18},{"not_picked":["Skim","Streamline"],"picked":"FTL+1","floor":21},{"not_picked":["White Noise","Turbo+1"],"picked":"Streamline","floor":22},{"not_picked":["Leap+1","Hyperbeam"],"picked":"Hologram","floor":23}],"player_experience":68007,"relics_obtained":[{"floor":9,"key":"Bottled Lightning"},{"floor":12,"key":"Strawberry"},{"floor":14,"key":"Mummified Hand"},{"floor":23,"key":"Ornamental Fan"},{"floor":23,"key":"Matryoshka"},{"floor":26,"key":"Whetstone"}],"event_choices":[{"cards_removed":["Strike_B"],"damage_healed":0,"gold_gain":0,"player_choice":"Card Removal","damage_taken":7,"max_hp_gain":0,"max_hp_loss":0,"event_name":"Golden Wing","floor":2,"gold_loss":0},{"damage_healed":0,"gold_gain":0,"player_choice":"Success","damage_taken":12,"relics_obtained":["Cables"],"max_hp_gain":0,"max_hp_loss":0,"event_name":"Scrap Ooze","floor":3,"gold_loss":0},{"damage_healed":0,"gold_gain":0,"player_choice":"Lose Max HP","damage_taken":0,"relics_obtained":["Golden Idol"],"max_hp_gain":0,"max_hp_loss":6,"event_name":"Golden Idol","floor":13,"gold_loss":0},{"damage_healed":0,"gold_gain":0,"player_choice":"Opened","damage_taken":0,"relics_obtained":["Pear"],"max_hp_gain":0,"max_hp_loss":0,"event_name":"The Mausoleum","floor":19,"gold_loss":0,"cards_obtained":["Writhe"]},{"cards_removed":["Writhe"],"damage_healed":0,"gold_gain":0,"player_choice":"Gave Gold","damage_taken":0,"max_hp_gain":0,"max_hp_loss":0,"event_name":"Beggar","floor":20,"gold_loss":75},{"damage_healed":0,"gold_gain":0,"cards_transformed":["Defend_B","Strike_B"],"player_choice":"Became Test Subject","damage_taken":0,"max_hp_gain":0,"max_hp_loss":0,"event_name":"Drug Dealer","floor":24,"gold_loss":0,"cards_obtained":["White Noise","Consume"]}],"is_beta":false,"boss_relics":[{"not_picked":["Cursed Key","Runic Pyramid"],"picked":"Black Star"}],"items_purged_floors":[5],"is_endless":false,"potions_floor_spawned":[1,4,18,21],"killed_by":"Centurion and Healer","ascension_level":3}