{"gold_per_floor":[116,116,133,148,73,73,105,105,105,105,116,141,153,188,188,290,290,306,316,316,330,345,375,387,387,387,402,418,96,106,118,118,218,218,233,508,259,275,20,20,31,31,31,31,44,79,22,39,39,39],"floor_reached":51,"playtime":4536,"items_purged":["Strike_G","Strike_G","Strike_G"],"score":698,"play_id":"2fd94e33-d1e7-4452-9af2-6cd1d9c4b6d7","local_time":"20190202115133","is_ascension_mode":false,"campfire_choices":[{"data":"Noxious Fumes","floor":6,"key":"SMITH"},{"data":"Footwork","floor":8,"key":"SMITH"},{"data":"Sucker Punch","floor":10,"key":"SMITH"},{"floor":15,"key":"REST"},{"data":"After Image","floor":25,"key":"SMITH"},{"data":"Skewer","floor":32,"key":"SMITH"},{"data":"Night Terror","floor":40,"key":"SMITH"},{"data":"Infinite Blades","floor":42,"key":"SMITH"},{"data":"Infinite Blades","floor":44,"key":"SMITH"},{"data":"Skewer","floor":49,"key":"SMITH"}],"neow_cost":"NONE","seed_source_timestamp":2112308303194828,"circlet_count":0,"master_deck":["Defend_G","Defend_G","Defend_G","Defend_G","Defend_G","Strike_G","Strike_G","Survivor","Neutralize+1","Poisoned Stab","Backflip","Footwork+1","Noxious Fumes+1","Sucker Punch+1","Blade Dance","Die Die Die+1","Dash+1","After Image","Deflect","After Image+1","Blur+1","Infinite Blades+1","Well Laid Plans","Caltrops","Skewer+1","Footwork","Infinite Blades+1","Night Terror+1","Regret","Crippling Poison","Skewer+1","Caltrops","Expertise","Predator","Leg Sweep"],"relics":["Ring of the Snake","Torii","Bottled Flame","Anchor","Nunchaku","Coffee Dripper","Whetstone","Letter Opener","Membership Card","Philosopher\u0027s Stone","Paper Crane","Pen Nib","Strawberry","Bag of Marbles","StoneCalendar"],"potions_floor_usage":[12,16,24,33,46,46,50,50,50],"damage_taken":[{"damage":0,"enemies":"Small Slimes","floor":1,"turns":4},{"damage":0,"enemies":"Cultist","floor":3,"turns":4},{"damage":1,"enemies":"2 Louse","floor":4,"turns":3},{"damage":30,"enemies":"Gremlin Nob","floor":7,"turns":5},{"damage":24,"enemies":"Gremlin Gang","floor":11,"turns":6},{"damage":10,"enemies":"3 Sentries","floor":12,"turns":6},{"damage":0,"enemies":"Red Slaver","floor":13,"turns":5},{"damage":22,"enemies":"Gremlin Nob","floor":14,"turns":5},{"damage":1,"enemies":"Hexaghost","floor":16,"turns":11},{"damage":0,"enemies":"Spheric Guardian","floor":18,"turns":5},{"damage":3,"enemies":"3 Byrds","floor":19,"turns":5},{"damage":9,"enemies":"Centurion and Healer","floor":21,"turns":8},{"damage":0,"enemies":"Snake Plant","floor":22,"turns":5},{"damage":10,"enemies":"Book of Stabbing","floor":23,"turns":7},{"damage":1,"enemies":"Snecko","floor":24,"turns":6},{"damage":0,"enemies":"3 Cultists","floor":27,"turns":4},{"damage":0,"enemies":"Centurion and Healer","floor":28,"turns":7},{"damage":0,"enemies":"Cultist and Chosen","floor":30,"turns":5},{"damage":0,"enemies":"Snake Plant","floor":31,"turns":7},{"damage":24,"enemies":"Champ","floor":33,"turns":13},{"damage":2,"enemies":"Orb Walker","floor":35,"turns":5},{"damage":1,"enemies":"3 Shapes","floor":38,"turns":3},{"damage":4,"enemies":"3 Darklings","floor":41,"turns":4},{"damage":10,"enemies":"Sphere and 2 Shapes","floor":45,"turns":6},{"damage":10,"enemies":"Reptomancer","floor":46,"turns":6},{"damage":2,"enemies":"Jaw Worm Horde","floor":48,"turns":5},{"damage":28,"enemies":"Awakened One","floor":50,"turns":13}],"seed_played":"-7355927420407550253","potions_obtained":[{"floor":4,"key":"FairyPotion"},{"floor":7,"key":"Ancient Potion"},{"floor":14,"key":"SkillPotion"},{"floor":22,"key":"Energy Potion"},{"floor":23,"key":"Ancient Potion"},{"floor":27,"key":"SpeedPotion"},{"floor":33,"key":"SpeedPotion"},{"floor":38,"key":"SkillPotion"},{"floor":41,"key":"SteroidPotion"},{"floor":46,"key":"SkillPotion"}],"is_trial":false,"path_per_floor":["M","?","M","M","$","R","E","R","T","R","M","E","M","E","R","B",null,"M","M","?","M","M","E","M","R","T","M","M","$","M","M","R","B",null,"M","?","$","M","$","R","M","R","T","R","M","E","$","M","R","B",null],"character_chosen":"THE_SILENT","items_purchased":["Noxious Fumes","Membership Card","Skewer","Footwork","Paper Crane","Pen Nib","Skewer","Caltrops","Expertise","Strawberry","Poison Potion","EssenceOfSteel","Leg Sweep"],"campfire_rested":1,"item_purchase_floors":[5,29,29,29,37,37,39,39,39,39,39,47,47],"current_hp_per_floor":[77,77,77,76,76,76,46,46,46,46,22,12,12,7,30,29,77,77,74,74,65,65,55,54,54,54,54,54,54,54,54,54,30,77,75,75,75,74,81,81,77,77,77,77,67,57,57,55,55,27],"gold":39,"neow_bonus":"TEN_PERCENT_HP_BONUS","is_prod":false,"is_daily":false,"chose_seed":false,"campfire_upgraded":9,"win_rate":0.0,"timestamp":1549129893,"path_taken":["M","?","M","M","$","R","E","R","T","R","M","E","?","E","R","BOSS","M","M","?","M","M","E","?","R","T","M","M","$","M","M","R","BOSS","M","?","$","M","$","R","?","R","T","R","M","E","?","M","R","BOSS"],"build_version":"2019-01-23","purchased_purges":3,"victory":true,"max_hp_per_floor":[77,77,77,77,77,77,77,77,77,77,77,77,77,77,77,77,77,77,77,77,77,77,77,77,77,77,77,77,77,77,77,77,77,77,77,77,77,77,84,84,84,84,84,84,84,84,84,84,84,84],"card_choices":[{"not_picked":["Slice","Masterful Stab"],"picked":"Poisoned Stab","floor":1},{"not_picked":["PiercingWail","Deflect"],"picked":"Backflip","floor":3},{"not_picked":["Poisoned Stab","Blade Dance"],"picked":"Footwork","floor":4},{"not_picked":["Outmaneuver","Poisoned Stab"],"picked":"Sucker Punch","floor":7},{"not_picked":["Quick Slash","Sucker Punch"],"picked":"Blade Dance","floor":11},{"not_picked":["Quick Slash","Underhanded Strike"],"picked":"Die Die Die","floor":12},{"not_picked":["Outmaneuver","Prepared","Quick Slash"],"picked":"SKIP","floor":13},{"not_picked":["Masterful Stab","Choke"],"picked":"Dash","floor":14},{"not_picked":["Phantasmal Killer","A Thousand Cuts"],"picked":"After Image","floor":16},{"not_picked":["Riddle With Holes+1","Outmaneuver"],"picked":"Deflect","floor":18},{"not_picked":["Finisher","Underhanded Strike+1","Dagger Throw"],"picked":"SKIP","floor":19},{"not_picked":["PiercingWail+1","Slice"],"picked":"Blur+1","floor":21},{"not_picked":["Prepared","Blur"],"picked":"Infinite Blades","floor":22},{"not_picked":["Bullet Time","Choke"],"picked":"Well Laid Plans","floor":23},{"not_picked":["Deadly Poison+1","Sucker Punch"],"picked":"Caltrops","floor":24},{"not_picked":["Acrobatics+1","Prepared","Poisoned Stab"],"picked":"SKIP","floor":27},{"not_picked":["Dagger Throw","Well Laid Plans","Choke"],"picked":"SKIP","floor":28},{"not_picked":["Acrobatics","Expertise","Prepared"],"picked":"SKIP","floor":30},{"not_picked":["Quick Slash","Underhanded Strike"],"picked":"Infinite Blades","floor":31},{"not_picked":["Bullet Time","Venomology"],"picked":"Night Terror","floor":33},{"not_picked":["Dagger Spray","Tactician+1","Calculated Gamble+1"],"picked":"SKIP","floor":35},{"not_picked":["Deflect+1","PiercingWail+1"],"picked":"Crippling Poison","floor":38},{"not_picked":["Prepared","Dagger Spray","Slice+1"],"picked":"SKIP","floor":41},{"not_picked":["Backstab+1","Leg Sweep"],"picked":"Predator","floor":45},{"not_picked":["Outmaneuver","Sucker Punch","Slice"],"picked":"SKIP","floor":46},{"not_picked":["Wraith Form v2","PiercingWail+1","Flying Knee"],"picked":"SKIP","floor":48}],"player_experience":762,"relics_obtained":[{"floor":7,"key":"Torii"},{"floor":9,"key":"Bottled Flame"},{"floor":12,"key":"Anchor"},{"floor":14,"key":"Nunchaku"},{"floor":23,"key":"Whetstone"},{"floor":26,"key":"Letter Opener"},{"floor":43,"key":"Bag of Marbles"},{"floor":46,"key":"StoneCalendar"}],"event_choices":[{"damage_healed":0,"gold_gain":0,"player_choice":"Upgraded","damage_taken":0,"max_hp_gain":0,"max_hp_loss":0,"event_name":"Upgrade Shrine","floor":2,"gold_loss":0,"cards_upgraded":["Neutralize"]},{"damage_healed":0,"gold_gain":0,"player_choice":"Copied","damage_taken":0,"max_hp_gain":0,"max_hp_loss":0,"event_name":"Duplicator","floor":20,"gold_loss":0,"cards_obtained":["After Image"]},{"damage_healed":0,"gold_gain":275,"player_choice":"Desecrate","damage_taken":0,"max_hp_gain":0,"max_hp_loss":0,"event_name":"Golden Shrine","floor":36,"gold_loss":0,"cards_obtained":["Regret"]}],"is_beta":true,"boss_relics":[{"not_picked":["Empty Cage","Snecko Eye"],"picked":"Coffee Dripper"},{"not_picked":["Ring of the Serpent","Fusion Hammer"],"picked":"Philosopher\u0027s Stone"}],"items_purged_floors":[29,37,39],"is_endless":false,"potions_floor_spawned":[4,7,14,22,23,27,33,38,41,46],"ascension_level":0}