{"gold_per_floor":[115,115,115,127,147,147,177,190,215,215,226,7,7,7,7,103,103,114,114,124,143,58,58,76,96,122,122,44,144,159,159,159,259,259,275,178,193,193,209,209,5,5,32,46,46,73,73,86,86,86],"floor_reached":50,"playtime":1987,"items_purged":["Strike_B"],"score":472,"play_id":"6e11ea9d-bc9f-44c6-94ff-1c0190a7fc9b","local_time":"20190207222235","is_ascension_mode":false,"campfire_choices":[{"data":"Doom and Gloom","floor":6.0,"key":"SMITH"},{"data":"Defragment","floor":10.0,"key":"SMITH"},{"data":"Glacier","floor":13.0,"key":"SMITH"},{"data":"Streamline","floor":15.0,"key":"SMITH"},{"data":"Reinforced Body","floor":23.0,"key":"SMITH"},{"data":"Dualcast","floor":27.0,"key":"SMITH"},{"data":"Barrage","floor":32.0,"key":"SMITH"},{"floor":40.0,"key":"REST"},{"floor":45.0,"key":"REST"},{"floor":47,"key":"REST"},{"floor":49,"key":"REST"}],"neow_cost":"NONE","seed_source_timestamp":1339834054858532,"circlet_count":0,"master_deck":["Strike_B","Strike_B","Defend_B","Defend_B","Defend_B","Zap+1","Dualcast+1","Conserve Battery","Doom and Gloom+1","Go for the Eyes","Defragment+1","Streamline+1","Glacier+1","Meteor Strike","Hyperbeam","FTL","Steam+1","Reinforced Body+1","Hologram","FTL","Barrage+1","Machine Learning","Creative AI","Seek","Hologram","Auto Shields+1","Leap+1"],"special_seed":0,"relics":["Cracked Core","NeowsBlessing","Smiling Mask","Centennial Puzzle","Oddly Smooth Stone","Inserter","Ancient Tea Set","Orrery","Potion Belt","Dream Catcher","Blood Vial"],"potions_floor_usage":[48,50],"damage_taken":[{"damage":0.0,"enemies":"Small Slimes","floor":1.0,"turns":1.0},{"damage":0.0,"enemies":"Jaw Worm","floor":4.0,"turns":1.0},{"damage":0.0,"enemies":"Cultist","floor":5.0,"turns":1.0},{"damage":14.0,"enemies":"Lagavulin","floor":7.0,"turns":4.0},{"damage":3.0,"enemies":"Red Slaver","floor":8.0,"turns":3.0},{"damage":5.0,"enemies":"Looter","floor":11.0,"turns":3.0},{"damage":8.0,"enemies":"Slime Boss","floor":16.0,"turns":8.0},{"damage":6.0,"enemies":"3 Byrds","floor":18.0,"turns":4.0},{"damage":4.0,"enemies":"Chosen","floor":20.0,"turns":4.0},{"damage":6.0,"enemies":"3 Cultists","floor":21.0,"turns":3.0},{"damage":1.0,"enemies":"Cultist and Chosen","floor":24.0,"turns":6.0},{"damage":6.0,"enemies":"Snake Plant","floor":25.0,"turns":4.0},{"damage":2.0,"enemies":"Centurion and Healer","floor":30.0,"turns":8.0},{"damage":18.0,"enemies":"Collector","floor":33.0,"turns":10.0},{"damage":2.0,"enemies":"3 Shapes","floor":35.0,"turns":2.0},{"damage":15.0,"enemies":"Orb Walker","floor":37.0,"turns":5.0},{"damage":26.0,"enemies":"Transient","floor":39.0,"turns":5.0},{"damage":31.0,"enemies":"Spire Growth","floor":44.0,"turns":6.0},{"damage":17.0,"enemies":"Reptomancer","floor":46.0,"turns":8.0},{"damage":30,"enemies":"Sphere and 2 Shapes","floor":48,"turns":7},{"damage":48,"enemies":"Awakened One","floor":50,"turns":5}],"seed_played":"5452865667921563342","potions_obtained":[{"floor":1.0,"key":"Poison Potion"},{"floor":4.0,"key":"Poison Potion"},{"floor":7.0,"key":"Fruit Juice"},{"floor":8.0,"key":"SpeedPotion"},{"floor":18.0,"key":"LiquidBronze"},{"floor":21.0,"key":"Regen Potion"},{"floor":30.0,"key":"PowerPotion"},{"floor":33.0,"key":"SteroidPotion"},{"floor":35.0,"key":"SpeedPotion"},{"floor":39.0,"key":"PowerPotion"},{"floor":46,"key":"Explosive Potion"},{"floor":48,"key":"Weak Potion"}],"is_trial":false,"path_per_floor":["M","?","?","M","M","R","E","M","T","R","M","$","R","$","R","B",null,"M","?","M","M","$","R","M","M","T","R","$","?","M","?","R","B",null,"M","$","M","?","M","R","$","?","T","M","R","E","R","M","R","B"],"character_chosen":"DEFECT","items_purchased":["Glacier","Oddly Smooth Stone","Reinforced Body","FTL","PowerPotion","PowerPotion","Potion Belt","SkillPotion"],"campfire_rested":4,"item_purchase_floors":[12,12,22,28,36,36,41,41],"current_hp_per_floor":[75,68,68,68,68,68,54,56,56,56,51,51,51,51,51,43,80,74,74,70,64,64,64,63,57,57,57,57,57,55,55,55,52,80,78,78,63,63,37,59,59,59,59,28,50,33,55,27,49,3],"gold":86,"neow_bonus":"THREE_ENEMY_KILL","is_prod":false,"is_daily":false,"chose_seed":false,"campfire_upgraded":7,"win_rate":0,"timestamp":1549545755,"path_taken":["M","?","?","M","?","R","E","M","T","R","M","?","R","$","R","BOSS","M","?","M","M","$","R","?","M","T","R","?","?","?","?","R","BOSS","M","$","M","?","M","R","$","?","T","?","R","E","R","M","R","BOSS"],"build_version":"2019-01-23","purchased_purges":1,"victory":false,"max_hp_per_floor":[75,75,75,75,75,75,75,80,80,80,80,80,80,80,80,80,80,80,80,80,80,80,80,80,80,80,80,80,80,80,80,80,80,80,80,80,80,76,76,76,76,76,76,76,76,76,76,76,76,76],"card_choices":[{"not_picked":["Force Field","Redo"],"picked":"Conserve Battery","floor":1.0},{"not_picked":["Darkness","Scrape"],"picked":"Doom and Gloom","floor":4.0},{"not_picked":["Gash","Genetic Algorithm"],"picked":"Go for the Eyes","floor":5.0},{"not_picked":["Rebound","Gash","Aggregate"],"picked":"SKIP","floor":7.0},{"not_picked":["Redo","Double Energy"],"picked":"Defragment","floor":8.0},{"not_picked":["Compile Driver","Thunder Strike"],"picked":"Streamline","floor":11.0},{"not_picked":["Buffer","Electrodynamics"],"picked":"Meteor Strike","floor":16.0},{"not_picked":["Genetic Algorithm","Hello World+1","Rebound"],"picked":"SKIP","floor":18.0},{"not_picked":["Leap+1","Turbo"],"picked":"FTL","floor":20.0},{"not_picked":["Coolheaded","Reprogram"],"picked":"Steam+1","floor":21.0},{"not_picked":["Go for the Eyes","Coolheaded","Amplify"],"picked":"SKIP","floor":24.0},{"not_picked":["Stack","Streamline"],"picked":"Hologram","floor":25.0},{"not_picked":["Stack","Coolheaded"],"picked":"Barrage","floor":30.0},{"not_picked":["Multi-Cast","Rainbow"],"picked":"Machine Learning","floor":33.0},{"not_picked":["Ball Lightning","Leap+1"],"picked":"Creative AI","floor":35.0},{"not_picked":["Stack+1","Conserve Battery","Gash+1"],"picked":"SKIP","floor":37.0},{"not_picked":["Compile Driver","Stack+1"],"picked":"Seek","floor":39.0},{"not_picked":["Darkness","Compile Driver"],"picked":"Auto Shields+1","floor":44.0},{"not_picked":["Undo+1","Hologram","Defragment"],"picked":"SKIP","floor":46},{"not_picked":["Barrage+1","Tempest+1"],"picked":"Leap+1","floor":47},{"not_picked":["Reprogram","Fusion","Blizzard+1"],"picked":"SKIP","floor":48}],"player_experience":484743,"relics_obtained":[{"floor":7.0,"key":"Smiling Mask"},{"floor":9.0,"key":"Centennial Puzzle"},{"floor":26.0,"key":"Ancient Tea Set"},{"floor":43.0,"key":"Dream Catcher"},{"floor":46,"key":"Blood Vial"}],"event_choices":[{"cards_removed":["Defend_B"],"damage_healed":0.0,"max_hp_gain":0.0,"max_hp_loss":0.0,"gold_gain":0.0,"event_name":"Golden Wing","player_choice":"Card Removal","floor":2.0,"gold_loss":0.0,"damage_taken":7.0},{"damage_healed":0.0,"max_hp_gain":0.0,"max_hp_loss":0.0,"gold_gain":0.0,"event_name":"Upgrade Shrine","player_choice":"Upgraded","floor":3.0,"gold_loss":0.0,"damage_taken":0.0,"cards_upgraded":["Zap"]},{"damage_healed":0.0,"max_hp_gain":0.0,"max_hp_loss":0.0,"gold_gain":0.0,"cards_transformed":["Strike_B"],"event_name":"Transmorgrifier","player_choice":"Transformed","floor":19.0,"gold_loss":0.0,"damage_taken":0.0,"cards_obtained":["Hyperbeam"]},{"damage_healed":0.0,"max_hp_gain":0.0,"max_hp_loss":0.0,"gold_gain":100.0,"event_name":"Golden Shrine","player_choice":"Pray","floor":29.0,"gold_loss":0.0,"damage_taken":0.0},{"damage_healed":0.0,"max_hp_gain":0.0,"max_hp_loss":0.0,"gold_gain":0.0,"event_name":"Ghosts","player_choice":"Ignored","floor":31.0,"gold_loss":0.0,"damage_taken":0.0},{"damage_healed":0.0,"max_hp_gain":0.0,"max_hp_loss":4.0,"gold_gain":0.0,"event_name":"Winding Halls","player_choice":"Max HP","floor":38.0,"gold_loss":0.0,"damage_taken":0.0},{"damage_healed":0.0,"max_hp_gain":0.0,"max_hp_loss":0.0,"gold_gain":0.0,"event_name":"Duplicator","player_choice":"Copied","floor":42.0,"gold_loss":0.0,"damage_taken":0.0,"cards_obtained":["Hologram"]}],"is_beta":false,"boss_relics":[{"not_picked":["FrozenCore","Runic Dome"],"picked":"Inserter"},{"not_picked":["White Beast Statue","Black Star"],"picked":"Orrery"}],"items_purged_floors":[22],"is_endless":false,"potions_floor_spawned":[1,4,7,8,18,21,30,33,35,39,46,48],"killed_by":"Awakened One","ascension_level":0}