{"gold_per_floor":[116,136,146,93,93,93,126,51,51,63,63,79,111,130,130,227,277,292,302,217,142,157,157,189,120,120,46,57,57,73,83,83,181,181,198,198,216,226,26,53,153,163,233,233,252,266,296,306,306,306,306,306,43,70,70],"floor_reached":55,"playtime":4081,"items_purged":["Pain"],"score":768,"play_id":"af20e55d-ba81-41c6-bb57-c4b22183b99c","local_time":"20181125204707","is_ascension_mode":false,"campfire_choices":[{"floor":6.0,"key":"RECALL"},{"floor":11.0,"key":"REST"},{"floor":15.0,"key":"REST"},{"data":"Buffer","floor":23.0,"key":"SMITH"},{"data":"Glacier","floor":29.0,"key":"SMITH"},{"floor":32.0,"key":"REST"},{"data":"Echo Form","floor":44.0,"key":"SMITH"},{"data":"Seek","floor":49.0,"key":"SMITH"},{"data":"Hologram","floor":52.0,"key":"SMITH"}],"neow_cost":"NONE","seed_source_timestamp":676919194006294,"circlet_count":0,"master_deck":["Zap","Dualcast","Sunder","Sweeping Beam","Compile Driver","Ball Lightning","Ball Lightning","Reinforced Body","Turbo","Stack","Conserve Battery+1","Cold Snap","Cold Snap","Conserve Battery","Genetic Algorithm","Glacier+1","Redo","Hologram+1","Buffer+1","Beam Cell","Loop+1","Beam Cell+1","Hologram","Self Repair","Machine Learning","Go for the Eyes+1","Streamline","Echo Form+1","FTL+1","Leap+1","Coolheaded","Skim+1","Consume","Gash+1","Seek+1","Mind Blast","Coolheaded","Go for the Eyes+1"],"special_seed":0,"relics":["Pandora\u0027s Box","WarpedTongs","Mercury Hourglass","Pantograph","Tiny House","Bronze Scales","Shuriken","Meat on the Bone","Inserter","Strawberry","Boot","Bird Faced Urn","Frozen Egg 2","Anchor","Pen Nib"],"potions_floor_usage":[],"damage_taken":[{"damage":7.0,"enemies":"Small Slimes","floor":1.0,"turns":2.0},{"damage":0.0,"enemies":"Cultist","floor":2.0,"turns":2.0},{"damage":0.0,"enemies":"Jaw Worm","floor":3.0,"turns":3.0},{"damage":16.0,"enemies":"Gremlin Nob","floor":7.0,"turns":3.0},{"damage":7.0,"enemies":"Exordium Wildlife","floor":10.0,"turns":2.0},{"damage":3.0,"enemies":"Looter","floor":12.0,"turns":2.0},{"damage":10.0,"enemies":"Lagavulin","floor":13.0,"turns":6.0},{"damage":16.0,"enemies":"Large Slime","floor":14.0,"turns":4.0},{"damage":25.0,"enemies":"Hexaghost","floor":16.0,"turns":8.0},{"damage":0.0,"enemies":"Chosen","floor":18.0,"turns":6.0},{"damage":3.0,"enemies":"Shell Parasite","floor":19.0,"turns":6.0},{"damage":0.0,"enemies":"3 Cultists","floor":22.0,"turns":5.0},{"damage":27.0,"enemies":"Slavers","floor":24.0,"turns":5.0},{"damage":10.0,"enemies":"Snake Plant","floor":28.0,"turns":4.0},{"damage":6.0,"enemies":"Centurion and Healer","floor":30.0,"turns":7.0},{"damage":3.0,"enemies":"3 Cultists","floor":31.0,"turns":5.0},{"damage":9.0,"enemies":"Automaton","floor":33.0,"turns":10.0},{"damage":35.0,"enemies":"3 Darklings","floor":35.0,"turns":5.0},{"damage":0.0,"enemies":"3 Shapes","floor":37.0,"turns":3.0},{"damage":31.0,"enemies":"Spire Growth","floor":38.0,"turns":6.0},{"damage":23.0,"enemies":"Reptomancer","floor":40.0,"turns":8.0},{"damage":16.0,"enemies":"Mind Bloom Boss Battle","floor":41.0,"turns":10.0},{"damage":1.0,"enemies":"Jaw Worm Horde","floor":42.0,"turns":6.0},{"damage":31.0,"enemies":"Sphere and 2 Shapes","floor":45.0,"turns":6.0},{"damage":2.0,"enemies":"3 Darklings","floor":46.0,"turns":4.0},{"damage":51.0,"enemies":"Nemesis","floor":47.0,"turns":7.0},{"damage":20.0,"enemies":"Maw","floor":48.0,"turns":9.0},{"damage":36.0,"enemies":"Donu and Deca","floor":50.0,"turns":11.0},{"damage":77.0,"enemies":"Shield and Spear","floor":54.0,"turns":11.0},{"damage":71,"enemies":"The Heart","floor":55,"turns":3}],"seed_played":"8813324512941753273","potions_obtained":[{"floor":3.0,"key":"FairyPotion"},{"floor":7.0,"key":"FearPotion"},{"floor":14.0,"key":"EntropicBrew"},{"floor":16.0,"key":"Regen Potion"},{"floor":17.0,"key":"SmokeBomb"},{"floor":28.0,"key":"Block Potion"},{"floor":31.0,"key":"Regen Potion"},{"floor":35.0,"key":"PowerPotion"},{"floor":40.0,"key":"LiquidBronze"},{"floor":45.0,"key":"EntropicBrew"},{"floor":46.0,"key":"Regen Potion"},{"floor":54.0,"key":"LiquidBronze"}],"is_trial":false,"path_per_floor":["M","M","M","$","?","R","E","$","T","M","R","M","E","M","R","B",null,"M","M","?","?","M","R","E","$","T","$","M","R","M","M","R","B",null,"M","?","M","M","$","E","?","M","T","R","M","M","E","M","R","B",null,"R","$","E","B"],"character_chosen":"DEFECT","items_purchased":["Cold Snap","Self Repair","Machine Learning","Coolheaded","Strawberry","LiquidBronze","Mind Blast","Coolheaded","Weak Potion"],"campfire_rested":3,"item_purchase_floors":[4,25,27,39,39,53,53,53,53],"current_hp_per_floor":[68,68,68,68,68,68,52,52,52,45,67,64,54,38,60,59,80,80,77,77,77,77,77,50,50,50,50,61,61,62,66,80,78,80,61,61,68,56,63,59,82,87,87,87,60,74,76,75,75,70,87,87,87,26,0],"gold":70,"neow_bonus":"BOSS_RELIC","is_prod":false,"is_daily":false,"chose_seed":false,"campfire_upgraded":5,"win_rate":0,"timestamp":1543196827,"path_taken":["M","M","M","$","?","R","E","$","T","M","R","?","E","M","R","BOSS","M","M","?","?","M","R","E","$","T","?","M","R","?","M","R","BOSS","M","?","M","M","$","E","?","M","T","R","M","M","E","?","R","BOSS","R","$","E","BOSS"],"build_version":"2018-11-15","purchased_purges":1,"victory":false,"max_hp_per_floor":[75,75,75,75,75,75,75,75,75,75,75,75,75,75,75,75,80,80,80,80,80,80,80,80,80,80,80,80,80,80,80,80,80,80,80,80,80,80,87,87,87,87,87,87,87,87,87,87,87,87,87,87,87,87,87],"card_choices":[{"not_picked":["Skim","Loop"],"picked":"Conserve Battery","floor":1.0},{"not_picked":["Blizzard","Force Field"],"picked":"Recycle","floor":2.0},{"not_picked":["Steam","Doom and Gloom"],"picked":"Cold Snap","floor":3.0},{"not_picked":["Beam Cell","Rainbow"],"picked":"Conserve Battery","floor":7.0},{"not_picked":["BootSequence","Go for the Eyes"],"picked":"Genetic Algorithm","floor":10.0},{"not_picked":["Hologram","Redo"],"picked":"Glacier","floor":12.0},{"not_picked":["Hello World","Turbo"],"picked":"Redo","floor":13.0},{"not_picked":["Turbo","Rebound"],"picked":"Hologram","floor":14.0},{"not_picked":["Reboot","Core Surge"],"picked":"Buffer","floor":16.0},{"not_picked":["Redo","Rebound"],"picked":"Beam Cell","floor":17.0},{"not_picked":["Static Discharge","Rebound"],"picked":"Loop+1","floor":18.0},{"not_picked":["Ball Lightning","Conserve Battery+1"],"picked":"Beam Cell+1","floor":19.0},{"not_picked":["Scrape","Rebound"],"picked":"Hologram","floor":22.0},{"not_picked":["Hologram","Cold Snap","Amplify"],"picked":"SKIP","floor":24.0},{"not_picked":["Hologram","Beam Cell+1"],"picked":"Go for the Eyes+1","floor":28.0},{"not_picked":["Redo","Double Energy","Steam"],"picked":"SKIP","floor":30.0},{"not_picked":["Compile Driver+1","Redo"],"picked":"Streamline","floor":31.0},{"not_picked":["Biased Cognition","Buffer"],"picked":"Echo Form","floor":33.0},{"not_picked":["Tempest","Loop"],"picked":"FTL+1","floor":35.0},{"not_picked":["Stack+1","Cold Snap","Hologram"],"picked":"SKIP","floor":37.0},{"not_picked":["Force Field","Hologram"],"picked":"Leap+1","floor":38.0},{"not_picked":["Go for the Eyes+1","Hello World+1"],"picked":"Skim+1","floor":40.0},{"not_picked":["Steam+1","Barrage+1"],"picked":"Consume","floor":41.0},{"not_picked":["Cold Snap+1","Hologram+1","Darkness+1"],"picked":"SKIP","floor":42.0},{"not_picked":["Hello World+1","Redo","Go for the Eyes"],"picked":"SKIP","floor":45.0},{"not_picked":["Hologram","Conserve Battery","Rip and Tear+1"],"picked":"SKIP","floor":46.0},{"not_picked":["Auto Shields","Sweeping Beam"],"picked":"Gash+1","floor":47.0},{"not_picked":["Rebound","Loop+1"],"picked":"Seek","floor":48.0},{"not_picked":["Cold Snap+1","Beam Cell+1"],"picked":"Go for the Eyes+1","floor":54.0}],"player_experience":1747378,"relics_obtained":[{"floor":7.0,"key":"Mercury Hourglass"},{"floor":13.0,"key":"Pantograph"},{"floor":24.0,"key":"Shuriken"},{"floor":26.0,"key":"Meat on the Bone"},{"floor":40.0,"key":"Boot"},{"floor":41.0,"key":"Bird Faced Urn"},{"floor":43.0,"key":"Frozen Egg 2"},{"floor":47.0,"key":"Anchor"},{"floor":54.0,"key":"Pen Nib"}],"event_choices":[{"damage_healed":0.0,"max_hp_gain":0.0,"max_hp_loss":0.0,"gold_gain":0.0,"event_name":"Accursed Blacksmith","player_choice":"Rummage","floor":5.0,"gold_loss":0.0,"damage_taken":0.0,"relics_obtained":["WarpedTongs"],"cards_obtained":["Pain"]},{"damage_healed":0.0,"max_hp_gain":0.0,"max_hp_loss":0.0,"gold_gain":0.0,"event_name":"Addict","player_choice":"Obtained Relic","floor":20.0,"gold_loss":85.0,"damage_taken":0.0,"relics_obtained":["Bronze Scales"]},{"cards_removed":["Recycle"],"damage_healed":0.0,"max_hp_gain":0.0,"max_hp_loss":0.0,"gold_gain":0.0,"event_name":"Beggar","player_choice":"Gave Gold","floor":21.0,"gold_loss":75.0,"damage_taken":0.0},{"damage_healed":0.0,"max_hp_gain":0.0,"max_hp_loss":0.0,"gold_gain":0.0,"event_name":"Tomb of Lord Red Mask","player_choice":"Ignored","floor":36.0,"gold_loss":0.0,"damage_taken":0.0},{"damage_healed":0.0,"max_hp_gain":0.0,"max_hp_loss":0.0,"gold_gain":0.0,"event_name":"MindBloom","player_choice":"Fight","floor":41.0,"gold_loss":0.0,"damage_taken":0.0}],"is_beta":false,"boss_relics":[{"not_picked":["Calling Bell","Velvet Choker"],"picked":"Tiny House"},{"not_picked":["Snecko Eye","Astrolabe"],"picked":"Inserter"}],"items_purged_floors":[8],"is_endless":false,"potions_floor_spawned":[3,7,14,16,24,28,31,35,40,45,46,54],"killed_by":"The Heart","ascension_level":0}