{"path_per_floor":["M","?","M","$","M","R","E","R","T","E","$","?","M","E","R","B",null,"M","?","$","M","?","R","E","R","T","R","?","R","?","M","R","B",null,"M","$","?","?","M","R","?","R","T","E","?","?","R","E","R"],"character_chosen":"IRONCLAD","items_purchased":["Flex","Inflame","Rampage","Prayer Wheel","Energy Potion","Carnage","PowerPotion"],"gold_per_floor":[112,92,107,83,99,99,128,128,128,154,35,35,53,86,86,187,187,201,236,34,54,54,54,81,81,107,107,107,107,22,22,22,118,118,133,33,255,303,303,303,303,303,303,333,333,333,333,365,365,365],"floor_reached":50,"campfire_rested":5,"playtime":1972,"current_hp_per_floor":[80,80,80,80,80,80,75,75,75,65,65,72,70,66,90,21,90,90,78,78,76,58,86,81,95,95,95,95,95,95,95,95,48,95,83,83,83,58,63,91,86,86,86,68,68,92,92,52,80,0],"items_purged":[],"gold":365,"score":656,"play_id":"351111d0-9ea2-4e3d-a48f-111521811473","local_time":"20180512222441","is_prod":false,"is_daily":false,"chose_seed":false,"is_ascension_mode":true,"campfire_upgraded":7,"timestamp":1526153081,"path_taken":["M","?","M","$","M","R","E","R","T","E","$","?","?","E","R","BOSS","M","?","$","M","?","R","E","R","T","R","?","R","?","M","R","BOSS","M","$","?","?","M","R","?","R","T","E","?","?","R","E","R","BOSS"],"build_version":"2018-05-10","seed_source_timestamp":13969427798483,"purchased_purges":1,"victory":false,"master_deck":["Strike_R+1","Strike_R+1","Strike_R+1","Strike_R+1","Strike_R+1","Defend_R+1","Defend_R+1","Defend_R+1","Defend_R+1","Bash+1","Anger","Infernal Blade+1","Flex","Anger+1","Clash","Infernal Blade+1","Inflame+1","Rampage+1","Demon Form+1","Rampage","Impervious","Clash+1","Clash+1","Clash","Injury","Impervious","Carnage+1","Shrug It Off+1","Swift Strike","Mind Blast+1","Parasite","Clash+1","Cleave","Writhe","Offering"],"max_hp_per_floor":[80,80,80,80,80,80,80,80,80,80,80,90,90,90,90,90,90,90,90,90,90,95,95,95,95,95,95,95,95,95,95,95,95,95,95,95,95,95,95,95,95,95,95,95,95,95,95,95,95,95],"relics":["Black Blood","Paper Frog","Happy Flower","Calipers","Pear","Vajra","Cursed Key","Red Mask","Prayer Wheel","The Courier","Oddly Smooth Stone","Juzu Bracelet","Red Skull","Toolbox","Blood Vial","Whetstone"],"card_choices":[{"not_picked":["Sword Boomerang","Fire Breathing"],"picked":"Anger","floor":1},{"not_picked":["Cleave","Whirlwind"],"picked":"Infernal Blade","floor":3},{"not_picked":["Sword Boomerang","Sentinel"],"picked":"Anger","floor":5},{"not_picked":["Perfected Strike","Twin Strike"],"picked":"Clash","floor":7},{"not_picked":["Evolve","Bloodletting"],"picked":"Infernal Blade","floor":10},{"not_picked":["Carnage","True Grit"],"picked":"Demon Form","floor":13},{"not_picked":["Sword Boomerang","Warcry"],"picked":"Rampage","floor":14},{"not_picked":["Exhume","Double Tap"],"picked":"Impervious","floor":16},{"not_picked":["Searing Blow","Pummel"],"picked":"Clash","floor":18},{"not_picked":["Second Wind","Perfected Strike"],"picked":"Armaments","floor":19},{"not_picked":["Iron Wave","True Grit"],"picked":"Clash","floor":21},{"not_picked":["Wild Strike","Sword Boomerang"],"picked":"Clash","floor":24},{"not_picked":["Barricade","Brutality"],"picked":"Impervious","floor":33},{"not_picked":["Headbutt","Entrench"],"picked":"Shrug It Off","floor":38},{"not_picked":["Master of Strategy","Transmutation"],"picked":"Swift Strike","floor":41},{"not_picked":["Secret Weapon","Thinking Ahead"],"picked":"Mind Blast","floor":41},{"not_picked":["Infernal Blade","Intimidate"],"picked":"Clash","floor":43},{"not_picked":["Iron Wave","Twin Strike"],"picked":"Cleave","floor":44},{"not_picked":["True Grit","Power Through"],"picked":"Offering","floor":48}],"player_experience":239358,"potions_floor_usage":[1,5,7,7,7,7,10,16,21,31,39,39,48,48],"damage_taken":[{"damage":0,"enemies":"2 Louse","floor":1,"turns":1},{"damage":1,"enemies":"Cultist","floor":3,"turns":3},{"damage":0,"enemies":"Jaw Worm","floor":5,"turns":1},{"damage":11,"enemies":"Gremlin Nob","floor":7,"turns":5},{"damage":16,"enemies":"Lagavulin","floor":10,"turns":4},{"damage":8,"enemies":"3 Louse","floor":13,"turns":3},{"damage":10,"enemies":"Gremlin Nob","floor":14,"turns":3},{"damage":75,"enemies":"The Guardian","floor":16,"turns":8},{"damage":6,"enemies":"2 Thieves","floor":18,"turns":3},{"damage":18,"enemies":"Masked Bandits","floor":19,"turns":4},{"damage":8,"enemies":"Chosen","floor":21,"turns":5},{"damage":11,"enemies":"Book of Stabbing","floor":24,"turns":3},{"damage":0,"enemies":"Snake Plant","floor":31,"turns":1},{"damage":53,"enemies":"Collector","floor":33,"turns":8},{"damage":22,"enemies":"3 Shapes","floor":35,"turns":4},{"damage":35,"enemies":"Mysterious Sphere","floor":38,"turns":5},{"damage":5,"enemies":"3 Darklings","floor":39,"turns":2},{"damage":28,"enemies":"Nemesis","floor":44,"turns":5},{"damage":52,"enemies":"2 Orb Walkers","floor":48,"turns":5},{"damage":110,"enemies":"Donu and Deca","floor":50,"turns":7}],"event_choices":[{"event_name":"The Woman in Blue","player_choice":"Bought 1 Potion","floor":2,"damage_taken":0},{"event_name":"Scrap Ooze","player_choice":"success","floor":12,"damage_taken":3},{"event_name":"Masked Bandits","player_choice":"Fought over 201 gold","floor":19,"damage_taken":0},{"event_name":"Forgotten Altar","player_choice":"Shed Blood","floor":22,"damage_taken":0},{"event_name":"Back to Basics","player_choice":"Simplicity","floor":28,"damage_taken":0},{"event_name":"Addict","player_choice":"Obtained Relic","floor":30,"damage_taken":0},{"event_name":"Tomb of Lord Red Mask","player_choice":"Wore Mask","floor":37,"damage_taken":0},{"event_name":"Mysterious Sphere","player_choice":"Fight","floor":38,"damage_taken":0},{"event_name":"SensoryStone","player_choice":"Memory 2","floor":41,"damage_taken":0},{"event_name":"Winding Halls","player_choice":"Writhe","floor":46,"damage_taken":0}],"boss_relics":[{"not_picked":["Runic Pyramid","Sozu"],"picked":"Cursed Key"},{"not_picked":["Runic Cube","Tiny House"],"picked":"Black Blood"}],"potions_floor_spawned":[3,5,7,14,19,33,39,44],"seed_played":"-4114600464546639720","killed_by":"Donu and Deca","ascension_level":2,"is_trial":false}