{"path_per_floor":["M","?","M","M","$","R","M","R","T","M","?","M","?","E","R","B",null,"M","M"],"character_chosen":"IRONCLAD","items_purchased":[],"gold_per_floor":[14,14,30,40,40,40,60,60,87,97,97,113,133,160,160,258,258,274,284,284],"floor_reached":20,"campfire_rested":2,"playtime":1005,"item_purchase_floors":[],"current_hp_per_floor":[75,67,67,66,66,66,64,80,80,66,80,80,69,35,59,11,80,54,50,0],"items_purged":[],"gold":284,"score":202,"play_id":"16878cb2-9335-45b4-b921-7e81d282ece8","local_time":"20180612220921","is_prod":false,"is_daily":false,"chose_seed":false,"is_ascension_mode":true,"campfire_upgraded":1,"win_rate":0,"timestamp":1528855761,"campfire_choices":[{"data":"Bash","floor":6,"key":"SMITH"},{"floor":8,"key":"REST"},{"floor":15,"key":"REST"}],"path_taken":["M","?","?","M","$","R","M","R","T","M","?","M","?","E","R","BOSS","M","?","?"],"build_version":"2018-06-07v3","seed_source_timestamp":529079076543150,"purchased_purges":0,"victory":false,"master_deck":["Strike_R","Strike_R","Strike_R","Strike_R","Strike_R","Defend_R","Defend_R","Defend_R","Defend_R","Bash+1","Anger","Heavy Blade","Cleave","Armaments","Armaments","Shrug It Off","Juggernaut","Armaments+1","Body Slam"],"max_hp_per_floor":[80,80,80,80,80,80,80,80,80,80,80,80,80,80,80,80,80,80,80,80],"relics":["Burning Blood","Ice Cream","Art of War","Odd Mushroom","Ancient Tea Set","Cursed Key"],"card_choices":[{"not_picked":["Wild Strike","Disarm"],"picked":"Anger","floor":1},{"not_picked":["Thunderclap","Bloodletting"],"picked":"Heavy Blade","floor":3},{"not_picked":["Iron Wave","Rampage"],"picked":"Cleave","floor":4},{"not_picked":["Warcry","Perfected Strike","Hemokinesis"],"picked":"SKIP","floor":7},{"not_picked":["Havoc","Wild Strike"],"picked":"Armaments","floor":10},{"not_picked":["Fiend Fire","True Grit"],"picked":"Armaments","floor":12},{"not_picked":["Havoc","Headbutt"],"picked":"Shrug It Off","floor":13},{"not_picked":["Sentinel","Entrench","Hemokinesis"],"picked":"SKIP","floor":14},{"not_picked":["Offering","Barricade"],"picked":"Juggernaut","floor":16},{"not_picked":["Combust","Rupture"],"picked":"Armaments+1","floor":18},{"not_picked":["Rupture+1","Havoc"],"picked":"Body Slam","floor":19}],"player_experience":515410,"potions_floor_usage":[7,13,18,20,20],"damage_taken":[{"damage":11,"enemies":"Small Slimes","floor":1,"turns":3},{"damage":6,"enemies":"Cultist","floor":3,"turns":3},{"damage":7,"enemies":"2 Louse","floor":4,"turns":2},{"damage":8,"enemies":"Red Slaver","floor":7,"turns":4},{"damage":20,"enemies":"3 Louse","floor":10,"turns":3},{"damage":1,"enemies":"2 Fungi Beasts","floor":12,"turns":3},{"damage":17,"floor":13,"turns":4},{"damage":40,"enemies":"Lagavulin","floor":14,"turns":6},{"damage":54,"enemies":"Slime Boss","floor":16,"turns":12},{"damage":32,"enemies":"Chosen","floor":18,"turns":6},{"damage":10,"enemies":"Spheric Guardian","floor":19,"turns":4},{"damage":76,"floor":20,"turns":5}],"relics_obtained":[{"floor":9,"key":"Art of War"},{"floor":13,"key":"Odd Mushroom"},{"floor":14,"key":"Ancient Tea Set"}],"event_choices":[{"event_name":"Wheel of Change","player_choice":"Damage","floor":2,"damage_taken":0},{"event_name":"Big Fish","player_choice":"Banana","floor":11,"damage_taken":0},{"event_name":"Mushrooms","player_choice":"Fought Mushrooms","floor":13,"damage_taken":0},{"event_name":"Masked Bandits","player_choice":"Fought over 284 gold","floor":20,"damage_taken":0}],"boss_relics":[{"not_picked":["Busted Crown","Tiny House"],"picked":"Cursed Key"}],"items_purged_floors":[],"potions_floor_spawned":[3,10,16,18],"seed_played":"-5034882851884572688","ascension_level":3,"potions_obtained":[{"floor":3,"key":"Ancient Potion"},{"floor":10,"key":"Explosive Potion"},{"floor":16,"key":"EntropicBrew"}],"is_trial":false}