{"gold_per_floor":[127,139,163,140,168,180,192,204,216,215,258,288,300,97,97,196,196,209,223,223,29,45,45,64,12,12,26,76,91,190,200,200,299,299,313,413,426,426,426,426,441,441,468,484,43,43,43,62,62,62],"floor_reached":50,"playtime":2675,"items_purged":["Decay","Writhe"],"score":577,"play_id":"9e9a4462-fbe9-4e3e-a81f-fa2887cacc92","local_time":"20190119005748","is_ascension_mode":true,"campfire_choices":[{"data":"Infernal Blade","floor":6,"key":"SMITH"},{"floor":13,"key":"REST"},{"data":"Clothesline","floor":15,"key":"SMITH"},{"floor":23,"key":"REST"},{"data":"Demon Form","floor":32,"key":"SMITH"},{"data":"Shrug It Off","floor":40,"key":"SMITH"},{"data":"Flex","floor":42,"key":"SMITH"},{"data":"Mind Blast","floor":47,"key":"SMITH"},{"floor":49,"key":"REST"}],"neow_cost":"NONE","seed_source_timestamp":860230473606897,"circlet_count":0,"master_deck":["Strike_R","Strike_R","Strike_R","Strike_R","Strike_R","Defend_R","Defend_R","Defend_R","Defend_R","Twin Strike","Clothesline+1","Infernal Blade+1","Shrug It Off+1","Cleave","Hemokinesis","Inflame","Demon Form+1","Flex+1","Sword Boomerang","Shrug It Off+1","Headbutt+1","Body Slam+1","Injury","Immolate","Reaper","Spot Weakness+1","Rupture+1","Injury","Mind Blast+1","True Grit+1"],"relics":["Burning Blood","MawBank","Dream Catcher","Matryoshka","Smiling Mask","Bag of Preparation","Cursed Key","Oddly Smooth Stone","Gremlin Horn","Kunai","Strawberry","Vajra","Eternal Feather","Prayer Wheel","Centennial Puzzle","Bottled Tornado"],"potions_floor_usage":[11,16,22,24,27,33,41,41,50,50,50],"damage_taken":[{"damage":8,"enemies":"Small Slimes","floor":1,"turns":4},{"damage":7,"enemies":"Jaw Worm","floor":3,"turns":4},{"damage":3,"enemies":"2 Louse","floor":5,"turns":3},{"damage":8,"enemies":"Exordium Thugs","floor":10,"turns":4},{"damage":29,"enemies":"Gremlin Nob","floor":11,"turns":5},{"damage":6,"enemies":"2 Fungi Beasts","floor":12,"turns":3},{"damage":31,"enemies":"The Guardian","floor":16,"turns":18},{"damage":15,"enemies":"Shell Parasite","floor":18,"turns":4},{"damage":9,"enemies":"2 Thieves","floor":19,"turns":4},{"damage":6,"enemies":"Centurion and Healer","floor":22,"turns":5},{"damage":14,"enemies":"Cultist and Chosen","floor":24,"turns":6},{"damage":18,"enemies":"Snake Plant","floor":27,"turns":3},{"damage":1,"enemies":"Centurion and Healer","floor":29,"turns":5},{"damage":13,"enemies":"Snecko","floor":31,"turns":4},{"damage":19,"enemies":"Champ","floor":33,"turns":7},{"damage":14,"enemies":"3 Shapes","floor":35,"turns":5},{"damage":17,"enemies":"Mind Bloom Boss Battle","floor":36,"turns":7},{"damage":13,"enemies":"Orb Walker","floor":37,"turns":3},{"damage":26,"enemies":"Sphere and 2 Shapes","floor":41,"turns":5},{"damage":30,"enemies":"3 Darklings","floor":44,"turns":3},{"damage":34,"enemies":"Spire Growth","floor":48,"turns":4},{"damage":112,"enemies":"Time Eater","floor":50,"turns":9}],"seed_played":"-8464852302392854051","potions_obtained":[{"floor":10,"key":"PowerPotion"},{"floor":12,"key":"EssenceOfSteel"},{"floor":16,"key":"SteroidPotion"},{"floor":19,"key":"EssenceOfSteel"},{"floor":24,"key":"FearPotion"},{"floor":31,"key":"AttackPotion"},{"floor":35,"key":"Strength Potion"},{"floor":37,"key":"AttackPotion"},{"floor":44,"key":"FearPotion"},{"floor":48,"key":"Weak Potion"}],"is_trial":false,"path_per_floor":["M","?","M","?","M","R","?","?","T","M","E","M","R","$","R","B",null,"M","M","?","$","M","R","M","$","T","M","T","M","?","M","R","B",null,"M","?","M","?","?","R","M","R","T","M","$","?","R","M","R","B"],"character_chosen":"IRONCLAD","items_purchased":["Inflame","Bag of Preparation","Oddly Smooth Stone","SkillPotion","Mind Blast","Bottled Tornado","Dexterity Potion"],"campfire_rested":3,"item_purchase_floors":[14,14,21,25,45,45,45],"current_hp_per_floor":[70,70,69,80,80,80,77,77,77,75,52,52,76,76,76,51,73,64,61,61,61,61,80,72,72,72,60,67,72,72,65,65,52,78,70,69,69,69,69,84,64,79,79,55,55,55,70,50,87,0],"gold":62,"neow_bonus":"RANDOM_COMMON_RELIC","is_prod":false,"is_daily":false,"chose_seed":false,"campfire_upgraded":6,"win_rate":0,"timestamp":1547881068,"path_taken":["M","?","M","?","M","R","?","?","T","?","E","M","R","$","R","BOSS","M","M","?","$","M","R","M","$","T","M","?","M","?","M","R","BOSS","M","?","M","?","?","R","M","R","T","?","$","?","R","M","R","BOSS"],"build_version":"2019-01-17","purchased_purges":2,"victory":false,"max_hp_per_floor":[80,80,80,80,80,80,80,80,80,80,80,80,80,80,80,80,80,80,80,80,80,80,80,80,80,80,80,87,87,87,87,87,87,87,87,87,87,87,87,87,87,87,87,87,87,87,87,87,87,87],"card_choices":[{"not_picked":["Cleave","Heavy Blade"],"picked":"Twin Strike","floor":1},{"not_picked":["Cleave","Fire Breathing"],"picked":"Clothesline","floor":3},{"not_picked":["Warcry","Thunderclap"],"picked":"Infernal Blade","floor":5},{"not_picked":["Clash","Entrench"],"picked":"Shrug It Off","floor":10},{"not_picked":["Shrug It Off","True Grit"],"picked":"Cleave","floor":11},{"not_picked":["True Grit","Pummel"],"picked":"Pommel Strike","floor":12},{"not_picked":["Barricade","Body Slam"],"picked":"Hemokinesis","floor":13},{"not_picked":["Immolate","Brutality"],"picked":"Demon Form","floor":16},{"not_picked":["Heavy Blade","Feel No Pain"],"picked":"Flex","floor":18},{"not_picked":["Searing Blow","Headbutt"],"picked":"Sword Boomerang","floor":19},{"not_picked":["Second Wind+1","Pommel Strike+1","Sword Boomerang"],"picked":"SKIP","floor":22},{"not_picked":["Twin Strike","Clash"],"picked":"Shrug It Off+1","floor":23},{"not_picked":["Carnage","Wild Strike"],"picked":"Headbutt+1","floor":24},{"not_picked":["Intimidate","Flex+1"],"picked":"Body Slam+1","floor":27},{"not_picked":["Havoc","Headbutt+1","Iron Wave"],"picked":"SKIP","floor":29},{"not_picked":["Carnage+1","Combust+1"],"picked":"Immolate","floor":31},{"not_picked":["Berserk","Feed"],"picked":"Reaper","floor":33},{"not_picked":["Sever Soul","Inflame"],"picked":"Spot Weakness+1","floor":35},{"not_picked":["True Grit","Sever Soul","Clothesline"],"picked":"SKIP","floor":37},{"not_picked":["Seeing Red+1","Headbutt","Sentinel+1"],"picked":"SKIP","floor":37},{"not_picked":["Clothesline+1","Clash+1"],"picked":"Rupture+1","floor":41},{"not_picked":["Rampage","Feel No Pain+1","Spot Weakness"],"picked":"SKIP","floor":41},{"not_picked":["Anger","Juggernaut","Shrug It Off"],"picked":"SKIP","floor":44},{"not_picked":["Corruption","Perfected Strike+1","Cleave+1"],"picked":"SKIP","floor":44},{"not_picked":["Evolve","Second Wind+1","Blood for Blood"],"picked":"SKIP","floor":48},{"not_picked":["Twin Strike","Sword Boomerang","Clothesline"],"picked":"SKIP","floor":48},{"not_picked":["Barricade","Battle Trance"],"picked":"True Grit+1","floor":49}],"player_experience":611619,"relics_obtained":[{"floor":9,"key":"Matryoshka"},{"floor":11,"key":"Smiling Mask"},{"floor":26,"key":"Gremlin Horn"},{"floor":26,"key":"Kunai"},{"floor":28,"key":"Strawberry"},{"floor":28,"key":"Vajra"},{"floor":36,"key":"Prayer Wheel"},{"floor":43,"key":"Centennial Puzzle"}],"event_choices":[{"damage_healed":0,"gold_gain":0,"player_choice":"Ignored","damage_taken":0,"max_hp_gain":0,"max_hp_loss":0,"event_name":"Liars Game","floor":2,"gold_loss":0},{"damage_healed":20,"gold_gain":0,"player_choice":"Healed","damage_taken":0,"max_hp_gain":0,"max_hp_loss":0,"event_name":"The Cleric","floor":4,"gold_loss":35},{"damage_healed":0,"gold_gain":0,"player_choice":"Success","damage_taken":3,"relics_obtained":["Dream Catcher"],"max_hp_gain":0,"max_hp_loss":0,"event_name":"Scrap Ooze","floor":7,"gold_loss":0},{"cards_removed":["Bash"],"damage_healed":0,"gold_gain":0,"player_choice":"Offered Basic","damage_taken":0,"max_hp_gain":0,"max_hp_loss":0,"event_name":"Bonfire Elementals","floor":8,"gold_loss":0},{"damage_healed":0,"gold_gain":0,"player_choice":"Smashed Altar","damage_taken":0,"max_hp_gain":0,"max_hp_loss":0,"event_name":"Forgotten Altar","floor":20,"gold_loss":0,"cards_obtained":["Decay"]},{"damage_healed":0,"gold_gain":99,"player_choice":"Stole From Cult","damage_taken":0,"max_hp_gain":0,"max_hp_loss":0,"event_name":"Nest","floor":30,"gold_loss":0},{"damage_healed":0,"gold_gain":0,"player_choice":"Fight","damage_taken":0,"max_hp_gain":0,"max_hp_loss":0,"event_name":"MindBloom","floor":36,"gold_loss":0},{"cards_removed":["Pommel Strike"],"damage_healed":0,"gold_gain":0,"player_choice":"Removed Attack","damage_taken":0,"max_hp_gain":0,"max_hp_loss":0,"event_name":"Falling","floor":38,"gold_loss":0},{"damage_healed":0,"gold_gain":0,"player_choice":"Ignored","damage_taken":0,"max_hp_gain":0,"max_hp_loss":0,"event_name":"Mysterious Sphere","floor":39,"gold_loss":0},{"damage_healed":0,"gold_gain":0,"player_choice":"Leave","damage_taken":0,"max_hp_gain":0,"max_hp_loss":0,"event_name":"FaceTrader","floor":46,"gold_loss":0}],"is_beta":true,"boss_relics":[{"not_picked":["Fusion Hammer","Orrery"],"picked":"Cursed Key"},{"not_picked":["White Beast Statue","Runic Pyramid"],"picked":"Eternal Feather"}],"items_purged_floors":[21,45],"is_endless":false,"potions_floor_spawned":[10,12,16,19,24,31,35,37,44,48],"killed_by":"Time Eater","ascension_level":6}