{"path_per_floor":["M","?","?","M","T","R","M","R","T","?","M","M","M","M","R","B",null,"M","?","?","?","M","R","?","R","T","M","M","?","$","M","R"],"character_chosen":"IRONCLAD","items_purchased":["Dark Shackles","Orichalcum"],"gold_per_floor":[119,119,119,131,213,213,224,224,248,248,261,279,290,303,303,398,398,412,337,252,175,194,194,194,194,248,259,271,271,38,50,50,50],"floor_reached":33,"campfire_rested":3,"playtime":1300,"item_purchase_floors":[],"current_hp_per_floor":[76,69,69,69,69,69,63,63,63,51,39,31,20,26,50,19,80,71,71,71,71,62,80,80,80,80,45,42,42,42,25,52,0],"items_purged":[],"gold":50,"score":275,"play_id":"01ea3f2a-a903-4ac5-b42c-8fac72e058f1","local_time":"20180612211242","is_prod":false,"is_daily":false,"chose_seed":false,"is_ascension_mode":true,"campfire_upgraded":3,"win_rate":0,"timestamp":1528852362,"campfire_choices":[{"data":"Inflame","floor":6.0,"key":"SMITH"},{"data":"Bash","floor":8.0,"key":"SMITH"},{"floor":15.0,"key":"REST"},{"floor":23.0,"key":"REST"},{"data":"J.A.X.","floor":25.0,"key":"SMITH"},{"floor":32,"key":"REST"}],"path_taken":["M","?","?","?","?","R","M","R","T","?","M","M","M","M","R","BOSS","M","?","?","?","M","R","?","R","T","M","M","?","$","M","R","BOSS"],"build_version":"2018-06-07v3","seed_source_timestamp":525360665409573,"purchased_purges":0,"victory":false,"master_deck":["Strike_R","Strike_R","Strike_R","Defend_R","Defend_R","Defend_R","Defend_R","Bash+1","Exhume","Thunderclap","Inflame+1","Inflame","Thunderclap+1","Cleave+1","Cleave+1","Cleave+1","Feed+1","Carnage+1","J.A.X.+1","Power Through","Rage","Decay","Dark Shackles","Power Through+1"],"max_hp_per_floor":[80,80,80,80,80,80,80,80,80,80,80,80,80,80,80,80,80,80,80,80,80,80,80,80,80,80,82,86,86,86,90,90,90],"relics":["Burning Blood","Gremlin Horn","Juzu Bracelet","Molten Egg 2","Mark of Pain","Singing Bowl","Potion Belt","Orichalcum"],"card_choices":[{"not_picked":["Warcry","Perfected Strike"],"picked":"Thunderclap","floor":1.0},{"not_picked":["Brutality","Cleave"],"picked":"Inflame","floor":4.0},{"not_picked":["Body Slam","True Grit"],"picked":"Inflame","floor":7.0},{"not_picked":["True Grit","Warcry"],"picked":"Thunderclap+1","floor":11.0},{"not_picked":["Dual Wield","Fire Breathing"],"picked":"Cleave+1","floor":12.0},{"not_picked":["Warcry","Dual Wield"],"picked":"Cleave+1","floor":13.0},{"not_picked":["Havoc","Flex"],"picked":"Cleave+1","floor":14.0},{"not_picked":["Barricade","Demon Form"],"picked":"Feed+1","floor":16.0},{"not_picked":["Thunderclap+1","Rupture"],"picked":"Carnage+1","floor":18.0},{"not_picked":["Iron Wave+1","Body Slam+1"],"picked":"Power Through","floor":22.0},{"not_picked":["Disarm","Wild Strike+1","Fire Breathing"],"picked":"Singing Bowl","floor":27.0},{"not_picked":["Headbutt+1","Armaments"],"picked":"Rage","floor":28.0},{"not_picked":["True Grit","Sword Boomerang+1"],"picked":"Power Through+1","floor":31}],"player_experience":511781,"potions_floor_usage":[31],"damage_taken":[{"damage":10.0,"enemies":"Small Slimes","floor":1.0,"turns":3.0},{"damage":6.0,"enemies":"Cultist","floor":4.0,"turns":3.0},{"damage":12.0,"enemies":"Jaw Worm","floor":7.0,"turns":3.0},{"damage":18.0,"enemies":"Red Slaver","floor":11.0,"turns":3.0},{"damage":14.0,"enemies":"Large Slime","floor":12.0,"turns":5.0},{"damage":17.0,"enemies":"Lots of Slimes","floor":13.0,"turns":2.0},{"damage":0.0,"enemies":"3 Louse","floor":14.0,"turns":1.0},{"damage":37.0,"enemies":"The Guardian","floor":16.0,"turns":12.0},{"damage":15.0,"enemies":"Chosen","floor":18.0,"turns":4.0},{"damage":23.0,"enemies":"2 Thieves","floor":22.0,"turns":3.0},{"damage":43.0,"enemies":"Sentry and Sphere","floor":27.0,"turns":6.0},{"damage":13.0,"enemies":"Snake Plant","floor":28.0,"turns":4.0},{"damage":27,"enemies":"Slaver and Parasite","floor":31,"turns":4},{"damage":62,"enemies":"Collector","floor":33,"turns":8}],"relics_obtained":[{"floor":5.0,"key":"Gremlin Horn"},{"floor":9.0,"key":"Juzu Bracelet"},{"floor":26.0,"key":"Potion Belt"}],"event_choices":[{"event_name":"Golden Wing","player_choice":"Card Removal","floor":2.0,"damage_taken":0.0},{"event_name":"The Woman in Blue","player_choice":"Bought 0 Potions","floor":3.0,"damage_taken":0.0},{"event_name":"Scrap Ooze","player_choice":"success","floor":10.0,"damage_taken":12.0},{"event_name":"Beggar","player_choice":"Gave Gold","floor":19.0,"damage_taken":0.0},{"event_name":"Addict","player_choice":"Obtained Relic","floor":20.0,"damage_taken":0.0},{"event_name":"Drug Dealer","player_choice":"Got JAXXED","floor":21.0,"damage_taken":0.0},{"event_name":"Ghosts","player_choice":"Ignored","floor":24.0,"damage_taken":0.0},{"event_name":"Forgotten Altar","player_choice":"Smashed Altar","floor":29.0,"damage_taken":0.0}],"boss_relics":[{"not_picked":["Runic Pyramid","Astrolabe"],"picked":"Mark of Pain"}],"items_purged_floors":[],"potions_floor_spawned":[11,13,14,18,22],"seed_played":"-5521067268250945686","killed_by":"Collector","ascension_level":3,"potions_obtained":[{"floor":13.0,"key":"Energy Potion"},{"floor":14.0,"key":"EssenceOfSteel"},{"floor":18.0,"key":"BloodPotion"},{"floor":22.0,"key":"Weak Potion"}],"is_trial":false}