{"gold_per_floor":[110,60,79,154,164,164,164,164,164,180,200,210,210,221,221,324,324,336,366,39,59,74,74,87,99,122,122,9,27,38,49,49,49],"floor_reached":33,"playtime":1707,"items_purged":[],"score":319,"play_id":"6c22313d-b2dc-4c26-9a15-8d8d0252e98a","local_time":"20180625154314","is_ascension_mode":true,"campfire_choices":[{"floor":6,"key":"REST"},{"data":"Barrage","floor":8,"key":"SMITH"},{"floor":15,"key":"REST"},{"floor":23,"key":"REST"},{"floor":32,"key":"REST"}],"neow_cost":"NONE","seed_source_timestamp":71187413002912,"circlet_count":0,"master_deck":["Strike_B","Strike_B","Strike_B","Strike_B","Defend_B+1","Defend_B","Defend_B","Zap","Dualcast","Melter","Barrage+1","Coolheaded+1","Beam Cell","FTL","Beam Cell","Electrodynamics","Sunder","Chill+1","Genetic Algorithm","Streamline+1","Cold Snap","Compile Driver","Beam Cell+1","Self Repair","Rebound","Blizzard"],"relics":["Cracked Core","Boot","Incense Burner","Mercury Hourglass","Sozu","Red Mask","Ornamental Fan","War Paint"],"potions_floor_usage":[10,16,16,16,16],"damage_taken":[{"damage":2,"enemies":"Jaw Worm","floor":1,"turns":3},{"damage":15,"enemies":"Small Slimes","floor":3,"turns":3},{"damage":0,"enemies":"2 Louse","floor":5,"turns":2},{"damage":13,"enemies":"Blue Slaver","floor":10,"turns":2},{"damage":18,"enemies":"Large Slime","floor":11,"turns":4},{"damage":20,"enemies":"Exordium Wildlife","floor":12,"turns":3},{"damage":0,"enemies":"Blue Slaver","floor":14,"turns":2},{"damage":27,"enemies":"The Guardian","floor":16,"turns":9},{"damage":26,"enemies":"2 Thieves","floor":18,"turns":3},{"damage":1,"floor":19,"turns":3},{"damage":0,"enemies":"Chosen","floor":21,"turns":3},{"damage":1,"enemies":"Centurion and Healer","floor":22,"turns":5},{"damage":22,"enemies":"Snake Plant","floor":24,"turns":3},{"damage":8,"enemies":"Snecko","floor":25,"turns":4},{"damage":4,"enemies":"Centurion and Healer","floor":29,"turns":4},{"damage":4,"enemies":"3 Cultists","floor":30,"turns":4},{"damage":3,"enemies":"Snecko","floor":31,"turns":3},{"damage":47,"enemies":"Collector","floor":33,"turns":6}],"seed_played":"2801268921227920549","potions_obtained":[{"floor":1,"key":"LiquidBronze"},{"floor":3,"key":"LiquidBronze"},{"floor":12,"key":"EntropicBrew"}],"is_trial":false,"path_per_floor":["M","?","M","?","M","R","?","R","T","M","M","M","T","M","R","B",null,"M","?","$","M","M","R","M","M","T","?","$","M","M","M","R"],"character_chosen":"DEFECT","items_purchased":["Ornamental Fan","Genetic Algorithm","Self Repair","Rebound"],"campfire_rested":4,"item_purchase_floors":[20,20,28,28],"current_hp_per_floor":[66,66,51,40,40,62,62,62,62,49,31,11,11,11,33,6,58,32,31,31,31,30,52,30,22,22,22,22,25,28,25,47,0],"gold":49,"neow_bonus":"RANDOM_COMMON_RELIC","is_prod":false,"is_daily":false,"chose_seed":false,"campfire_upgraded":1,"win_rate":0,"timestamp":1529955794,"path_taken":["M","?","M","?","M","R","?","R","T","M","M","M","?","M","R","BOSS","M","?","$","M","M","R","M","M","T","?","$","M","M","?","R","BOSS"],"build_version":"2018-06-21v2","purchased_purges":0,"victory":false,"max_hp_per_floor":[75,75,75,75,75,75,75,75,75,75,75,75,75,75,75,75,75,75,75,75,75,75,75,75,75,75,75,75,75,75,75,75,75],"card_choices":[{"not_picked":["Streamline","Coolheaded"],"picked":"Melter","floor":1},{"not_picked":["Undo","Ball Lightning"],"picked":"Barrage","floor":3},{"not_picked":["Barrage","Steam"],"picked":"Coolheaded","floor":5},{"not_picked":["Scrape","Tempest"],"picked":"Beam Cell","floor":10},{"not_picked":["Streamline","Turbo"],"picked":"FTL","floor":11},{"not_picked":["Self Repair","Reboot"],"picked":"Beam Cell","floor":12},{"not_picked":["Auto Shields","Turbo","Heatsinks"],"picked":"SKIP","floor":14},{"not_picked":["Multi-Cast","Rainbow"],"picked":"Electrodynamics","floor":16},{"not_picked":["Conserve Battery","Auto Shields"],"picked":"Sunder","floor":18},{"not_picked":["Conserve Battery+1","Aggregate"],"picked":"Chill","floor":19},{"not_picked":["Steam+1","Sunder"],"picked":"Streamline+1","floor":21},{"not_picked":["Coolheaded","Tempest"],"picked":"Cold Snap","floor":22},{"not_picked":["Conserve Battery","Rebound+1"],"picked":"Compile Driver","floor":24},{"not_picked":["Self Repair","Rip and Tear"],"picked":"Beam Cell+1","floor":25},{"not_picked":["Skim+1","Compile Driver"],"picked":"Blizzard","floor":29},{"not_picked":["White Noise","Biased Cognition","Auto Shields"],"picked":"SKIP","floor":30},{"not_picked":["Compile Driver","Turbo","Stack"],"picked":"SKIP","floor":31}],"player_experience":753007,"relics_obtained":[{"floor":9,"key":"Incense Burner"},{"floor":13,"key":"Mercury Hourglass"},{"floor":19,"key":"Red Mask"},{"floor":26,"key":"War Paint"}],"event_choices":[{"event_name":"The Cleric","player_choice":"Card Removal","floor":2,"damage_taken":0},{"event_name":"World of Goop","player_choice":"Gather Gold","floor":4,"damage_taken":0},{"event_name":"Living Wall","player_choice":"Grow","floor":7,"damage_taken":0},{"event_name":"Masked Bandits","player_choice":"Fought over 336 gold","floor":19,"damage_taken":0},{"event_name":"The Woman in Blue","player_choice":"Bought 0 Potions","floor":27,"damage_taken":0}],"boss_relics":[{"not_picked":["Runic Pyramid","Pandora\u0027s Box"],"picked":"Sozu"}],"items_purged_floors":[],"is_endless":false,"potions_floor_spawned":[1,3,12,18,19,25,31],"killed_by":"Collector","ascension_level":6}