{"gold_per_floor":[110,110,122,135,150,150,175,175,200,232,22,35,52,70,70,174,174,184,41,60,159,59,59,84,84,111,111],"floor_reached":27,"playtime":1704,"items_purged":["Strike_G","Strike_G"],"score":365,"play_id":"04727d80-3dec-4dc6-99bb-4ea976be6ef4","local_time":"20180803221719","is_ascension_mode":true,"campfire_choices":[{"floor":6,"key":"REST"},{"floor":8,"key":"REST"},{"floor":15,"key":"REST"},{"floor":23,"key":"REST"}],"neow_cost":"NONE","seed_source_timestamp":793532675372610,"circlet_count":0,"master_deck":["Defend_G","Defend_G+1","Defend_G+1","Defend_G","Defend_G","Strike_G","Strike_G","Strike_G","Survivor","Neutralize","Terror","Noxious Fumes","Cloak And Dagger","Poisoned Stab","Poisoned Stab","All Out Attack","Noxious Fumes","Leg Sweep","Dodge and Roll","Bouncing Flask","Poisoned Stab","Glass Knife","Poisoned Stab","Footwork"],"relics":["White Beast Statue","Regal Pillow","War Paint","Happy Flower","Runic Pyramid","Boot","Paper Crane","Letter Opener","Centennial Puzzle"],"potions_floor_usage":[4,5,7,16,16,20,20,24,27],"damage_taken":[{"damage":2,"enemies":"2 Louse","floor":1,"turns":3},{"damage":20,"enemies":"Small Slimes","floor":3,"turns":5},{"damage":1,"enemies":"Cultist","floor":4,"turns":4},{"damage":23,"enemies":"Gremlin Gang","floor":5,"turns":7},{"damage":27,"enemies":"3 Sentries","floor":7,"turns":9},{"damage":22,"enemies":"Gremlin Nob","floor":10,"turns":4},{"damage":6,"enemies":"Red Slaver","floor":12,"turns":5},{"damage":2,"enemies":"Looter","floor":13,"turns":3},{"damage":7,"enemies":"3 Louse","floor":14,"turns":3},{"damage":9,"enemies":"Hexaghost","floor":16,"turns":8},{"damage":37,"enemies":"3 Byrds","floor":18,"turns":5},{"damage":8,"enemies":"Shell Parasite","floor":20,"turns":7},{"damage":57,"enemies":"Book of Stabbing","floor":24,"turns":7},{"damage":18,"enemies":"Chosen and Byrds","floor":27,"turns":3}],"seed_played":"-1270440551394159582","potions_obtained":[{"floor":1,"key":"LiquidBronze"},{"floor":3,"key":"Fruit Juice"},{"floor":4,"key":"Regen Potion"},{"floor":5,"key":"Ancient Potion"},{"floor":7,"key":"Dexterity Potion"},{"floor":10,"key":"LiquidBronze"},{"floor":16,"key":"SkillPotion"},{"floor":18,"key":"SkillPotion"},{"floor":20,"key":"Strength Potion"},{"floor":24,"key":"Ancient Potion"}],"is_trial":false,"path_per_floor":["M","?","M","M","M","R","E","R","T","E","$","M","M","M","R","B",null,"M","$","M","?","$","R","E","?","T"],"character_chosen":"THE_SILENT","items_purchased":["Noxious Fumes","Leg Sweep","Boot"],"campfire_rested":4,"item_purchase_floors":[11,11,19],"current_hp_per_floor":[61,66,46,50,41,65,38,77,77,55,55,49,47,40,79,70,78,41,41,33,33,33,72,15,15,15,0],"gold":111,"neow_bonus":"BOSS_RELIC","is_prod":false,"is_daily":false,"chose_seed":false,"campfire_upgraded":0,"win_rate":0,"timestamp":1533349039,"path_taken":["M","?","M","?","?","R","E","R","T","E","$","?","M","?","R","BOSS","M","$","M","?","?","R","E","?","T","?"],"build_version":"2018-08-02","purchased_purges":2,"victory":false,"max_hp_per_floor":[70,75,75,80,80,80,80,80,80,80,80,80,80,80,80,80,80,80,80,80,80,80,80,80,80,80,80],"card_choices":[{"not_picked":["Quick Slash","Deflect"],"picked":"Terror","floor":1},{"not_picked":["Skewer","Slice"],"picked":"Noxious Fumes","floor":3},{"not_picked":["Riddle With Holes","Eviscerate"],"picked":"Cloak And Dagger","floor":4},{"not_picked":["Sucker Punch","Slice"],"picked":"Poisoned Stab","floor":5},{"not_picked":["Heel Hook","Prepared"],"picked":"Poisoned Stab","floor":7},{"not_picked":["Prepared","Unload"],"picked":"All Out Attack","floor":10},{"not_picked":["Outmaneuver","Acrobatics"],"picked":"Dodge and Roll","floor":12},{"not_picked":["Acrobatics","Distraction"],"picked":"Bouncing Flask","floor":13},{"not_picked":["Flying Knee","Dodge and Roll"],"picked":"Poisoned Stab","floor":14},{"not_picked":["Wraith Form v2","Unload"],"picked":"Glass Knife","floor":16},{"not_picked":["Reflex","Flying Knee"],"picked":"Poisoned Stab","floor":18},{"not_picked":["Endless Agony+1","Poisoned Stab","Slice+1"],"picked":"SKIP","floor":20},{"not_picked":["Setup","Prepared"],"picked":"Footwork","floor":24}],"player_experience":1412391,"relics_obtained":[{"floor":7,"key":"Regal Pillow"},{"floor":9,"key":"War Paint"},{"floor":10,"key":"Happy Flower"},{"floor":24,"key":"Paper Crane"},{"floor":26,"key":"Centennial Puzzle"}],"event_choices":[{"event_name":"Big Fish","player_choice":"Donut","floor":2,"damage_taken":0},{"event_name":"Nest","player_choice":"Stole From Cult","floor":21,"damage_taken":0},{"event_name":"The Mausoleum","player_choice":"Yes","floor":25,"damage_taken":0}],"is_beta":false,"boss_relics":[{"not_picked":["HoveringKite","Busted Crown"],"picked":"Runic Pyramid"}],"items_purged_floors":[11,22],"is_endless":false,"potions_floor_spawned":[1,3,4,5,7,10,12,13,14,16,18,20,24],"killed_by":"Chosen and Byrds","ascension_level":8}