{"gold_per_floor":[113,127,127,127,127,127,156,156,156,175,194,219,230,250,250,329,329,339,369,28,28],"floor_reached":21,"playtime":836,"items_purged":["Strike_R"],"score":446,"play_id":"11e1cbe3-f845-4ff0-ad1b-7a7f803c8cad","local_time":"20190215085249","is_ascension_mode":true,"campfire_choices":[{"data":"Perfected Strike","floor":6,"key":"SMITH"},{"floor":8,"key":"REST"},{"floor":15,"key":"REST"}],"neow_cost":"NONE","seed_source_timestamp":105532321443437,"circlet_count":0,"master_deck":["AscendersBane","Strike_R","Strike_R","Strike_R","Defend_R","Defend_R","Defend_R","Defend_R","Bash","Perfected Strike+1","Shockwave","Cleave","Metallicize","Disarm","Twin Strike","Juggernaut","Armaments","Barricade","Immolate","Armaments","Ghostly Armor","Body Slam","Armaments","Body Slam","Flame Barrier","Mayhem"],"relics":["Burning Blood","FossilizedHelix","Charon\u0027s Ashes","Kunai","Orrery","Tiny Chest"],"potions_floor_usage":[16,16,21],"damage_taken":[{"damage":10,"enemies":"Small Slimes","floor":1,"turns":4},{"damage":6,"enemies":"Cultist","floor":2,"turns":3},{"damage":14,"enemies":"Jaw Worm","floor":5,"turns":3},{"damage":45,"enemies":"3 Sentries","floor":7,"turns":7},{"damage":1,"enemies":"Red Slaver","floor":10,"turns":3},{"damage":6,"enemies":"Looter","floor":11,"turns":3},{"damage":12,"enemies":"Lagavulin","floor":12,"turns":5},{"damage":8,"enemies":"2 Fungi Beasts","floor":13,"turns":3},{"damage":10,"enemies":"Red Slaver","floor":14,"turns":4},{"damage":0,"enemies":"Slime Boss","floor":16,"turns":10},{"damage":66,"enemies":"Spheric Guardian","floor":18,"turns":9},{"damage":28,"enemies":"Chosen","floor":21,"turns":3}],"seed_played":"-4338492710612892873","potions_obtained":[{"floor":7,"key":"Dexterity Potion"},{"floor":10,"key":"Energy Potion"}],"is_trial":false,"path_per_floor":["M","M","?","$","M","R","E","R","T","M","M","E","M","M","R","B",null,"M","?","$","M"],"character_chosen":"IRONCLAD","items_purchased":["Mayhem","BloodPotion"],"campfire_rested":2,"item_purchase_floors":[20,20],"current_hp_per_floor":[64,64,60,60,52,52,13,35,35,40,40,34,32,28,50,56,70,10,10,10,0],"gold":28,"neow_bonus":"TRANSFORM_CARD","is_prod":false,"is_daily":false,"chose_seed":false,"campfire_upgraded":1,"win_rate":0,"timestamp":1550238769,"path_taken":["M","M","?","$","M","R","E","R","T","M","M","E","M","M","R","BOSS","M","?","$","M"],"build_version":"2019-01-23","purchased_purges":1,"victory":false,"max_hp_per_floor":[75,75,75,75,75,75,75,75,75,75,75,75,75,75,75,75,75,75,75,75,75],"card_choices":[{"not_picked":["Anger","Havoc"],"picked":"Shockwave","floor":1},{"not_picked":["Headbutt","Warcry"],"picked":"Cleave","floor":2},{"not_picked":["Iron Wave","True Grit","Evolve"],"picked":"SKIP","floor":5},{"not_picked":["Thunderclap","Entrench"],"picked":"Metallicize","floor":7},{"not_picked":["Whirlwind","Infernal Blade"],"picked":"Disarm","floor":10},{"not_picked":["Clash","Clothesline"],"picked":"Twin Strike","floor":11},{"not_picked":["Headbutt","Uppercut"],"picked":"Juggernaut","floor":12},{"not_picked":["Havoc","Anger"],"picked":"Armaments","floor":13},{"not_picked":["Metallicize","Cleave"],"picked":"Barricade","floor":14},{"not_picked":["Bludgeon","Offering"],"picked":"Immolate","floor":16},{"not_picked":["Corruption","Sever Soul"],"picked":"Armaments","floor":17},{"not_picked":["Iron Wave","Headbutt"],"picked":"Ghostly Armor","floor":17},{"not_picked":["Sword Boomerang","Reckless Charge"],"picked":"Body Slam","floor":17},{"not_picked":["Pommel Strike","Intimidate"],"picked":"Armaments","floor":17},{"not_picked":["True Grit","Reckless Charge"],"picked":"Body Slam","floor":17},{"not_picked":["Corruption","Infernal Blade+1"],"picked":"Flame Barrier","floor":18}],"player_experience":2431519,"relics_obtained":[{"floor":7,"key":"FossilizedHelix"},{"floor":9,"key":"Charon\u0027s Ashes"},{"floor":12,"key":"Kunai"},{"floor":19,"key":"Tiny Chest"}],"event_choices":[{"damage_healed":0,"gold_gain":0,"player_choice":"Bought 0 Potions","damage_taken":0,"max_hp_gain":0,"max_hp_loss":0,"event_name":"The Woman in Blue","floor":3,"gold_loss":0},{"damage_healed":0,"gold_gain":0,"player_choice":"Relic","damage_taken":0,"max_hp_gain":0,"max_hp_loss":0,"event_name":"Wheel of Change","floor":19,"gold_loss":0}],"is_beta":false,"boss_relics":[{"not_picked":["Runic Dome","Black Star"],"picked":"Orrery"}],"items_purged_floors":[20],"is_endless":false,"potions_floor_spawned":[7,10,12,13],"killed_by":"Chosen","ascension_level":17}