{"gold_per_floor":[212,212,36,51,71,71,104,119,119,151,151,166,183,148,148,148],"floor_reached":16,"playtime":572,"items_purged":[],"score":207,"play_id":"cb37bc80-5fb9-40c0-b069-8c538eef7a0c","local_time":"20180925164044","is_ascension_mode":true,"campfire_choices":[{"floor":11.0,"key":"REST"},{"data":"Dagger Spray","floor":15.0,"key":"SMITH"}],"neow_cost":"NONE","seed_source_timestamp":0,"circlet_count":0,"master_deck":["Defend_G","Defend_G","Defend_G","Defend_G","Defend_G","Strike_G","Strike_G","Strike_G","Strike_G","Strike_G","Survivor","Neutralize","AscendersBane","Quick Slash","Noxious Fumes","Dagger Spray+1","Deflect","Blade Dance","Heel Hook","Calculated Gamble","PiercingWail","Dagger Throw"],"special_seed":0,"relics":["Ring of the Snake","Shuriken","Singing Bowl","Potion Belt"],"potions_floor_usage":[],"damage_taken":[{"damage":1.0,"enemies":"2 Louse","floor":1.0,"turns":5.0},{"damage":1.0,"enemies":"Small Slimes","floor":4.0,"turns":3.0},{"damage":0.0,"enemies":"Cultist","floor":5.0,"turns":3.0},{"damage":42.0,"enemies":"Lagavulin","floor":7.0,"turns":8.0},{"damage":0.0,"enemies":"Large Slime","floor":8.0,"turns":3.0},{"damage":10.0,"enemies":"3 Sentries","floor":10.0,"turns":6.0},{"damage":4.0,"enemies":"3 Louse","floor":12.0,"turns":4.0},{"damage":0.0,"enemies":"2 Fungi Beasts","floor":13.0,"turns":4.0},{"damage":42,"enemies":"Slime Boss","floor":16,"turns":6}],"seed_played":"5771467681031865314","potions_obtained":[{"floor":1.0,"key":"SteroidPotion"},{"floor":4.0,"key":"SteroidPotion"},{"floor":8.0,"key":"Swift Potion"}],"is_trial":false,"path_per_floor":["M","?","$","M","M","?","E","M","T","E","R","M","M","?","R"],"character_chosen":"THE_SILENT","items_purchased":["Noxious Fumes","Dagger Spray","Deflect"],"campfire_rested":1,"item_purchase_floors":[3,3,3],"current_hp_per_floor":[58,58,58,57,57,57,15,15,15,5,24,22,22,39,39,0],"gold":148,"neow_bonus":"HUNDRED_GOLD","is_prod":false,"is_daily":false,"chose_seed":false,"campfire_upgraded":1,"win_rate":0,"timestamp":1537886444,"path_taken":["M","?","$","M","M","?","E","M","T","E","R","M","M","?","R","BOSS"],"build_version":"2018-09-20","purchased_purges":0,"victory":false,"max_hp_per_floor":[66,66,66,66,66,66,66,66,66,66,66,68,68,68,68,68],"card_choices":[{"not_picked":["Bane","Flying Knee"],"picked":"Quick Slash","floor":1.0},{"not_picked":["Dodge and Roll","Outmaneuver"],"picked":"Blade Dance","floor":4.0},{"not_picked":["Slice","Tactician","Accuracy"],"picked":"SKIP","floor":5.0},{"not_picked":["Die Die Die","Prepared"],"picked":"Heel Hook","floor":7.0},{"not_picked":["Flechettes","Caltrops"],"picked":"Calculated Gamble","floor":8.0},{"not_picked":["Accuracy","Finisher"],"picked":"PiercingWail","floor":10.0},{"not_picked":["Outmaneuver","Concentrate","Bane"],"picked":"Singing Bowl","floor":12.0},{"not_picked":["Poisoned Stab","Dodge and Roll"],"picked":"Dagger Throw","floor":13.0}],"player_experience":1487875,"relics_obtained":[{"floor":7.0,"key":"Shuriken"},{"floor":9.0,"key":"Singing Bowl"},{"floor":10.0,"key":"Potion Belt"}],"event_choices":[{"event_name":"Golden Idol","player_choice":"Ignored","floor":2.0,"damage_taken":0.0},{"event_name":"Liars Game","player_choice":"disagreed","floor":6.0,"damage_taken":0.0},{"event_name":"The Cleric","player_choice":"Healed","floor":14.0,"damage_taken":0.0}],"is_beta":false,"boss_relics":[],"items_purged_floors":[],"is_endless":false,"potions_floor_spawned":[1,4,8],"killed_by":"Slime Boss","ascension_level":17}