{"path_per_floor":["M","$","M","?","?","$","R","M","T","?","M","M","R","M","R","B",null,"M","?","M","?","$","R","M","E","T","$","?","?","M","T","R"],"character_chosen":"THE_SILENT","items_purchased":["Infinite Blades","Boot","Accuracy"],"gold_per_floor":[116,41,59,59,134,65,65,75,75,97,109,126,126,136,136,240,240,225,225,235,235,7,7,19,46,46,46,46,46,62,62,62,62],"floor_reached":33,"campfire_rested":4,"playtime":3839,"item_purchase_floors":[],"current_hp_per_floor":[70,70,70,70,59,59,70,70,70,61,60,57,57,56,70,57,70,51,51,45,45,45,66,62,28,28,28,28,28,15,15,36,0],"items_purged":["Strike_G"],"gold":62,"score":281,"play_id":"061359b6-80a4-45f4-be85-9a2b53c85bc3","local_time":"20180615125520","is_prod":false,"is_daily":false,"chose_seed":false,"is_ascension_mode":true,"campfire_upgraded":1,"win_rate":0,"timestamp":1529081720,"campfire_choices":[{"floor":7.0,"key":"REST"},{"data":"Infinite Blades","floor":13.0,"key":"SMITH"},{"floor":15.0,"key":"REST"},{"floor":23,"key":"REST"},{"floor":32,"key":"REST"}],"path_taken":["M","$","M","?","?","$","R","?","T","?","M","M","R","M","R","BOSS","M","?","?","?","$","R","M","E","T","$","?","?","M","?","R","BOSS"],"build_version":"2018-06-14v2","seed_source_timestamp":117202050633796,"purchased_purges":1,"victory":false,"master_deck":["Defend_G","Defend_G","Defend_G","Defend_G","Defend_G","Strike_G","Strike_G","Strike_G","Survivor","Neutralize","Backflip","Blur","Infinite Blades+1","Dodge and Roll","Choke","Footwork","Cloak And Dagger","Storm of Steel","Reflex+1","Blade Dance","Writhe","Accuracy","Crippling Poison","Prepared","Dash+1","Cloak And Dagger","Eviscerate"],"max_hp_per_floor":[70,70,70,70,70,70,70,70,70,70,70,70,70,70,70,70,70,70,70,70,70,70,70,70,70,70,70,70,70,70,70,70,70],"special_seed":0,"relics":["Ring of the Snake","NeowsBlessing","Ancient Tea Set","Odd Mushroom","Fusion Hammer","Dream Catcher","Boot","Art of War","Orichalcum","Bag of Marbles"],"card_choices":[{"not_picked":["Prepared","Deadly Poison"],"picked":"Backflip","floor":1.0},{"not_picked":["Flying Knee","Prepared"],"picked":"Blur","floor":3.0},{"not_picked":["Skewer","Bane"],"picked":"Dodge and Roll","floor":8.0},{"not_picked":["Calculated Gamble","Well Laid Plans"],"picked":"Choke","floor":10.0},{"not_picked":["Deflect","Underhanded Strike"],"picked":"Footwork","floor":11.0},{"not_picked":["Distraction","Eviscerate"],"picked":"Cloak And Dagger","floor":12.0},{"not_picked":["Flechettes","Poisoned Stab","Underhanded Strike"],"picked":"SKIP","floor":14.0},{"not_picked":["Venomology","Glass Knife"],"picked":"Storm of Steel","floor":16.0},{"not_picked":["Outmaneuver","Prepared"],"picked":"Reflex+1","floor":18.0},{"not_picked":["Backflip+1","PiercingWail"],"picked":"Blade Dance","floor":20},{"not_picked":["Blade Dance+1","Quick Slash+1"],"picked":"Crippling Poison","floor":23},{"not_picked":["Slice+1","Dagger Throw"],"picked":"Prepared","floor":24},{"not_picked":["Quick Slash+1","Acrobatics"],"picked":"Dash+1","floor":25},{"not_picked":["Quick Slash","Reflex"],"picked":"Cloak And Dagger","floor":30},{"not_picked":["Deadly Poison","Acrobatics"],"picked":"Eviscerate","floor":32}],"player_experience":576573,"potions_floor_usage":[],"damage_taken":[{"damage":0.0,"enemies":"2 Louse","floor":1.0,"turns":1.0},{"damage":0.0,"enemies":"Jaw Worm","floor":3.0,"turns":1.0},{"damage":0.0,"enemies":"Cultist","floor":8.0,"turns":1.0},{"damage":9.0,"floor":10.0,"turns":8.0},{"damage":1.0,"enemies":"Red Slaver","floor":11.0,"turns":6.0},{"damage":3.0,"enemies":"3 Louse","floor":12.0,"turns":5.0},{"damage":1.0,"enemies":"Large Slime","floor":14.0,"turns":8.0},{"damage":13.0,"enemies":"The Guardian","floor":16.0,"turns":19.0},{"damage":19.0,"enemies":"2 Thieves","floor":18.0,"turns":4.0},{"damage":6,"enemies":"3 Byrds","floor":20,"turns":6},{"damage":4,"enemies":"Centurion and Healer","floor":24,"turns":9},{"damage":34,"enemies":"Book of Stabbing","floor":25,"turns":7},{"damage":13,"enemies":"Snake Plant","floor":30,"turns":4},{"damage":37,"enemies":"Collector","floor":33,"turns":10}],"relics_obtained":[{"floor":9.0,"key":"Ancient Tea Set"},{"floor":10.0,"key":"Odd Mushroom"},{"floor":25,"key":"Art of War"},{"floor":26,"key":"Orichalcum"},{"floor":31,"key":"Bag of Marbles"}],"event_choices":[{"event_name":"Living Wall","player_choice":"Forget","floor":4.0,"damage_taken":0.0},{"event_name":"World of Goop","player_choice":"Gather Gold","floor":5.0,"damage_taken":0.0},{"event_name":"Mushrooms","player_choice":"Fought Mushrooms","floor":10.0,"damage_taken":0.0},{"event_name":"N\u0027loth","player_choice":"Ignored","floor":19.0,"damage_taken":0.0},{"event_name":"The Mausoleum","player_choice":"Yes","floor":21,"damage_taken":0},{"event_name":"Addict","player_choice":"Ignored","floor":28,"damage_taken":0},{"event_name":"Drug Dealer","player_choice":"Ignored","floor":29,"damage_taken":0}],"boss_relics":[{"not_picked":["White Beast Statue","Snecko Eye"],"picked":"Fusion Hammer"}],"items_purged_floors":[],"is_endless":false,"potions_floor_spawned":[3,10,12,20],"seed_played":"5518253183187821340","killed_by":"Collector","ascension_level":2,"potions_obtained":[{"floor":3.0,"key":"Fire Potion"},{"floor":10.0,"key":"Weak Potion"},{"floor":12.0,"key":"Block Potion"},{"floor":20,"key":"GamblersBrew"}],"is_trial":false}