{"gold_per_floor":[116,26,38,52,13,71,71,87,163,189,189,253,271,289,289,366,366,376,7,7,7,17,17,44,44,115,115,134,159,159,176,176,250,250,266,276,0,15,15,15],"floor_reached":40,"playtime":2401,"items_purged":["Strike_G"],"score":832,"play_id":"9396e222-e6cb-427e-a1bb-9f4227a827a7","local_time":"20181229194001","is_ascension_mode":true,"campfire_choices":[{"data":"Neutralize","floor":7,"key":"SMITH"},{"floor":11,"key":"REST"},{"data":"Poisoned Stab","floor":15,"key":"SMITH"},{"data":"Cloak And Dagger","floor":23,"key":"SMITH"},{"data":"Infinite Blades","floor":25,"key":"SMITH"},{"floor":32,"key":"REST"}],"neow_cost":"NONE","seed_source_timestamp":5889803948246,"circlet_count":0,"master_deck":["AscendersBane","Defend_G","Defend_G","Defend_G","Defend_G","Defend_G","Strike_G","Strike_G","Strike_G","Strike_G","Survivor","Neutralize+1","Poisoned Stab+1","Infinite Blades+1","Masterful Stab","Endless Agony","Cloak And Dagger+1","Caltrops+1","Well Laid Plans+1","Wraith Form v2+1","Backflip+1","Noxious Fumes+1","Cloak And Dagger","Prepared","Prepared+1","After Image+1","Cloak And Dagger"],"relics":["Ring of the Snake","NeowsBlessing","FossilizedHelix","Tiny Chest","Frozen Egg 2","Bronze Scales","Eternal Feather","Potion Belt","Nunchaku","Tough Bandages","Nilry\u0027s Codex","Art of War","Philosopher\u0027s Stone","OrangePellets"],"potions_floor_usage":[24,24,31,33],"damage_taken":[{"damage":0,"enemies":"2 Louse","floor":1,"turns":1},{"damage":0,"enemies":"Cultist","floor":3,"turns":1},{"damage":0,"enemies":"Jaw Worm","floor":4,"turns":1},{"damage":24,"enemies":"Gremlin Nob","floor":6,"turns":4},{"damage":5,"enemies":"Large Slime","floor":8,"turns":6},{"damage":20,"enemies":"Lagavulin","floor":10,"turns":8},{"damage":0,"enemies":"Blue Slaver","floor":13,"turns":3},{"damage":0,"enemies":"2 Fungi Beasts","floor":14,"turns":2},{"damage":2,"enemies":"Hexaghost","floor":16,"turns":8},{"damage":4,"enemies":"2 Thieves","floor":18,"turns":5},{"damage":19,"enemies":"Spheric Guardian","floor":22,"turns":5},{"damage":11,"enemies":"Slavers","floor":24,"turns":5},{"damage":8,"enemies":"Snake Plant","floor":28,"turns":5},{"damage":24,"enemies":"Shelled Parasite and Fungi","floor":31,"turns":6},{"damage":17,"enemies":"Collector","floor":33,"turns":10},{"damage":0,"enemies":"Orb Walker","floor":35,"turns":4},{"damage":0,"enemies":"3 Darklings","floor":36,"turns":5},{"damage":0,"enemies":"Maw","floor":38,"turns":8},{"damage":56,"enemies":"Giant Head","floor":40,"turns":8}],"seed_played":"515097165026043891","potions_obtained":[{"floor":8,"key":"Swift Potion"},{"floor":10,"key":"GhostInAJar"},{"floor":22,"key":"SpeedPotion"},{"floor":28,"key":"Dexterity Potion"}],"is_trial":false,"path_per_floor":["M","?","M","M","$","E","R","M","T","E","R","?","M","M","R","B",null,"M","$","?","T","M","R","E","R","T","?","M","T","?","M","R","B",null,"M","M","$","M","?","E"],"character_chosen":"THE_SILENT","items_purchased":["Endless Agony","Noxious Fumes+1","Potion Belt","Fire Potion","OrangePellets","Cloak And Dagger"],"campfire_rested":2,"item_purchase_floors":[5,19,19,19,37,37],"current_hp_per_floor":[59,59,59,59,59,35,35,30,30,10,29,29,29,29,29,27,56,52,52,52,52,33,45,34,46,46,25,17,17,30,6,40,23,55,55,55,55,55,55,0],"gold":15,"neow_bonus":"THREE_ENEMY_KILL","is_prod":false,"is_daily":false,"chose_seed":false,"campfire_upgraded":4,"win_rate":0,"timestamp":1546108801,"path_taken":["M","?","?","M","?","E","R","M","T","E","R","?","M","M","R","BOSS","M","$","?","?","M","R","E","R","T","?","M","?","?","?","R","BOSS","M","M","$","M","?","E"],"build_version":"2018-12-20","purchased_purges":1,"victory":false,"max_hp_per_floor":[66,66,66,66,66,66,66,66,66,66,66,66,66,66,66,66,66,66,66,66,66,66,66,66,66,66,66,66,66,66,66,66,66,66,66,66,66,66,63,63],"card_choices":[{"not_picked":["Prepared","Blade Dance"],"picked":"Poisoned Stab","floor":1},{"not_picked":["Outmaneuver","Prepared"],"picked":"Infinite Blades","floor":3},{"not_picked":["Backflip","Blur"],"picked":"Masterful Stab","floor":4},{"not_picked":["Dagger Spray","Blade Dance","Acrobatics"],"picked":"SKIP","floor":6},{"not_picked":["Deflect","Escape Plan"],"picked":"Cloak And Dagger","floor":8},{"not_picked":["Blade Dance","Outmaneuver","Quick Slash"],"picked":"SKIP","floor":10},{"not_picked":["Cloak And Dagger","Blur"],"picked":"Caltrops+1","floor":13},{"not_picked":["Expertise","Choke"],"picked":"Well Laid Plans+1","floor":14},{"not_picked":["Die Die Die","Venomology"],"picked":"Wraith Form v2+1","floor":16},{"not_picked":["Acrobatics","Concentrate"],"picked":"Backflip+1","floor":18},{"not_picked":["Outmaneuver","PiercingWail"],"picked":"Cloak And Dagger","floor":22},{"not_picked":["Reflex","Blade Dance","Bane"],"picked":"SKIP","floor":24},{"not_picked":["Dagger Spray","Distraction"],"picked":"Prepared","floor":28},{"not_picked":["Dagger Throw+1","Tactician"],"picked":"Prepared+1","floor":31},{"not_picked":["Venomology","Envenom+1"],"picked":"After Image+1","floor":33},{"not_picked":["Deadly Poison","Flechettes+1","Dagger Spray+1"],"picked":"SKIP","floor":35},{"not_picked":["Expertise","Quick Slash","Flying Knee+1"],"picked":"SKIP","floor":36},{"not_picked":["Quick Slash","Blade Dance","Deadly Poison"],"picked":"SKIP","floor":38}],"player_experience":1826601,"relics_obtained":[{"floor":6,"key":"Tiny Chest"},{"floor":9,"key":"Frozen Egg 2"},{"floor":10,"key":"Bronze Scales"},{"floor":21,"key":"Nunchaku"},{"floor":24,"key":"Tough Bandages"},{"floor":27,"key":"Nilry\u0027s Codex"},{"floor":29,"key":"Art of War"}],"event_choices":[{"damage_healed":0,"gold_gain":0,"player_choice":"Paid Gold","damage_taken":0,"relics_obtained":["FossilizedHelix"],"max_hp_gain":0,"max_hp_loss":0,"event_name":"WeMeetAgain","floor":2,"gold_loss":90},{"damage_healed":0,"gold_gain":64,"player_choice":"Gained Gold","damage_taken":0,"max_hp_gain":0,"max_hp_loss":0,"event_name":"Golden Wing","floor":12,"gold_loss":0},{"damage_healed":0,"gold_gain":0,"player_choice":"Ignored","damage_taken":0,"max_hp_gain":0,"max_hp_loss":0,"event_name":"Ghosts","floor":20,"gold_loss":0},{"damage_healed":0,"gold_gain":0,"player_choice":"Obtained Book","damage_taken":21,"max_hp_gain":0,"max_hp_loss":0,"event_name":"Cursed Tome","floor":27,"gold_loss":0},{"damage_healed":13,"gold_gain":0,"player_choice":"Heal","damage_taken":0,"max_hp_gain":0,"max_hp_loss":0,"event_name":"The Library","floor":30,"gold_loss":0},{"damage_healed":0,"gold_gain":0,"player_choice":"Max HP","damage_taken":0,"max_hp_gain":0,"max_hp_loss":3,"event_name":"Winding Halls","floor":39,"gold_loss":0}],"is_beta":false,"boss_relics":[{"not_picked":["Ring of the Serpent","Lizard Tail"],"picked":"Eternal Feather"},{"not_picked":["WristBlade","Runic Dome"],"picked":"Philosopher\u0027s Stone"}],"items_purged_floors":[19],"is_endless":false,"potions_floor_spawned":[8,10,13,14,22,28],"killed_by":"Giant Head","ascension_level":20}