{"gold_per_floor":[211,286,80,93,93,93,108,108,135,176,188,226,257,55,55,157,157,169,169,187,187,200,232,249,260,285,304,50,84,84,96,96,96],"floor_reached":33,"playtime":2590,"items_purged":["Strike_G","Defend_G"],"score":476,"play_id":"992bfc9f-d644-4329-83e8-7ec78bf64700","local_time":"20180722165927","is_ascension_mode":true,"campfire_choices":[{"data":"Neutralize","floor":6,"key":"SMITH"},{"floor":15,"key":"REST"},{"floor":32,"key":"REST"}],"neow_cost":"NONE","seed_source_timestamp":254828484775941,"circlet_count":0,"master_deck":["Defend_G","Defend_G","Defend_G","Defend_G","Strike_G","Strike_G","Strike_G","Survivor","Neutralize+1","Dash","Deadly Poison","Flash of Steel","Bouncing Flask","Footwork","All Out Attack+1","Slice+1","Corpse Explosion","Backstab+1","Bullet Time","Acrobatics+1","Decay","Bouncing Flask","Quick Slash+1"],"relics":["Ring of the Snake","TheAbacus","MawBank","Molten Egg 2","Centennial Puzzle","Girya","Busted Crown","Dream Catcher","Orichalcum","Pen Nib","Regal Pillow","Pear"],"potions_floor_usage":[12,23,24,25,29,29,33],"damage_taken":[{"damage":0,"enemies":"2 Louse","floor":1,"turns":5},{"damage":0,"enemies":"Small Slimes","floor":4,"turns":3},{"damage":0,"enemies":"Cultist","floor":7,"turns":4},{"damage":20,"enemies":"3 Sentries","floor":10,"turns":10},{"damage":9,"enemies":"Lagavulin","floor":12,"turns":6},{"damage":2,"enemies":"2 Fungi Beasts","floor":13,"turns":2},{"damage":12,"enemies":"The Guardian","floor":16,"turns":8},{"damage":9,"enemies":"Spheric Guardian","floor":18,"turns":4},{"damage":0,"enemies":"2 Thieves","floor":20,"turns":2},{"damage":0,"enemies":"Centurion and Healer","floor":22,"turns":5},{"damage":23,"enemies":"Gremlin Leader","floor":23,"turns":6},{"damage":12,"enemies":"Slaver and Parasite","floor":24,"turns":5},{"damage":0,"enemies":"Cultist and Chosen","floor":25,"turns":4},{"damage":0,"enemies":"3 Cultists","floor":27,"turns":2},{"damage":20,"enemies":"Slavers","floor":29,"turns":2},{"damage":3,"enemies":"Snecko","floor":31,"turns":5},{"damage":48,"enemies":"Collector","floor":33,"turns":7}],"seed_played":"-7774574163237994749","potions_obtained":[{"floor":10,"key":"PowerPotion"},{"floor":12,"key":"SteroidPotion"},{"floor":16,"key":"SpeedPotion"},{"floor":18,"key":"SkillPotion"},{"floor":23,"key":"Fruit Juice"},{"floor":25,"key":"Explosive Potion"},{"floor":29,"key":"Weak Potion"}],"is_trial":false,"path_per_floor":["M","?","$","M","?","R","M","?","T","E","T","E","M","$","R","B",null,"M","?","M","T","M","E","M","M","T","M","$","E","?","M","R"],"character_chosen":"THE_SILENT","items_purchased":["TheAbacus","Corpse Explosion","Backstab+1","Regal Pillow"],"campfire_rested":2,"item_purchase_floors":[3,14,14,28],"current_hp_per_floor":[63,52,52,52,52,52,52,52,52,32,32,23,21,21,42,30,60,51,51,51,51,51,28,21,21,21,21,21,11,11,8,48,0],"gold":96,"neow_bonus":"HUNDRED_GOLD","is_prod":false,"is_daily":false,"chose_seed":false,"campfire_upgraded":1,"win_rate":0,"timestamp":1532244567,"path_taken":["M","?","$","M","?","R","?","?","T","E","?","E","?","$","R","BOSS","M","?","M","?","M","E","?","M","T","M","?","E","?","M","R","BOSS"],"build_version":"2018-07-19v2","purchased_purges":2,"victory":false,"max_hp_per_floor":[70,70,70,70,70,70,70,70,70,70,70,70,70,70,70,70,70,70,70,70,70,70,70,75,75,75,75,75,85,85,85,85,85],"card_choices":[{"not_picked":["Outmaneuver","Backflip"],"picked":"Dash","floor":1},{"not_picked":["Endless Agony","Dagger Spray"],"picked":"Deadly Poison","floor":4},{"not_picked":["Poisoned Stab","Cloak And Dagger"],"picked":"Bouncing Flask","floor":7},{"not_picked":["Poisoned Stab","Flechettes"],"picked":"Footwork","floor":10},{"not_picked":["Dodge and Roll","Infinite Blades"],"picked":"All Out Attack+1","floor":12},{"not_picked":["Noxious Fumes","Sucker Punch+1"],"picked":"Slice+1","floor":13},{"not_picked":["Wraith Form v2","Storm of Steel"],"picked":"Bullet Time","floor":16},{"not_picked":["Heel Hook+1"],"picked":"SKIP","floor":18},{"not_picked":[],"picked":"Acrobatics+1","floor":20},{"not_picked":["Backflip"],"picked":"SKIP","floor":22},{"not_picked":["Cloak And Dagger"],"picked":"SKIP","floor":23},{"not_picked":["Deflect"],"picked":"SKIP","floor":24},{"not_picked":["Flechettes+1"],"picked":"SKIP","floor":25},{"not_picked":["Noxious Fumes"],"picked":"SKIP","floor":27},{"not_picked":["Caltrops"],"picked":"SKIP","floor":29},{"not_picked":[],"picked":"Bouncing Flask","floor":31},{"not_picked":[],"picked":"Quick Slash+1","floor":32}],"player_experience":225631,"relics_obtained":[{"floor":9,"key":"MawBank"},{"floor":10,"key":"Molten Egg 2"},{"floor":11,"key":"Centennial Puzzle"},{"floor":12,"key":"Girya"},{"floor":21,"key":"Dream Catcher"},{"floor":23,"key":"Orichalcum"},{"floor":26,"key":"Pen Nib"},{"floor":29,"key":"Pear"}],"event_choices":[{"event_name":"World of Goop","player_choice":"Gather Gold","floor":2,"damage_taken":0},{"event_name":"Match and Keep!","player_choice":"1 cards matched","floor":5,"damage_taken":0},{"event_name":"Bonfire Elementals","player_choice":"BASIC","floor":8,"damage_taken":0},{"event_name":"Ghosts","player_choice":"Ignored","floor":19,"damage_taken":0},{"event_name":"Forgotten Altar","player_choice":"Smashed Altar","floor":30,"damage_taken":0}],"is_beta":false,"boss_relics":[{"not_picked":["Cursed Key","Runic Dome"],"picked":"Busted Crown"}],"items_purged_floors":[14,28],"is_endless":false,"potions_floor_spawned":[10,12,16,18,23,25,29],"killed_by":"Collector","ascension_level":8}