{"gold_per_floor":[361,26,26,26,43,43,61,61,61,61,61,61,96,107,107,107],"floor_reached":16,"playtime":752,"items_purged":["Strike_G"],"score":137,"play_id":"6dc5efc9-3711-4494-a90d-4975dede5d55","local_time":"20180731161228","is_ascension_mode":true,"campfire_choices":[{"data":"Neutralize","floor":6,"key":"SMITH"},{"data":"Dodge and Roll","floor":8,"key":"SMITH"},{"data":"Cloak And Dagger","floor":15,"key":"SMITH"}],"neow_cost":"TEN_PERCENT_HP_LOSS","seed_source_timestamp":395799309596991,"circlet_count":0,"master_deck":["Defend_G","Defend_G","Defend_G+1","Defend_G","Strike_G+1","Strike_G","Strike_G+1","Survivor","Neutralize+1","Blur","Deflect","Dodge and Roll+1","Poisoned Stab+1","Cloak And Dagger+1","Well Laid Plans"],"relics":["Ring of the Snake","Bottled Flame","Dead Branch","Whetstone"],"potions_floor_usage":[16],"damage_taken":[{"damage":3,"enemies":"2 Louse","floor":1,"turns":4},{"damage":0,"enemies":"Jaw Worm","floor":5,"turns":6},{"damage":0,"enemies":"Small Slimes","floor":7,"turns":5},{"damage":21,"enemies":"Lagavulin","floor":13,"turns":11},{"damage":0,"enemies":"Red Slaver","floor":14,"turns":2},{"damage":27,"enemies":"Slime Boss","floor":16,"turns":6}],"seed_played":"3142233844024981183","potions_obtained":[{"floor":1,"key":"Strength Potion"},{"floor":7,"key":"AttackPotion"},{"floor":13,"key":"SteroidPotion"}],"is_trial":false,"path_per_floor":["M","$","?","?","M","R","M","R","T","?","$","?","E","M","R"],"character_chosen":"THE_SILENT","items_purchased":["Bottled Flame"],"campfire_rested":0,"item_purchase_floors":[2],"current_hp_per_floor":[60,60,47,40,40,40,40,40,40,40,40,45,24,24,24,0],"gold":107,"neow_bonus":"TWO_FIFTY_GOLD","is_prod":false,"is_daily":false,"chose_seed":false,"campfire_upgraded":3,"win_rate":0,"timestamp":1533071548,"path_taken":["M","$","?","?","M","R","?","R","T","?","?","?","E","M","R","BOSS"],"build_version":"2018-07-30","purchased_purges":1,"victory":false,"max_hp_per_floor":[63,63,63,63,63,63,63,63,63,63,63,68,68,68,68,68],"card_choices":[{"not_picked":["Outmaneuver","Backflip"],"picked":"Blur","floor":1},{"not_picked":["Masterful Stab","Eviscerate"],"picked":"Deflect","floor":5},{"not_picked":["Distraction","Quick Slash"],"picked":"Dodge and Roll","floor":7},{"not_picked":["Outmaneuver","Dagger Spray"],"picked":"Cloak And Dagger","floor":13},{"not_picked":["Escape Plan","Eviscerate"],"picked":"Well Laid Plans","floor":14}],"player_experience":314412,"relics_obtained":[{"floor":9,"key":"Dead Branch"},{"floor":13,"key":"Whetstone"}],"event_choices":[{"event_name":"Shining Light","player_choice":"Entered Light","floor":3,"damage_taken":0},{"event_name":"Golden Wing","player_choice":"Card Removal","floor":4,"damage_taken":0},{"event_name":"Living Wall","player_choice":"Change","floor":10,"damage_taken":0},{"event_name":"Big Fish","player_choice":"Donut","floor":12,"damage_taken":0}],"is_beta":true,"boss_relics":[],"items_purged_floors":[2],"is_endless":false,"potions_floor_spawned":[1,7,13],"killed_by":"Slime Boss","ascension_level":8}