{"gold_per_floor":[114,30,45,45,60,60,75,75,125,155,155,155,185,200,200,300,300,315,98,113,128,143,143,173,173,173,188,218,233,248,278,278,378,378,393,408,423,438,453,453,483,10,35,50,65,95,95,110,110,110],"floor_reached":51,"playtime":2041,"items_purged":["Strike_R","Pain"],"score":985,"play_id":"8507ab25-53ef-4af8-b846-b58a585939b3","local_time":"20181203153102","daily_mods":["Specialized","Green Cards","Binary"],"is_ascension_mode":false,"campfire_choices":[{"data":"Juggernaut","floor":6,"key":"SMITH"},{"data":"Juggernaut","floor":11,"key":"SMITH"},{"data":"Juggernaut","floor":15,"key":"SMITH"},{"data":"Juggernaut","floor":23,"key":"SMITH"},{"data":"Juggernaut","floor":25,"key":"SMITH"},{"floor":32,"key":"REST"},{"data":"Feel No Pain","floor":40,"key":"SMITH"},{"floor":49,"key":"REST"}],"neow_cost":"","seed_source_timestamp":0,"circlet_count":0,"master_deck":["Strike_R","Strike_R","Strike_R","Defend_R","Defend_R","Defend_R","Defend_R","Bash","Juggernaut+1","Juggernaut+1","Juggernaut+1","Juggernaut+1","Juggernaut+1","Backflip","Footwork","Endless Agony","All Out Attack","Shrug It Off","Dodge and Roll+1","Feel No Pain+1","True Grit","Backflip","Dodge and Roll+1","True Grit+1","Shrug It Off","Battle Trance+1","Blade Dance+1","Adrenaline","Shrug It Off+1","Backflip+1","Shrug It Off","Footwork","Backflip+1"],"special_seed":17868,"relics":["Burning Blood","Regal Pillow","Dream Catcher","WarpedTongs","Letter Opener","Velvet Choker","Omamori","Paper Frog","Meat on the Bone","Potion Belt","Cursed Key","Mercury Hourglass","Pear","Blood Vial","PreservedInsect"],"potions_floor_usage":[13,16,16,31,31,37,50,50,50,50],"damage_taken":[{"damage":18,"enemies":"Jaw Worm","floor":1,"turns":4},{"damage":1,"enemies":"Small Slimes","floor":3,"turns":5},{"damage":0,"enemies":"Cultist","floor":5,"turns":4},{"damage":17,"enemies":"Lots of Slimes","floor":7,"turns":6},{"damage":23,"enemies":"Gremlin Nob","floor":10,"turns":5},{"damage":4,"enemies":"Lagavulin","floor":13,"turns":5},{"damage":27,"enemies":"Exordium Wildlife","floor":14,"turns":4},{"damage":26,"enemies":"Hexaghost","floor":16,"turns":9},{"damage":19,"enemies":"Chosen","floor":18,"turns":5},{"damage":2,"enemies":"Spheric Guardian","floor":20,"turns":3},{"damage":2,"enemies":"Snecko","floor":21,"turns":5},{"damage":24,"enemies":"Centurion and Healer","floor":22,"turns":6},{"damage":18,"enemies":"Gremlin Leader","floor":24,"turns":5},{"damage":6,"enemies":"Snake Plant","floor":27,"turns":4},{"damage":30,"enemies":"Slavers","floor":28,"turns":5},{"damage":2,"enemies":"Cultist and Chosen","floor":29,"turns":4},{"damage":3,"enemies":"Shelled Parasite and Fungi","floor":30,"turns":5},{"damage":24,"enemies":"Gremlin Leader","floor":31,"turns":6},{"damage":35,"enemies":"Collector","floor":33,"turns":7},{"damage":6,"enemies":"3 Shapes","floor":35,"turns":3},{"damage":26,"enemies":"3 Darklings","floor":36,"turns":5},{"damage":7,"enemies":"Writhing Mass","floor":37,"turns":3},{"damage":3,"enemies":"Maw","floor":38,"turns":5},{"damage":2,"enemies":"Transient","floor":39,"turns":5},{"damage":0,"enemies":"Nemesis","floor":41,"turns":5},{"damage":6,"enemies":"3 Darklings","floor":44,"turns":3},{"damage":14,"enemies":"Maw","floor":45,"turns":5},{"damage":25,"enemies":"Reptomancer","floor":46,"turns":5},{"damage":27,"enemies":"Jaw Worm Horde","floor":48,"turns":4},{"damage":0,"enemies":"Time Eater","floor":50,"turns":6}],"seed_played":"278748648570052528","potions_obtained":[{"floor":5,"key":"PowerPotion"},{"floor":10,"key":"EssenceOfSteel"},{"floor":13,"key":"AttackPotion"},{"floor":14,"key":"Poison Potion"},{"floor":18,"key":"Strength Potion"},{"floor":22,"key":"SteroidPotion"},{"floor":29,"key":"Swift Potion"},{"floor":30,"key":"Block Potion"},{"floor":35,"key":"AttackPotion"},{"floor":36,"key":"Block Potion"},{"floor":37,"key":"GamblersBrew"},{"floor":39,"key":"Weak Potion"}],"is_trial":false,"path_per_floor":["M","$","M","$","M","R","M","?","T","E","R","?","E","M","R","B",null,"M","$","M","M","M","R","E","R","T","M","E","M","M","E","R","B",null,"M","M","M","M","M","R","E","$","T","M","M","E","?","M","R","B",null],"character_chosen":"IRONCLAD","items_purchased":["Footwork","Block Potion","Feel No Pain","True Grit","Backflip","Dexterity Potion","Footwork","Pear"],"campfire_rested":2,"item_purchase_floors":[2,2,19,19,19,42,42,42],"current_hp_per_floor":[68,68,73,73,79,79,68,73,73,56,56,56,58,37,37,17,85,72,72,76,80,62,62,50,50,50,50,26,42,57,51,85,56,85,85,65,64,67,71,71,77,87,87,89,83,66,66,59,95,95],"gold":110,"neow_bonus":"","is_prod":false,"is_daily":true,"chose_seed":false,"campfire_upgraded":6,"win_rate":0,"timestamp":1543847462,"path_taken":["M","$","M","$","M","R","M","?","T","E","R","?","E","M","R","BOSS","M","$","M","M","?","R","E","R","T","M","E","M","M","E","R","BOSS","M","M","M","?","?","R","E","$","T","M","M","E","?","M","R","BOSS"],"build_version":"2018-11-15","purchased_purges":2,"victory":true,"max_hp_per_floor":[80,80,80,80,80,80,80,85,85,85,85,85,85,85,85,85,85,85,85,85,85,85,85,85,85,85,85,85,85,85,85,85,85,85,85,85,85,85,85,85,85,95,95,95,95,95,95,95,95,95],"card_choices":[{"not_picked":["Caltrops"],"picked":"Backflip","floor":1},{"not_picked":["Dropkick"],"picked":"Endless Agony","floor":3},{"not_picked":["Evolve","Prepared"],"picked":"SKIP","floor":5},{"not_picked":["Sentinel"],"picked":"All Out Attack","floor":7},{"not_picked":["Fiend Fire","Anger"],"picked":"SKIP","floor":10},{"not_picked":["PiercingWail","Inflame"],"picked":"SKIP","floor":13},{"not_picked":["Concentrate"],"picked":"Shrug It Off","floor":14},{"not_picked":["Cleave"],"picked":"Dodge and Roll+1","floor":18},{"not_picked":["Dropkick"],"picked":"Dodge and Roll+1","floor":20},{"not_picked":["Acrobatics"],"picked":"True Grit+1","floor":21},{"not_picked":["Bane","Sword Boomerang"],"picked":"SKIP","floor":22},{"not_picked":["Wild Strike+1","Dagger Spray+1"],"picked":"SKIP","floor":24},{"not_picked":["Slice","Anger"],"picked":"SKIP","floor":27},{"not_picked":["Thunderclap"],"picked":"Shrug It Off","floor":28},{"not_picked":["Havoc"],"picked":"Battle Trance+1","floor":29},{"not_picked":["Storm of Steel","Twin Strike"],"picked":"SKIP","floor":30},{"not_picked":["Flying Knee","Bloodletting+1"],"picked":"SKIP","floor":31},{"not_picked":["Rage"],"picked":"Blade Dance+1","floor":32},{"not_picked":["Dark Embrace"],"picked":"Adrenaline","floor":33},{"not_picked":["Catalyst","Concentrate"],"picked":"SKIP","floor":35},{"not_picked":["Blade Dance+1","Flex+1"],"picked":"SKIP","floor":36},{"not_picked":["Sucker Punch+1"],"picked":"Shrug It Off+1","floor":37},{"not_picked":["Battle Trance+1","Poisoned Stab+1"],"picked":"SKIP","floor":38},{"not_picked":["Deflect"],"picked":"Backflip+1","floor":39},{"not_picked":["Storm of Steel"],"picked":"Shrug It Off","floor":41},{"not_picked":["Rage+1"],"picked":"Backflip+1","floor":44},{"not_picked":["Escape Plan+1","Infernal Blade"],"picked":"SKIP","floor":45},{"not_picked":["Pommel Strike+1","Endless Agony+1"],"picked":"SKIP","floor":46},{"not_picked":["Dropkick+1","Bane"],"picked":"SKIP","floor":48}],"player_experience":1762258,"relics_obtained":[{"floor":9,"key":"Regal Pillow"},{"floor":10,"key":"Dream Catcher"},{"floor":13,"key":"Letter Opener"},{"floor":24,"key":"Omamori"},{"floor":26,"key":"Paper Frog"},{"floor":28,"key":"Meat on the Bone"},{"floor":31,"key":"Potion Belt"},{"floor":41,"key":"Mercury Hourglass"},{"floor":43,"key":"Blood Vial"},{"floor":46,"key":"PreservedInsect"}],"event_choices":[{"damage_healed":0,"gold_gain":0,"player_choice":"Donut","damage_taken":0,"max_hp_gain":5,"max_hp_loss":0,"event_name":"Big Fish","floor":8,"gold_loss":0},{"damage_healed":0,"gold_gain":0,"player_choice":"Rummage","damage_taken":0,"relics_obtained":["WarpedTongs"],"max_hp_gain":0,"max_hp_loss":0,"event_name":"Accursed Blacksmith","floor":12,"gold_loss":0,"cards_obtained":["Pain"]},{"cards_removed":["Strike_R"],"damage_healed":0,"gold_gain":0,"player_choice":"Removed Attack","damage_taken":0,"max_hp_gain":0,"max_hp_loss":0,"event_name":"Falling","floor":47,"gold_loss":0}],"is_beta":false,"boss_relics":[{"not_picked":["Runic Pyramid","Fusion Hammer"],"picked":"Velvet Choker"},{"not_picked":["White Beast Statue","Empty Cage"],"picked":"Cursed Key"}],"items_purged_floors":[19,42],"is_endless":false,"potions_floor_spawned":[5,10,13,14,18,22,27,29,30,35,36,37,39],"ascension_level":0}