{"gold_per_floor":[99,24,24,24,24,24,24,24,24,24,24,24,0,0,0,0,0,0,0,0,0,0,0,0,0,0,0,0,0,0,0,0,0,0,0,0,0,0,0,0,0,0,0,0,0,0,0],"floor_reached":47,"playtime":1065,"items_purged":["Strike_G"],"score":460,"play_id":"d6f3db0c-18c7-4b73-8442-683707e2266f","local_time":"20180728120926","is_ascension_mode":false,"campfire_choices":[{"data":"Leg Sweep","floor":7,"key":"SMITH"},{"data":"Deadly Poison","floor":10,"key":"SMITH"},{"data":"Quick Slash","floor":12,"key":"SMITH"},{"data":"Catalyst","floor":15,"key":"SMITH"},{"data":"Die Die Die","floor":23,"key":"SMITH"},{"floor":27,"key":"REST"},{"floor":32,"key":"REST"},{"floor":40,"key":"REST"}],"neow_cost":"NONE","seed_source_timestamp":84636048263366,"circlet_count":0,"master_deck":["Defend_G","Defend_G","Defend_G","Defend_G","Strike_G","Strike_G","Strike_G","Survivor","Neutralize","Leg Sweep+1","Outmaneuver","Deadly Poison+1","Quick Slash+1","Catalyst+1","Die Die Die+1","Poisoned Stab+1","Sucker Punch+1","Crippling Poison","Poisoned Stab+1","Bullet Time","Deadly Poison+1","Dagger Spray+1","Writhe","Poisoned Stab+1","Dagger Spray+1"],"relics":["Ectoplasm","FaceOfCleric","Darkstone Periapt","Empty Cage","Molten Egg 2","Ninja Scroll","Fusion Hammer","Art of War"],"potions_floor_usage":[13,16,21,25,46],"damage_taken":[{"damage":0,"enemies":"Small Slimes","floor":1,"turns":3},{"damage":0,"enemies":"Jaw Worm","floor":3,"turns":5},{"damage":0,"enemies":"2 Louse","floor":6,"turns":4},{"damage":3,"enemies":"Exordium Wildlife","floor":8,"turns":6},{"damage":9,"enemies":"Lots of Slimes","floor":11,"turns":7},{"damage":0,"enemies":"Looter","floor":13,"turns":3},{"damage":7,"enemies":"Hexaghost","floor":16,"turns":9},{"damage":10,"enemies":"2 Thieves","floor":18,"turns":4},{"damage":11,"enemies":"Spheric Guardian","floor":21,"turns":4},{"damage":22,"enemies":"Book of Stabbing","floor":24,"turns":4},{"damage":12,"enemies":"Snecko","floor":25,"turns":4},{"damage":12,"enemies":"Snake Plant","floor":30,"turns":3},{"damage":41,"enemies":"Champ","floor":33,"turns":11},{"damage":55,"enemies":"Flame Bruiser 1 Orb","floor":35,"turns":6},{"damage":12,"enemies":"Orb Walker","floor":36,"turns":3},{"damage":25,"enemies":"Sphere and 2 Shapes","floor":41,"turns":5},{"damage":31,"enemies":"4 Shapes","floor":44,"turns":8},{"damage":25,"enemies":"Maw","floor":46,"turns":5},{"damage":8,"enemies":"Giant Head","floor":47,"turns":1}],"seed_played":"4415750061743174441","potions_obtained":[{"floor":1,"key":"Poison Potion"},{"floor":6,"key":"Regen Potion"},{"floor":13,"key":"Fire Potion"},{"floor":16,"key":"Fire Potion"},{"floor":21,"key":"FairyPotion"},{"floor":35,"key":"Energy Potion"},{"floor":44,"key":"PowerPotion"}],"is_trial":false,"path_per_floor":["M","$","M","?","?","M","R","M","T","R","M","R","M","$","R","B",null,"M","?","?","M","?","R","E","M","T","R","?","?","M","$","R","B",null,"M","M","?","$","?","R","M","?","T","M","$","M"],"character_chosen":"THE_SILENT","items_purchased":[],"campfire_rested":3,"item_purchase_floors":[],"current_hp_per_floor":[70,70,70,70,70,71,71,69,69,69,61,61,62,62,62,71,75,66,66,66,56,56,56,35,24,24,47,47,47,36,36,60,20,81,27,16,16,16,43,69,45,45,45,15,15,7,0],"gold":0,"neow_bonus":"BOSS_RELIC","is_prod":false,"is_daily":false,"chose_seed":false,"campfire_upgraded":5,"win_rate":0,"timestamp":1532745566,"path_taken":["M","$","M","?","?","M","R","M","T","R","M","R","?","?","R","BOSS","M","?","?","M","?","R","E","?","T","R","?","?","M","$","R","BOSS","M","M","?","$","?","R","M","?","T","M","?","M","E"],"build_version":"2018-07-26","purchased_purges":1,"victory":false,"max_hp_per_floor":[70,70,70,70,70,71,71,72,72,72,73,73,74,74,74,75,75,76,76,76,77,77,77,78,79,79,79,79,79,80,80,80,81,81,82,83,83,83,89,89,90,90,90,91,91,92,92],"card_choices":[{"not_picked":["Masterful Stab","Deflect"],"picked":"Leg Sweep","floor":1},{"not_picked":["Dagger Throw","Cloak And Dagger","Prepared"],"picked":"SKIP","floor":3},{"not_picked":["PiercingWail","Cloak And Dagger"],"picked":"Outmaneuver","floor":6},{"not_picked":["Acrobatics","Dagger Spray"],"picked":"Deadly Poison","floor":8},{"not_picked":["Prepared","Venomology"],"picked":"Quick Slash","floor":11},{"not_picked":["Underhanded Strike","Sucker Punch"],"picked":"Catalyst","floor":13},{"not_picked":["Unload","Phantasmal Killer"],"picked":"Die Die Die","floor":16},{"not_picked":["Cloak And Dagger","Dodge and Roll","Underhanded Strike"],"picked":"SKIP","floor":18},{"not_picked":["Outmaneuver+1","Infinite Blades"],"picked":"Poisoned Stab+1","floor":21},{"not_picked":["Escape Plan","Bane"],"picked":"Sucker Punch+1","floor":24},{"not_picked":["Dodge and Roll","Quick Slash+1"],"picked":"Crippling Poison","floor":25},{"not_picked":["Distraction+1","Acrobatics"],"picked":"Poisoned Stab+1","floor":30},{"not_picked":["A Thousand Cuts","Doppelganger"],"picked":"Bullet Time","floor":33},{"not_picked":["Prepared+1","Deflect"],"picked":"Deadly Poison+1","floor":35},{"not_picked":["Leg Sweep","Underhanded Strike+1"],"picked":"Dagger Spray+1","floor":36},{"not_picked":["Dodge and Roll+1","Dagger Spray+1"],"picked":"Poisoned Stab+1","floor":41},{"not_picked":["Well Laid Plans+1","Bane+1"],"picked":"Dagger Spray+1","floor":44},{"not_picked":["Setup","Prepared+1","Quick Slash+1"],"picked":"SKIP","floor":46}],"player_experience":278954,"relics_obtained":[{"floor":9,"key":"Darkstone Periapt"},{"floor":24,"key":"Molten Egg 2"},{"floor":26,"key":"Ninja Scroll"},{"floor":43,"key":"Art of War"}],"event_choices":[{"event_name":"Golden Idol","player_choice":"Ignored","floor":4,"damage_taken":0},{"event_name":"FaceTrader","player_choice":"Trade","floor":5,"damage_taken":0},{"event_name":"Addict","player_choice":"Ignored","floor":19,"damage_taken":0},{"event_name":"Cursed Tome","player_choice":"Ignored","floor":20,"damage_taken":0},{"event_name":"Golden Shrine","player_choice":"Skipped","floor":22,"damage_taken":0},{"event_name":"Beggar","player_choice":"Ignored","floor":28,"damage_taken":0},{"event_name":"Drug Dealer","player_choice":"Ignored","floor":29,"damage_taken":0},{"event_name":"Mysterious Sphere","player_choice":"Ignore","floor":37,"damage_taken":0},{"event_name":"Winding Halls","player_choice":"Writhe","floor":39,"damage_taken":0},{"event_name":"The Moai Head","player_choice":"Ignored","floor":42,"damage_taken":0}],"is_beta":false,"boss_relics":[{"not_picked":["WristBlade","Philosopher\u0027s Stone"],"picked":"Empty Cage"},{"not_picked":["Runic Dome","White Beast Statue"],"picked":"Fusion Hammer"}],"items_purged_floors":[2],"is_endless":false,"potions_floor_spawned":[1,6,13,16,21,35,44],"killed_by":"Giant Head","ascension_level":0}