{"gold_per_floor":[113,113,188,188,199,199,229,247,247,264,33,33,64,125,125,197,197,216,131,148,162,179,179,212,226,250,250,266,266,266,295,295,295],"floor_reached":33,"playtime":2551,"items_purged":["Strike_G"],"score":560,"play_id":"84397317-964d-4ef2-973b-48335d425215","local_time":"20180710155446","is_ascension_mode":true,"campfire_choices":[{"data":"Neutralize","floor":6,"key":"SMITH"},{"data":"Infinite Blades","floor":12,"key":"SMITH"},{"data":"Predator","floor":15,"key":"SMITH"},{"floor":23,"key":"REST"},{"floor":27,"key":"REST"},{"floor":29,"key":"REST"},{"floor":32,"key":"REST"}],"neow_cost":"NONE","seed_source_timestamp":253449085269333,"circlet_count":0,"master_deck":["Defend_G","Defend_G","Defend_G","Defend_G","Defend_G","Strike_G","Strike_G","Strike_G","Strike_G","Survivor","Neutralize+1","AscendersBane","Blur","Predator+1","Quick Slash","Deflect","Blur","Infinite Blades+1","Choke","Dodge and Roll","PiercingWail","Crippling Poison","Well Laid Plans","Adrenaline"],"relics":["Ring of the Snake","NeowsBlessing","Meat on the Bone","Centennial Puzzle","Mercury Hourglass","Potion Belt","Fusion Hammer","Smiling Mask","Boot","Lantern","Thread and Needle"],"potions_floor_usage":[10,13,20,22,22,24,31],"damage_taken":[{"damage":0,"enemies":"2 Louse","floor":1,"turns":1},{"damage":0,"enemies":"Small Slimes","floor":5,"turns":1},{"damage":0,"enemies":"Gremlin Nob","floor":7,"turns":1},{"damage":2,"enemies":"Cultist","floor":8,"turns":4},{"damage":2,"enemies":"Large Slime","floor":10,"turns":9},{"damage":8,"enemies":"Lagavulin","floor":13,"turns":8},{"damage":12,"enemies":"Gremlin Nob","floor":14,"turns":4},{"damage":20,"enemies":"Slime Boss","floor":16,"turns":10},{"damage":0,"enemies":"Shell Parasite","floor":18,"turns":6},{"damage":0,"enemies":"3 Byrds","floor":20,"turns":4},{"damage":8,"enemies":"Snecko","floor":21,"turns":5},{"damage":3,"enemies":"Cultist and Chosen","floor":22,"turns":8},{"damage":49,"enemies":"Book of Stabbing","floor":24,"turns":8},{"damage":18,"enemies":"Centurion and Healer","floor":25,"turns":8},{"damage":3,"enemies":"Snecko","floor":28,"turns":6},{"damage":30,"enemies":"Slavers","floor":31,"turns":6},{"damage":70,"enemies":"Automaton","floor":33,"turns":12}],"seed_played":"-6091163826373510100","potions_obtained":[{"floor":7,"key":"Energy Potion"},{"floor":10,"key":"Energy Potion"},{"floor":13,"key":"GamblersBrew"},{"floor":14,"key":"LiquidBronze"},{"floor":20,"key":"Regen Potion"},{"floor":22,"key":"SteroidPotion"},{"floor":25,"key":"SkillPotion"}],"is_trial":false,"path_per_floor":["M","?","?","?","M","R","E","M","T","M","$","R","E","?","R","B",null,"M","?","M","M","M","R","E","M","T","R","M","R","$","E","R"],"character_chosen":"THE_SILENT","items_purchased":["Infinite Blades","Choke"],"campfire_rested":4,"item_purchase_floors":[11,11],"current_hp_per_floor":[59,59,48,48,48,48,48,46,46,44,44,44,36,36,36,28,57,57,57,57,49,61,66,29,23,23,42,39,58,58,40,59,0],"gold":295,"neow_bonus":"THREE_ENEMY_KILL","is_prod":false,"is_daily":false,"chose_seed":false,"campfire_upgraded":3,"win_rate":0,"timestamp":1531230886,"path_taken":["M","?","?","?","?","R","E","M","T","M","$","R","E","?","R","BOSS","M","?","?","M","M","R","E","?","T","R","M","R","?","E","R","BOSS"],"build_version":"2018-07-05","purchased_purges":1,"victory":false,"max_hp_per_floor":[66,66,66,66,66,66,66,66,66,66,66,66,66,66,66,66,66,66,66,66,66,66,66,66,66,66,66,66,66,66,66,66,66],"card_choices":[{"not_picked":["Backflip","Endless Agony"],"picked":"Blur","floor":1},{"not_picked":["Dagger Throw","Poisoned Stab"],"picked":"Predator","floor":5},{"not_picked":["Tools of the Trade","Eviscerate"],"picked":"Quick Slash","floor":7},{"not_picked":["Slice","Prepared"],"picked":"Deflect","floor":8},{"not_picked":["Deflect","Masterful Stab"],"picked":"Blur","floor":10},{"not_picked":["Catalyst","Masterful Stab","Underhanded Strike"],"picked":"SKIP","floor":13},{"not_picked":["Flying Knee","All Out Attack"],"picked":"Dodge and Roll","floor":14},{"not_picked":["Terror","Catalyst+1"],"picked":"PiercingWail","floor":18},{"not_picked":["Calculated Gamble","Poisoned Stab","Prepared"],"picked":"SKIP","floor":20},{"not_picked":["Prepared","Deadly Poison+1","All Out Attack"],"picked":"SKIP","floor":21},{"not_picked":["Doppelganger","Prepared"],"picked":"Crippling Poison","floor":22},{"not_picked":["Poisoned Stab+1","Riddle With Holes+1","Distraction"],"picked":"SKIP","floor":24},{"not_picked":["Poisoned Stab","Quick Slash+1"],"picked":"Well Laid Plans","floor":25},{"not_picked":["Dagger Throw+1","Glass Knife","Riddle With Holes"],"picked":"SKIP","floor":28},{"not_picked":["Terror+1","Dagger Spray"],"picked":"Adrenaline","floor":31}],"player_experience":1017091,"relics_obtained":[{"floor":7,"key":"Meat on the Bone"},{"floor":9,"key":"Centennial Puzzle"},{"floor":13,"key":"Mercury Hourglass"},{"floor":14,"key":"Potion Belt"},{"floor":24,"key":"Boot"},{"floor":26,"key":"Lantern"},{"floor":31,"key":"Thread and Needle"}],"event_choices":[{"event_name":"The Cleric","player_choice":"Leave","floor":2,"damage_taken":0},{"event_name":"World of Goop","player_choice":"Gather Gold","floor":3,"damage_taken":0},{"event_name":"Golden Wing","player_choice":"Ignored","floor":4,"damage_taken":0},{"event_name":"Dead Adventurer","player_choice":"Searched \u00272\u0027 times","floor":14,"damage_taken":0},{"event_name":"Addict","player_choice":"Obtained Relic","floor":19,"damage_taken":0}],"boss_relics":[{"not_picked":["Ectoplasm","Pandora\u0027s Box"],"picked":"Fusion Hammer"}],"items_purged_floors":[11],"is_endless":false,"potions_floor_spawned":[7,10,13,14,20,22,25],"killed_by":"Automaton","ascension_level":15}