{"gold_per_floor":[119,46,56,56,6,6,38,38,111,130,4,4,34,34,34,127,127,140,140],"floor_reached":19,"playtime":657,"items_purged":[],"score":337,"play_id":"2772f5ec-3d40-4f9a-9101-b124b0dfdd76","local_time":"20190118120339","is_ascension_mode":true,"campfire_choices":[{"data":"Bash","floor":6,"key":"SMITH"},{"data":"Juggernaut","floor":8,"key":"SMITH"},{"data":"True Grit","floor":12,"key":"SMITH"},{"floor":15,"key":"REST"}],"neow_cost":"NONE","seed_source_timestamp":102692156534633,"circlet_count":0,"master_deck":["AscendersBane","Strike_R","Defend_R","Defend_R","Defend_R","Defend_R","Bash+1","Bloodletting","Dropkick","Cleave","Juggernaut+1","Twin Strike","Whirlwind","True Grit+1","Disarm","Dark Embrace","Rage"],"relics":["Burning Blood","NeowsBlessing","Ice Cream","Singing Bowl","Strawberry","Golden Idol","Empty Cage"],"potions_floor_usage":[16,16],"damage_taken":[{"damage":0,"enemies":"Cultist","floor":1,"turns":1},{"damage":0,"enemies":"Jaw Worm","floor":3,"turns":1},{"damage":0,"enemies":"Gremlin Nob","floor":7,"turns":1},{"damage":11,"enemies":"2 Louse","floor":10,"turns":2},{"damage":32,"enemies":"Lagavulin","floor":13,"turns":6},{"damage":36,"enemies":"Slime Boss","floor":16,"turns":10},{"damage":59,"enemies":"Spheric Guardian","floor":18,"turns":7},{"damage":19,"enemies":"3 Byrds","floor":19,"turns":2}],"seed_played":"1862759005521395273","potions_obtained":[{"floor":3,"key":"BloodPotion"},{"floor":13,"key":"PowerPotion"},{"floor":16,"key":"Dexterity Potion"}],"is_trial":false,"path_per_floor":["M","$","M","?","?","R","E","R","T","M","$","R","E","?","R","B",null,"M","M"],"character_chosen":"IRONCLAD","items_purchased":["Dropkick","Whirlwind","True Grit"],"campfire_rested":1,"item_purchase_floors":[2,11,11],"current_hp_per_floor":[74,74,75,68,68,68,74,74,74,69,69,69,50,50,72,49,69,16,0],"gold":140,"neow_bonus":"THREE_ENEMY_KILL","is_prod":false,"is_daily":false,"chose_seed":false,"campfire_upgraded":3,"win_rate":0,"timestamp":1547831019,"path_taken":["M","?","M","?","?","R","E","R","T","M","$","R","E","?","R","BOSS","M","M"],"build_version":"2019-01-17v2","purchased_purges":0,"victory":false,"max_hp_per_floor":[75,75,75,75,75,75,75,75,75,75,75,75,82,76,76,76,76,76,76],"card_choices":[{"not_picked":["Warcry","Dual Wield"],"picked":"Bloodletting","floor":1},{"not_picked":["Heavy Blade","Warcry"],"picked":"Cleave","floor":3},{"not_picked":["Heavy Blade","Anger"],"picked":"Juggernaut","floor":7},{"not_picked":["Heavy Blade","Blood for Blood"],"picked":"Twin Strike","floor":10},{"not_picked":["Headbutt","Clash"],"picked":"Disarm","floor":13},{"not_picked":["Feed","Immolate"],"picked":"Dark Embrace","floor":16},{"not_picked":["Shockwave","Bloodletting"],"picked":"Rage","floor":18}],"player_experience":2153625,"relics_obtained":[{"floor":7,"key":"Ice Cream"},{"floor":9,"key":"Singing Bowl"},{"floor":13,"key":"Strawberry"}],"event_choices":[{"cards_removed":["Strike_R"],"damage_healed":0,"gold_gain":0,"player_choice":"Card Removal","damage_taken":7,"max_hp_gain":0,"max_hp_loss":0,"event_name":"Golden Wing","floor":4,"gold_loss":0},{"cards_removed":["Strike_R"],"damage_healed":0,"gold_gain":0,"player_choice":"Card Removal","damage_taken":0,"max_hp_gain":0,"max_hp_loss":0,"event_name":"The Cleric","floor":5,"gold_loss":50},{"damage_healed":0,"gold_gain":0,"player_choice":"Lose Max HP","damage_taken":0,"relics_obtained":["Golden Idol"],"max_hp_gain":0,"max_hp_loss":6,"event_name":"Golden Idol","floor":14,"gold_loss":0}],"is_beta":false,"boss_relics":[{"not_picked":["Lizard Tail","Ectoplasm"],"picked":"Empty Cage"}],"items_purged_floors":[],"is_endless":false,"potions_floor_spawned":[3,13,16],"killed_by":"3 Byrds","ascension_level":14}