{"gold_per_floor":[214,16,16,16,26,26,51,68,92,92],"floor_reached":10,"playtime":299,"items_purged":["Strike_R"],"score":112,"play_id":"540b4f76-4be0-4f41-882e-62f5631ad1e6","local_time":"20190117210335","is_ascension_mode":true,"campfire_choices":[{"floor":6,"key":"REST"}],"neow_cost":"NONE","seed_source_timestamp":49053486559954,"circlet_count":0,"master_deck":["AscendersBane","Strike_R","Strike_R","Strike_R","Strike_R","Defend_R","Defend_R","Defend_R","Defend_R","Bash","Inflame","Rampage","Battle Trance","Pummel","Spot Weakness","Flame Barrier"],"relics":["Burning Blood","Lantern","Shovel","Bag of Preparation"],"potions_floor_usage":[7,7],"damage_taken":[{"damage":6,"enemies":"Cultist","floor":1,"turns":3},{"damage":10,"enemies":"Small Slimes","floor":5,"turns":3},{"damage":30,"enemies":"Lagavulin","floor":7,"turns":6},{"damage":9,"enemies":"Jaw Worm","floor":8,"turns":3},{"damage":38,"enemies":"Gremlin Nob","floor":10,"turns":3}],"seed_played":"-6159237621265576478","potions_obtained":[{"floor":1,"key":"Explosive Potion"},{"floor":5,"key":"BloodPotion"}],"is_trial":false,"path_per_floor":["M","$","?","?","M","R","E","M","T","E"],"character_chosen":"IRONCLAD","items_purchased":["Rampage","Battle Trance"],"campfire_rested":1,"item_purchase_floors":[2,2],"current_hp_per_floor":[68,68,26,26,22,44,27,24,24,0],"gold":92,"neow_bonus":"HUNDRED_GOLD","is_prod":false,"is_daily":false,"chose_seed":false,"campfire_upgraded":0,"win_rate":0,"timestamp":1547777015,"path_taken":["M","$","?","?","M","R","E","M","T","E"],"build_version":"2019-01-17","purchased_purges":1,"victory":false,"max_hp_per_floor":[75,75,75,75,75,75,75,75,75,75],"card_choices":[{"not_picked":["Dual Wield","Sever Soul"],"picked":"Inflame","floor":1},{"not_picked":["Body Slam","Hemokinesis"],"picked":"Pummel","floor":5},{"not_picked":["Pommel Strike","Headbutt"],"picked":"Spot Weakness","floor":7},{"not_picked":["Clash","Sword Boomerang"],"picked":"Flame Barrier","floor":8}],"player_experience":2144238,"relics_obtained":[{"floor":7,"key":"Shovel"},{"floor":9,"key":"Bag of Preparation"}],"event_choices":[{"damage_healed":0,"gold_gain":0,"player_choice":"Success","damage_taken":42,"relics_obtained":["Lantern"],"max_hp_gain":0,"max_hp_loss":0,"event_name":"Scrap Ooze","floor":3,"gold_loss":0},{"damage_healed":0,"gold_gain":0,"player_choice":"Ignored","damage_taken":0,"max_hp_gain":0,"max_hp_loss":0,"event_name":"Shining Light","floor":4,"gold_loss":0}],"is_beta":false,"boss_relics":[],"items_purged_floors":[2],"is_endless":false,"potions_floor_spawned":[1,5],"killed_by":"Gremlin Nob","ascension_level":14}