{"gold_per_floor":[111,111,0,0,10,41,41,56,56,71,71,71,71,85,85,187,187,198,208,208,224,224,224,244,244,244,244,244,262,278,193,193,291,291,307,307,307,322,341,341,356,368,368,384,484,494,297,297,297,297],"floor_reached":51,"playtime":2511,"items_purged":["Defend_G","Parasite"],"score":833,"play_id":"24a0912f-594e-493d-a9a6-f39f9bd0695d","local_time":"20181228154227","is_ascension_mode":true,"campfire_choices":[{"data":"Neutralize","floor":7.0,"key":"SMITH"},{"floor":11.0,"key":"REST"},{"data":"Bouncing Flask","floor":13.0,"key":"SMITH"},{"data":"Noxious Fumes","floor":15.0,"key":"SMITH"},{"data":"Burst","floor":23.0,"key":"SMITH"},{"data":"Well Laid Plans","floor":25.0,"key":"SMITH"},{"floor":32.0,"key":"REST"},{"data":"Catalyst","floor":40.0,"key":"SMITH"},{"data":"Malaise","floor":49,"key":"SMITH"}],"neow_cost":"NONE","seed_source_timestamp":224693846965917,"circlet_count":0,"master_deck":["Defend_G","Defend_G","Defend_G","Defend_G","Strike_G","Strike_G","Survivor","Neutralize+1","Catalyst+1","Backflip","All Out Attack","Well Laid Plans+1","Bouncing Flask+1","PiercingWail","Flying Knee+1","Noxious Fumes+1","Burst+1","Dash+1","Catalyst+1","Blur","Malaise+1","Flechettes+1","Night Terror"],"special_seed":0,"relics":["Orrery","Molten Egg 2","Blood Vial","Bird Faced Urn","Cursed Key","Nilry\u0027s Codex","Incense Burner","Velvet Choker","Mango"],"potions_floor_usage":[46,50,50,50],"damage_taken":[{"damage":5.0,"enemies":"Small Slimes","floor":1.0,"turns":3.0},{"damage":1.0,"enemies":"2 Louse","floor":5.0,"turns":3.0},{"damage":27.0,"enemies":"3 Sentries","floor":6.0,"turns":7.0},{"damage":1.0,"enemies":"Cultist","floor":8.0,"turns":3.0},{"damage":3.0,"enemies":"Blue Slaver","floor":10.0,"turns":3.0},{"damage":1.0,"enemies":"Large Slime","floor":14.0,"turns":4.0},{"damage":9.0,"enemies":"Hexaghost","floor":16.0,"turns":6.0},{"damage":2.0,"enemies":"Shell Parasite","floor":18.0,"turns":4.0},{"damage":2.0,"enemies":"Chosen","floor":19.0,"turns":4.0},{"damage":0.0,"enemies":"Snecko","floor":21.0,"turns":2.0},{"damage":0.0,"enemies":"3 Cultists","floor":24.0,"turns":3.0},{"damage":18.0,"enemies":"Snake Plant","floor":29.0,"turns":3.0},{"damage":16.0,"enemies":"Centurion and Healer","floor":30.0,"turns":5.0},{"damage":7.0,"enemies":"Champ","floor":33.0,"turns":5.0},{"damage":27.0,"enemies":"3 Darklings","floor":35.0,"turns":6.0},{"damage":0.0,"enemies":"3 Shapes","floor":38.0,"turns":5.0},{"damage":1.0,"enemies":"Maw","floor":39.0,"turns":5.0},{"damage":5.0,"enemies":"Spire Growth","floor":41.0,"turns":4.0},{"damage":0.0,"enemies":"Transient","floor":42.0,"turns":5.0},{"damage":3.0,"enemies":"Writhing Mass","floor":44.0,"turns":4.0},{"damage":1,"enemies":"Mind Bloom Boss Battle","floor":45,"turns":5},{"damage":20,"enemies":"3 Darklings","floor":46,"turns":5},{"damage":48,"enemies":"Time Eater","floor":50,"turns":6}],"seed_played":"-7738305730349108690","potions_obtained":[{"floor":5.0,"key":"Dexterity Potion"},{"floor":8.0,"key":"LiquidBronze"},{"floor":14.0,"key":"AttackPotion"},{"floor":16.0,"key":"Swift Potion"},{"floor":18.0,"key":"PowerPotion"},{"floor":21.0,"key":"Energy Potion"},{"floor":33.0,"key":"Swift Potion"},{"floor":35.0,"key":"AttackPotion"},{"floor":39.0,"key":"Ancient Potion"},{"floor":42.0,"key":"PowerPotion"},{"floor":45,"key":"Energy Potion"},{"floor":46,"key":"PowerPotion"}],"is_trial":false,"path_per_floor":["M","?","$","?","M","E","R","M","T","M","R","?","R","M","R","B",null,"M","M","?","M","?","R","M","R","T","?","T","M","M","?","R","B",null,"M","?","?","M","M","R","M","M","T","M","?","M","$","?","R","B",null],"character_chosen":"THE_SILENT","items_purchased":["Well Laid Plans","Dexterity Potion","Energy Potion"],"campfire_rested":2,"item_purchase_floors":[3,47,47],"current_hp_per_floor":[65,58,58,51,50,23,23,24,24,25,46,46,46,49,49,46,64,68,70,54,58,58,58,64,64,64,51,51,37,27,27,49,50,69,50,50,50,54,59,59,58,64,64,65,84,70,70,70,70,28],"gold":297,"neow_bonus":"BOSS_RELIC","is_prod":false,"is_daily":false,"chose_seed":false,"campfire_upgraded":7,"win_rate":0,"timestamp":1545979347,"path_taken":["M","?","$","?","M","E","R","M","T","M","R","?","R","M","R","BOSS","M","M","?","M","?","R","M","R","T","?","?","M","?","?","R","BOSS","M","?","?","M","?","R","M","M","T","M","?","M","$","?","R","BOSS"],"build_version":"2018-12-20","purchased_purges":2,"victory":true,"max_hp_per_floor":[70,70,70,70,70,70,70,70,70,70,70,70,70,70,70,70,70,70,70,70,70,70,70,70,70,70,75,75,75,75,75,75,75,75,75,75,75,75,75,75,75,75,75,75,89,89,86,82,82,82],"card_choices":[{"not_picked":["Prepared","Escape Plan"],"picked":"Catalyst","floor":0.0},{"not_picked":["Blade Dance","Bane"],"picked":"Backflip","floor":0.0},{"not_picked":["Sucker Punch","Slice"],"picked":"Poisoned Stab","floor":0.0},{"not_picked":["Dodge and Roll","Accuracy"],"picked":"All Out Attack","floor":0.0},{"not_picked":["Dodge and Roll","Heel Hook","Underhanded Strike"],"picked":"SKIP","floor":1.0},{"not_picked":["Flechettes+1","Bane+1"],"picked":"Bouncing Flask","floor":5.0},{"not_picked":["Escape Plan","Sucker Punch+1"],"picked":"PiercingWail","floor":6.0},{"not_picked":["Masterful Stab+1","Envenom"],"picked":"Flying Knee+1","floor":8.0},{"not_picked":["Finisher+1","Distraction","Underhanded Strike+1"],"picked":"SKIP","floor":10.0},{"not_picked":["Sucker Punch+1","Poisoned Stab+1"],"picked":"Noxious Fumes","floor":14.0},{"not_picked":["Wraith Form v2","Bullet Time"],"picked":"Burst","floor":16.0},{"not_picked":["Underhanded Strike+1","Predator+1"],"picked":"Dash+1","floor":18.0},{"not_picked":["Poisoned Stab+1","Flying Knee+1"],"picked":"Catalyst","floor":19.0},{"not_picked":["Deadly Poison","Poisoned Stab+1"],"picked":"Blur","floor":21.0},{"not_picked":["Blade Dance+1","Distraction","Prepared"],"picked":"SKIP","floor":24.0},{"not_picked":["Underhanded Strike+1","Dagger Throw+1","Malaise"],"picked":"SKIP","floor":29.0},{"not_picked":["Quick Slash+1","Deadly Poison","Well Laid Plans"],"picked":"SKIP","floor":30.0},{"not_picked":["Glass Knife+1","Doppelganger"],"picked":"Night Terror","floor":33.0},{"not_picked":["Bane+1","Poisoned Stab+1","Concentrate+1"],"picked":"SKIP","floor":35.0},{"not_picked":["Accuracy+1","Concentrate+1","Blade Dance+1"],"picked":"SKIP","floor":38.0},{"not_picked":["Backstab+1","Deflect+1","Skewer+1"],"picked":"SKIP","floor":39.0},{"not_picked":["Deflect","Poisoned Stab+1","Cloak And Dagger"],"picked":"SKIP","floor":41.0},{"not_picked":["Dagger Spray+1","Slice+1","All Out Attack+1"],"picked":"SKIP","floor":42.0},{"not_picked":["Concentrate+1","Blade Dance+1","Outmaneuver+1"],"picked":"SKIP","floor":44.0},{"not_picked":["Dagger Spray+1","Choke+1","Sucker Punch+1"],"picked":"SKIP","floor":46}],"player_experience":266696,"relics_obtained":[{"floor":6.0,"key":"Blood Vial"},{"floor":9.0,"key":"Bird Faced Urn"},{"floor":20.0,"key":"Nilry\u0027s Codex"},{"floor":45,"key":"Mango"}],"event_choices":[{"cards_removed":["Strike_G"],"damage_healed":0.0,"max_hp_gain":0.0,"max_hp_loss":0.0,"gold_gain":0.0,"event_name":"Golden Wing","player_choice":"Card Removal","floor":2.0,"gold_loss":0.0,"damage_taken":7.0},{"damage_healed":0.0,"max_hp_gain":0.0,"max_hp_loss":0.0,"gold_gain":0.0,"event_name":"Scrap Ooze","player_choice":"Success","floor":4.0,"gold_loss":0.0,"damage_taken":7.0,"relics_obtained":["Molten Egg 2"]},{"damage_healed":0.0,"max_hp_gain":0.0,"max_hp_loss":0.0,"gold_gain":0.0,"event_name":"Upgrade Shrine","player_choice":"Upgraded","floor":12.0,"gold_loss":0.0,"damage_taken":0.0,"cards_upgraded":["Catalyst"]},{"damage_healed":0.0,"max_hp_gain":0.0,"max_hp_loss":0.0,"gold_gain":0.0,"event_name":"Cursed Tome","player_choice":"Obtained Book","floor":20.0,"gold_loss":0.0,"damage_taken":16.0},{"damage_healed":0.0,"max_hp_gain":0.0,"max_hp_loss":0.0,"gold_gain":0.0,"cards_transformed":["Strike_G","Strike_G"],"event_name":"Drug Dealer","player_choice":"Became Test Subject","floor":22.0,"gold_loss":0.0,"damage_taken":0.0,"cards_obtained":["Malaise","Flechettes"]},{"damage_healed":0.0,"max_hp_gain":5.0,"max_hp_loss":0.0,"gold_gain":0.0,"event_name":"Forgotten Altar","player_choice":"Shed Blood","floor":27.0,"gold_loss":0.0,"damage_taken":18.0},{"damage_healed":0.0,"max_hp_gain":0.0,"max_hp_loss":0.0,"gold_gain":0.0,"event_name":"Addict","player_choice":"Obtained Relic","floor":31.0,"gold_loss":85.0,"damage_taken":0.0,"relics_obtained":["Incense Burner"]},{"cards_removed":["Poisoned Stab"],"damage_healed":0.0,"max_hp_gain":0.0,"max_hp_loss":0.0,"gold_gain":0.0,"event_name":"Falling","player_choice":"Removed Attack","floor":36.0,"gold_loss":0.0,"damage_taken":0.0},{"damage_healed":0.0,"max_hp_gain":0.0,"max_hp_loss":0.0,"gold_gain":0.0,"event_name":"Tomb of Lord Red Mask","player_choice":"Ignored","floor":37.0,"gold_loss":0.0,"damage_taken":0.0},{"damage_healed":0,"gold_gain":0,"player_choice":"Fight","damage_taken":0,"max_hp_gain":0,"max_hp_loss":0,"event_name":"MindBloom","floor":45,"gold_loss":0},{"damage_healed":0,"gold_gain":0,"player_choice":"Max HP","damage_taken":0,"max_hp_gain":0,"max_hp_loss":4,"event_name":"Winding Halls","floor":48,"gold_loss":0}],"is_beta":false,"boss_relics":[{"not_picked":["White Beast Statue","Coffee Dripper"],"picked":"Cursed Key"},{"not_picked":["Snecko Eye","Calling Bell"],"picked":"Velvet Choker"}],"items_purged_floors":[3,47],"is_endless":false,"potions_floor_spawned":[5,8,14,16,18,21,33,35,39,42,45,46],"ascension_level":5}