{"gold_per_floor":[110,110,35,35,53,86,86,98,124,5,18,18],"floor_reached":12,"playtime":425,"items_purged":["Strike_B"],"score":148,"play_id":"3f69fd97-4888-4167-a8f7-dd5d07d020e8","local_time":"20181231104816","is_ascension_mode":true,"campfire_choices":[{"floor":7,"key":"REST"}],"neow_cost":"NONE","seed_source_timestamp":976900075279023,"circlet_count":0,"master_deck":["AscendersBane","Strike_B","Strike_B","Defend_B","Defend_B","Defend_B","Defend_B","Zap+1","Dualcast","Lockon","Conserve Battery","Static Discharge","Leap","Static Discharge","Capacitor"],"relics":["Velvet Choker","Art of War","Lantern"],"potions_floor_usage":[12],"damage_taken":[{"damage":3,"enemies":"2 Louse","floor":1,"turns":2},{"damage":4,"enemies":"Small Slimes","floor":5,"turns":3},{"damage":51,"enemies":"3 Sentries","floor":6,"turns":13},{"damage":7,"enemies":"Jaw Worm","floor":8,"turns":3},{"damage":1,"enemies":"3 Louse","floor":11,"turns":5},{"damage":41,"enemies":"Gremlin Nob","floor":12,"turns":3}],"seed_played":"-7497009011284991118","potions_obtained":[{"floor":1,"key":"Ancient Potion"},{"floor":6,"key":"SpeedPotion"},{"floor":11,"key":"Fire Potion"}],"is_trial":false,"path_per_floor":["M","?","?","?","M","E","R","M","T","$","M","E"],"character_chosen":"DEFECT","items_purchased":["Static Discharge"],"campfire_rested":1,"item_purchase_floors":[10],"current_hp_per_floor":[61,61,61,61,57,6,27,20,20,20,19,0],"gold":18,"neow_bonus":"BOSS_RELIC","is_prod":false,"is_daily":false,"chose_seed":false,"campfire_upgraded":0,"win_rate":0,"timestamp":1546271296,"path_taken":["M","?","?","?","M","E","R","M","T","$","M","E"],"build_version":"2018-12-20","purchased_purges":1,"victory":false,"max_hp_per_floor":[71,71,71,71,71,71,71,71,71,71,71,71],"card_choices":[{"not_picked":["Barrage","Darkness"],"picked":"Lockon","floor":1},{"not_picked":["Undo","Hologram"],"picked":"Conserve Battery","floor":5},{"not_picked":["Biased Cognition","BootSequence"],"picked":"Static Discharge","floor":6},{"not_picked":["Hologram","Gash"],"picked":"Leap","floor":8},{"not_picked":["Hologram","Barrage"],"picked":"Capacitor","floor":11}],"player_experience":1967832,"relics_obtained":[{"floor":6,"key":"Art of War"},{"floor":9,"key":"Lantern"}],"event_choices":[{"damage_healed":0,"gold_gain":0,"player_choice":"Grow","damage_taken":0,"max_hp_gain":0,"max_hp_loss":0,"event_name":"Living Wall","floor":2,"gold_loss":0,"cards_upgraded":["Zap"]},{"cards_removed":["Strike_B"],"damage_healed":0,"gold_gain":0,"player_choice":"Card Removal","damage_taken":0,"max_hp_gain":0,"max_hp_loss":0,"event_name":"The Cleric","floor":3,"gold_loss":75},{"damage_healed":0,"gold_gain":0,"player_choice":"Ignored","damage_taken":0,"max_hp_gain":0,"max_hp_loss":0,"event_name":"Shining Light","floor":4,"gold_loss":0}],"is_beta":false,"boss_relics":[],"items_purged_floors":[10],"is_endless":false,"potions_floor_spawned":[1,6,11],"killed_by":"Gremlin Nob","ascension_level":18}