{"gold_per_floor":[144,144,189,234,279,369,414,459,459,504,549,594,684,207,207,507,657,702,662,707,752,797,797,319,409,409,454,544,544,544,589,589,889,889,934,814,859,904,904,949,1039,1039,1064,1064,493,583,583,628,628,628],"floor_reached":51,"playtime":2645,"items_purged":["Defend_G","Strike_G","Strike_G","Strike_G"],"score":1240,"play_id":"c64cf435-1d53-42f2-9c4e-178145bcda68","local_time":"20181104182616","daily_mods":["Specialized","Vintage","Midas"],"is_ascension_mode":false,"campfire_choices":[{"floor":15,"key":"REST"},{"floor":23,"key":"REST"},{"floor":29,"key":"REST"},{"floor":32,"key":"REST"},{"floor":42,"key":"REST"},{"floor":49,"key":"REST"}],"neow_cost":"","seed_source_timestamp":0,"circlet_count":0,"master_deck":["Defend_G+1","Defend_G","Defend_G","Strike_G","Strike_G+1","Survivor","Neutralize","Cloak And Dagger+1","Cloak And Dagger","Cloak And Dagger","Cloak And Dagger","Cloak And Dagger+1","Dagger Spray+1","After Image","Dagger Throw","Dagger Spray","Noxious Fumes","Malaise+1","Well Laid Plans","Flechettes","Leg Sweep","Dagger Throw","Impatience","After Image","Infinite Blades","Parasite","Masterful Stab+1","Die Die Die","Flying Knee","PiercingWail+1","Madness","Madness"],"special_seed":17839,"relics":["Ring of the Snake","Vajra","Pocketwatch","Happy Flower","Question Card","Paper Crane","Prayer Wheel","Tingsha","Bottled Lightning","Regal Pillow","Darkstone Periapt","Sundial","Smiling Mask","Incense Burner","Tiny House","Bag of Preparation","Thread and Needle","Oddly Smooth Stone","Orichalcum","Bag of Marbles","Sling","Bronze Scales","Dodecahedron","Blue Candle","Shuriken","Kunai","Busted Crown","The Specimen","War Paint","Matryoshka","Whetstone","Bottled Tornado","Snake Skull","Pen Nib","Art of War","Anchor","Strawberry","Tough Bandages"],"potions_floor_usage":[6,16,25,50,50],"damage_taken":[{"damage":0,"enemies":"Jaw Worm","floor":1,"turns":5},{"damage":0,"enemies":"Cultist","floor":3,"turns":3},{"damage":0,"enemies":"Small Slimes","floor":4,"turns":4},{"damage":16,"enemies":"Exordium Thugs","floor":5,"turns":6},{"damage":15,"enemies":"Gremlin Nob","floor":6,"turns":5},{"damage":0,"enemies":"Blue Slaver","floor":7,"turns":4},{"damage":0,"enemies":"2 Fungi Beasts","floor":8,"turns":3},{"damage":7,"enemies":"Exordium Wildlife","floor":10,"turns":4},{"damage":0,"enemies":"Large Slime","floor":11,"turns":5},{"damage":0,"enemies":"3 Louse","floor":12,"turns":3},{"damage":0,"enemies":"3 Sentries","floor":13,"turns":6},{"damage":0,"enemies":"Slime Boss","floor":16,"turns":9},{"damage":0,"enemies":"3 Byrds","floor":18,"turns":5},{"damage":0,"enemies":"2 Thieves","floor":20,"turns":4},{"damage":0,"enemies":"Snecko","floor":21,"turns":6},{"damage":0,"enemies":"Centurion and Healer","floor":22,"turns":7},{"damage":0,"enemies":"Slavers","floor":25,"turns":4},{"damage":0,"enemies":"Snake Plant","floor":27,"turns":3},{"damage":0,"enemies":"Gremlin Leader","floor":28,"turns":5},{"damage":0,"enemies":"3 Cultists","floor":31,"turns":3},{"damage":0,"enemies":"Champ","floor":33,"turns":12},{"damage":0,"enemies":"Orb Walker","floor":35,"turns":3},{"damage":0,"enemies":"3 Shapes","floor":37,"turns":3},{"damage":0,"enemies":"Sphere and 2 Shapes","floor":38,"turns":6},{"damage":0,"enemies":"Writhing Mass","floor":40,"turns":6},{"damage":0,"enemies":"Reptomancer","floor":41,"turns":4},{"damage":0,"enemies":"Nemesis","floor":46,"turns":5},{"damage":0,"enemies":"4 Shapes","floor":48,"turns":5},{"damage":0,"enemies":"Awakened One","floor":50,"turns":10}],"seed_played":"-2369398875627800595","potions_obtained":[{"floor":1,"key":"Regen Potion"},{"floor":7,"key":"GamblersBrew"},{"floor":8,"key":"GhostInAJar"},{"floor":10,"key":"Block Potion"},{"floor":13,"key":"Dexterity Potion"},{"floor":16,"key":"Explosive Potion"},{"floor":25,"key":"Poison Potion"}],"is_trial":false,"path_per_floor":["M","?","M","M","M","E","M","M","T","M","M","M","E","$","R","B",null,"M","?","M","M","M","R","$","E","T","M","E","R","?","M","R","B",null,"M","$","M","M","?","M","E","R","T","?","$","E","?","M","R","B",null],"character_chosen":"THE_SILENT","items_purchased":["Dagger Throw","Dagger Spray","Noxious Fumes","Incense Burner","Bag of Marbles","Flechettes","Sling","Infinite Blades","Art of War","Anchor","Die Die Die","Flying Knee","Weak Potion"],"campfire_rested":6,"item_purchase_floors":[14,14,14,14,24,24,24,36,45,45,45,45,45],"current_hp_per_floor":[70,70,70,70,54,53,53,53,53,46,46,46,46,46,70,70,75,75,75,75,75,75,75,75,75,75,75,75,75,54,54,75,75,75,75,75,75,75,75,81,81,81,81,81,81,88,77,77,88,88],"gold":628,"neow_bonus":"","is_prod":false,"is_daily":true,"chose_seed":false,"campfire_upgraded":0,"win_rate":0,"timestamp":1541352376,"path_taken":["M","?","M","M","M","E","M","M","T","?","M","?","E","$","R","BOSS","M","?","M","M","M","R","$","E","T","?","E","R","?","M","R","BOSS","M","$","?","M","?","M","E","R","T","?","$","E","?","M","R","BOSS"],"build_version":"2018-11-01","purchased_purges":4,"victory":true,"max_hp_per_floor":[70,70,70,70,70,70,70,70,70,70,70,70,70,70,70,70,75,75,75,75,75,75,75,75,75,75,75,75,75,75,75,75,75,75,75,75,75,75,75,81,81,81,81,81,81,88,88,88,88,88],"card_choices":[{"not_picked":["Doppelganger","Poisoned Stab","Die Die Die"],"picked":"Dagger Spray","floor":6},{"not_picked":["PiercingWail","Quick Slash","Underhanded Strike"],"picked":"After Image","floor":13},{"not_picked":["Glass Knife","Phantasmal Killer","Die Die Die"],"picked":"Malaise","floor":16},{"not_picked":["Flying Knee","Slice","Blade Dance"],"picked":"Well Laid Plans","floor":17},{"not_picked":["Outmaneuver+1","Choke+1","Underhanded Strike+1"],"picked":"Leg Sweep","floor":25},{"not_picked":["Backflip","Reflex","Underhanded Strike"],"picked":"Dagger Throw","floor":28},{"not_picked":["Envenom","Phantasmal Killer","Burst"],"picked":"After Image","floor":33},{"not_picked":["Deflect"],"picked":"Masterful Stab+1","floor":41},{"not_picked":["Outmaneuver"],"picked":"PiercingWail+1","floor":46}],"player_experience":1590900,"relics_obtained":[{"floor":1,"key":"Vajra"},{"floor":3,"key":"Pocketwatch"},{"floor":4,"key":"Happy Flower"},{"floor":5,"key":"Question Card"},{"floor":6,"key":"Paper Crane"},{"floor":7,"key":"Prayer Wheel"},{"floor":8,"key":"Tingsha"},{"floor":9,"key":"Bottled Lightning"},{"floor":10,"key":"Regal Pillow"},{"floor":11,"key":"Darkstone Periapt"},{"floor":12,"key":"Sundial"},{"floor":13,"key":"Smiling Mask"},{"floor":18,"key":"Bag of Preparation"},{"floor":20,"key":"Thread and Needle"},{"floor":21,"key":"Oddly Smooth Stone"},{"floor":22,"key":"Orichalcum"},{"floor":25,"key":"Bronze Scales"},{"floor":26,"key":"Dodecahedron"},{"floor":27,"key":"Blue Candle"},{"floor":28,"key":"Shuriken"},{"floor":31,"key":"Kunai"},{"floor":35,"key":"The Specimen"},{"floor":37,"key":"War Paint"},{"floor":38,"key":"Matryoshka"},{"floor":40,"key":"Whetstone"},{"floor":41,"key":"Bottled Tornado"},{"floor":43,"key":"Snake Skull"},{"floor":43,"key":"Pen Nib"},{"floor":46,"key":"Strawberry"},{"floor":48,"key":"Tough Bandages"}],"event_choices":[{"cards_removed":["Defend_G"],"damage_healed":0,"gold_gain":0,"player_choice":"Offered Basic","damage_taken":0,"max_hp_gain":0,"max_hp_loss":0,"event_name":"Bonfire Elementals","floor":2,"gold_loss":0},{"damage_healed":0,"gold_gain":0,"player_choice":"Upgrade","damage_taken":0,"max_hp_gain":0,"max_hp_loss":0,"event_name":"Designer","floor":19,"gold_loss":40,"cards_upgraded":["Malaise"]},{"damage_healed":0,"gold_gain":0,"player_choice":"CARD CARD ","damage_taken":21,"max_hp_gain":0,"max_hp_loss":0,"event_name":"Knowing Skull","floor":30,"potions_obtained":[],"gold_loss":0,"cards_obtained":["Enlightenment","Impatience"]},{"cards_removed":["Enlightenment"],"damage_healed":0,"gold_gain":0,"player_choice":"Removed Skill","damage_taken":0,"max_hp_gain":0,"max_hp_loss":0,"event_name":"Falling","floor":39,"gold_loss":0},{"damage_healed":0,"gold_gain":0,"player_choice":"Ignored","damage_taken":0,"max_hp_gain":0,"max_hp_loss":0,"event_name":"Tomb of Lord Red Mask","floor":44,"gold_loss":0},{"damage_healed":0,"gold_gain":0,"player_choice":"Embrace Madness","damage_taken":11,"max_hp_gain":0,"max_hp_loss":0,"event_name":"Winding Halls","floor":47,"gold_loss":0,"cards_obtained":["Madness","Madness"]}],"is_beta":false,"boss_relics":[{"not_picked":["Lizard Tail","Velvet Choker"],"picked":"Tiny House"},{"not_picked":["White Beast Statue","Philosopher\u0027s Stone"],"picked":"Busted Crown"}],"items_purged_floors":[14,24,36,45],"is_endless":false,"potions_floor_spawned":[1,7,8,10,13,16,18,25,37,40,46,48],"ascension_level":0}