{"gold_per_floor":[115,115,115,56,6,32,32,51,51,61,96,109,127,139,139,139],"floor_reached":16,"playtime":895,"items_purged":[],"score":112,"play_id":"34fc8e90-59b3-4779-834d-5aab90398cc9","local_time":"20180814002032","is_ascension_mode":false,"campfire_choices":[{"data":"Perfected Strike","floor":7,"key":"SMITH"},{"data":"Flex","floor":15,"key":"SMITH"}],"neow_cost":"NONE","seed_source_timestamp":17055154386925,"circlet_count":0,"master_deck":["Strike_R","Strike_R","Strike_R","Strike_R","Strike_R","Defend_R","Defend_R","Bash","Perfected Strike+1","Pommel Strike","Flex+1","Flex"],"relics":["Burning Blood","Pen Nib","Paper Frog","Dead Branch","Meat on the Bone","Orichalcum"],"potions_floor_usage":[],"damage_taken":[{"damage":10,"enemies":"Small Slimes","floor":1,"turns":4},{"damage":31,"enemies":"Lagavulin","floor":6,"turns":5},{"damage":0,"enemies":"2 Louse","floor":8,"turns":1},{"damage":1,"enemies":"Jaw Worm","floor":10,"turns":2},{"damage":26,"enemies":"3 Sentries","floor":11,"turns":5},{"damage":4,"enemies":"Looter","floor":12,"turns":2},{"damage":0,"enemies":"Large Slime","floor":13,"turns":5},{"damage":12,"enemies":"Exordium Thugs","floor":14,"turns":3},{"damage":20,"enemies":"Slime Boss","floor":16,"turns":7}],"seed_played":"7864929763169517001","potions_obtained":[{"floor":8,"key":"Block Potion"},{"floor":12,"key":"Poison Potion"},{"floor":13,"key":"Swift Potion"},{"floor":14,"key":"EntropicBrew"}],"is_trial":false,"path_per_floor":["M","?","?","?","$","E","R","M","T","M","E","M","M","M","R"],"character_chosen":"IRONCLAD","items_purchased":["Pommel Strike"],"campfire_rested":0,"item_purchase_floors":[5],"current_hp_per_floor":[76,64,57,57,57,32,32,38,38,55,47,49,55,49,49,29],"gold":139,"neow_bonus":"REMOVE_CARD","is_prod":false,"is_daily":false,"chose_seed":false,"campfire_upgraded":2,"win_rate":0,"timestamp":1534171832,"path_taken":["M","?","?","?","$","E","R","M","T","M","E","?","M","M","R","BOSS"],"build_version":"2018-08-09","purchased_purges":0,"victory":false,"max_hp_per_floor":[80,80,80,80,80,80,80,80,80,80,80,80,80,80,80,80],"card_choices":[{"not_picked":["Clothesline","Shrug It Off"],"picked":"Perfected Strike","floor":1},{"not_picked":["Body Slam","Reaper","Dual Wield"],"picked":"SKIP","floor":6},{"not_picked":["Carnage","Headbutt","Corruption"],"picked":"SKIP","floor":8},{"not_picked":["Headbutt","Clothesline","Iron Wave"],"picked":"SKIP","floor":10},{"not_picked":["Headbutt","Body Slam"],"picked":"Flex","floor":11},{"not_picked":["Fiend Fire","Shrug It Off","Rampage"],"picked":"SKIP","floor":12},{"not_picked":["Headbutt","Cleave"],"picked":"Flex","floor":13},{"not_picked":["Body Slam","True Grit","Heavy Blade"],"picked":"SKIP","floor":14}],"player_experience":338987,"relics_obtained":[{"floor":6,"key":"Dead Branch"},{"floor":9,"key":"Meat on the Bone"},{"floor":11,"key":"Orichalcum"}],"event_choices":[{"event_name":"Scrap Ooze","player_choice":"success","floor":2,"damage_taken":12},{"event_name":"Golden Wing","player_choice":"Card Removal","floor":3,"damage_taken":0},{"event_name":"WeMeetAgain","player_choice":"Gold","floor":4,"damage_taken":0}],"is_beta":false,"boss_relics":[],"items_purged_floors":[],"is_endless":false,"potions_floor_spawned":[8,12,13,14],"killed_by":"Slime Boss","ascension_level":0}