{"gold_per_floor":[368,368,368,386,61,61,71,82,135,148,159,159,189,205,205,205],"floor_reached":16,"playtime":661,"items_purged":[],"score":203,"play_id":"8445f95f-7da4-4675-986b-58d12d5ec5f9","local_time":"20190211000301","is_ascension_mode":true,"campfire_choices":[{"floor":6,"key":"REST"},{"floor":12,"key":"REST"},{"data":"Zap","floor":15,"key":"SMITH"}],"neow_cost":"PERCENT_DAMAGE","seed_source_timestamp":1626360006449425,"circlet_count":0,"master_deck":["AscendersBane","Strike_B","Strike_B","Strike_B","Strike_B","Defend_B","Defend_B","Defend_B","Defend_B","Zap+1","Dualcast","FTL","Gash","Gash","Leap","Scrape","Ball Lightning"],"relics":["Cracked Core","Singing Bowl","Bronze Scales","DataDisk"],"potions_floor_usage":[13,16],"damage_taken":[{"damage":1,"enemies":"Cultist","floor":1,"turns":3},{"damage":0,"enemies":"Small Slimes","floor":4,"turns":2},{"damage":7,"enemies":"2 Louse","floor":7,"turns":3},{"damage":11,"enemies":"Large Slime","floor":8,"turns":5},{"damage":2,"enemies":"3 Louse","floor":10,"turns":3},{"damage":7,"enemies":"Looter","floor":11,"turns":3},{"damage":30,"enemies":"3 Sentries","floor":13,"turns":7},{"damage":6,"enemies":"Lots of Slimes","floor":14,"turns":4},{"damage":39,"enemies":"The Guardian","floor":16,"turns":7}],"seed_played":"-3159107287061192560","potions_obtained":[{"floor":1,"key":"FairyPotion"},{"floor":8,"key":"Swift Potion"},{"floor":13,"key":"EssenceOfSteel"}],"is_trial":false,"path_per_floor":["M","$","?","M","$","R","M","M","T","M","M","R","E","M","R","B"],"character_chosen":"DEFECT","items_purchased":["Gash","Singing Bowl"],"campfire_rested":2,"item_purchase_floors":[5,5],"current_hp_per_floor":[45,45,41,41,41,62,57,46,46,46,39,61,33,27,27,0],"gold":205,"neow_bonus":"TWO_FIFTY_GOLD","is_prod":false,"is_daily":false,"chose_seed":false,"campfire_upgraded":1,"win_rate":0,"timestamp":1549864981,"path_taken":["M","$","?","?","$","R","M","M","T","M","M","R","E","M","R","BOSS"],"build_version":"2019-02-06","purchased_purges":0,"victory":false,"max_hp_per_floor":[71,71,71,71,71,71,73,73,73,75,75,75,77,77,77,77],"card_choices":[{"not_picked":["Turbo","Compile Driver"],"picked":"FTL","floor":1},{"not_picked":["Beam Cell","Streamline"],"picked":"Gash","floor":4},{"not_picked":["Conserve Battery","Turbo","Hologram"],"picked":"Singing Bowl","floor":7},{"not_picked":["Chaos","Lockon"],"picked":"Leap","floor":8},{"not_picked":["Rebound","Compile Driver","Coolheaded"],"picked":"Singing Bowl","floor":10},{"not_picked":["Blizzard","Capacitor"],"picked":"Scrape","floor":11},{"not_picked":["Skim","Rainbow","Stack"],"picked":"Singing Bowl","floor":13},{"not_picked":["Coolheaded","Conserve Battery"],"picked":"Ball Lightning","floor":14}],"player_experience":805921,"relics_obtained":[{"floor":9,"key":"Bronze Scales"},{"floor":13,"key":"DataDisk"}],"event_choices":[{"damage_healed":0,"gold_gain":0,"player_choice":"Bought 0 Potions","damage_taken":0,"max_hp_gain":0,"max_hp_loss":0,"event_name":"The Woman in Blue","floor":3,"gold_loss":0}],"is_beta":true,"boss_relics":[],"items_purged_floors":[],"is_endless":false,"potions_floor_spawned":[1,8,13],"killed_by":"The Guardian","ascension_level":19}