{"gold_per_floor":[118,268,268,288,303,18,53,3,27,27,61,17,17,50,50,50],"floor_reached":16,"playtime":482,"items_purged":[],"score":215,"play_id":"06ad1343-6b11-4b89-9155-6d08d0c596a8","local_time":"20190215140036","is_ascension_mode":true,"campfire_choices":[{"floor":10,"key":"REST"},{"floor":15,"key":"REST"}],"neow_cost":"NONE","seed_source_timestamp":124354981074948,"circlet_count":0,"master_deck":["AscendersBane","Strike_R+1","Strike_R","Strike_R","Strike_R","Strike_R","Defend_R","Defend_R","Defend_R","Defend_R","Bash","Ghostly Armor","Cleave","Perfected Strike","Wild Strike+1","Cleave","Headbutt","Parasite","Flame Barrier"],"relics":["Burning Blood","Smiling Mask","HandDrill","Whetstone","Bag of Marbles","Peace Pipe","Blood Vial"],"potions_floor_usage":[5,14,16],"damage_taken":[{"damage":14,"enemies":"Small Slimes","floor":1,"turns":5},{"damage":8,"enemies":"2 Louse","floor":4,"turns":4},{"damage":0,"enemies":"Cultist","floor":5,"turns":4},{"damage":40,"enemies":"3 Sentries","floor":7,"turns":7},{"damage":40,"enemies":"Lagavulin","floor":11,"turns":4},{"damage":25,"enemies":"3 Sentries","floor":14,"turns":5},{"damage":50,"enemies":"Hexaghost","floor":16,"turns":9}],"seed_played":"2795251269467245407","potions_obtained":[{"floor":4,"key":"Weak Potion"},{"floor":5,"key":"SteroidPotion"},{"floor":7,"key":"Dexterity Potion"},{"floor":11,"key":"BloodPotion"}],"is_trial":false,"path_per_floor":["M","?","?","M","M","$","E","$","T","R","E","?","?","E","R","B"],"character_chosen":"IRONCLAD","items_purchased":["Wild Strike","HandDrill","Headbutt"],"campfire_rested":2,"item_purchase_floors":[6,6,8],"current_hp_per_floor":[60,60,60,58,64,64,30,30,30,52,18,18,36,24,46,0],"gold":50,"neow_bonus":"RANDOM_COMMON_RELIC","is_prod":false,"is_daily":false,"chose_seed":false,"campfire_upgraded":0,"win_rate":0,"timestamp":1550257236,"path_taken":["M","?","?","?","M","$","E","$","T","R","E","?","?","E","R","BOSS"],"build_version":"2019-01-23","purchased_purges":0,"victory":false,"max_hp_per_floor":[75,75,75,75,75,75,75,75,75,75,75,75,75,75,75,75],"card_choices":[{"not_picked":["True Grit","Body Slam"],"picked":"Ghostly Armor","floor":1},{"not_picked":["Twin Strike","Shockwave"],"picked":"Cleave","floor":4},{"not_picked":["Twin Strike","Iron Wave"],"picked":"Perfected Strike","floor":5},{"not_picked":["Iron Wave","Fire Breathing"],"picked":"Cleave","floor":7},{"not_picked":["Flex","Sever Soul","Combust"],"picked":"SKIP","floor":11},{"not_picked":["Limit Break","Heavy Blade"],"picked":"Flame Barrier","floor":14}],"player_experience":2444060,"relics_obtained":[{"floor":7,"key":"Whetstone"},{"floor":9,"key":"Bag of Marbles"},{"floor":11,"key":"Peace Pipe"},{"floor":14,"key":"Blood Vial"}],"event_choices":[{"damage_healed":0,"gold_gain":150,"player_choice":"AGREE","damage_taken":0,"max_hp_gain":0,"max_hp_loss":0,"event_name":"Liars Game","floor":2,"gold_loss":0,"cards_obtained":["Doubt"]},{"cards_removed":["Doubt"],"damage_healed":0,"gold_gain":0,"player_choice":"Removed Curses","damage_taken":0,"max_hp_gain":0,"max_hp_loss":0,"event_name":"Fountain of Cleansing","floor":3,"gold_loss":0},{"damage_healed":0,"gold_gain":0,"player_choice":"Left Gold","damage_taken":0,"max_hp_gain":0,"max_hp_loss":0,"event_name":"World of Goop","floor":12,"gold_loss":44},{"damage_healed":18,"gold_gain":0,"player_choice":"Healed and dodged fight","damage_taken":0,"max_hp_gain":0,"max_hp_loss":0,"event_name":"Mushrooms","floor":13,"gold_loss":0,"cards_obtained":["Parasite"]}],"is_beta":false,"boss_relics":[],"items_purged_floors":[],"is_endless":false,"potions_floor_spawned":[4,5,7,11],"killed_by":"Hexaghost","ascension_level":17}