{"gold_per_floor":[114,18,18,18,29,29,64,82,130,130,144,162,195,46,46,117,117,133,58,77,77,77,77,97,97,97,114,130,130,130,5,5,5],"floor_reached":33,"playtime":1055,"items_purged":["Strike_R"],"score":446,"play_id":"984e001e-0165-445b-b875-1c39de9c2c50","local_time":"20190208203416","is_ascension_mode":true,"campfire_choices":[{"floor":6,"key":"REST"},{"data":"Seeing Red","floor":10,"key":"SMITH"},{"data":"Flame Barrier","floor":15,"key":"SMITH"},{"data":"Bludgeon","floor":23,"key":"SMITH"},{"data":"Heavy Blade","floor":25,"key":"SMITH"},{"data":"Shockwave","floor":30,"key":"SMITH"},{"data":"Spot Weakness","floor":32,"key":"SMITH"}],"neow_cost":"NONE","seed_source_timestamp":1420982271603689,"circlet_count":0,"master_deck":["AscendersBane","Strike_R","Defend_R","Defend_R","Defend_R+1","Defend_R+1","Bash+1","Finesse","Seeing Red+1","Flex","Offering","Feel No Pain","Warcry","Sword Boomerang","Spot Weakness+1","Flame Barrier+1","Heavy Blade+1","Inflame","Bludgeon+1","Uppercut","Shockwave+1","Ghostly","Ghostly","Ghostly","True Grit","Blood for Blood","Feed"],"relics":["Burning Blood","PreservedInsect","Omamori","MawBank","Mark of Pain","Champion Belt","Ornamental Fan"],"potions_floor_usage":[7,13,16,18,33],"damage_taken":[{"damage":5,"enemies":"Cultist","floor":1,"turns":4},{"damage":4,"enemies":"2 Louse","floor":5,"turns":2},{"damage":22,"enemies":"Lagavulin","floor":7,"turns":6},{"damage":0,"enemies":"Small Slimes","floor":8,"turns":3},{"damage":18,"enemies":"3 Louse","floor":11,"turns":5},{"damage":11,"enemies":"Exordium Wildlife","floor":12,"turns":4},{"damage":11,"enemies":"3 Sentries","floor":13,"turns":5},{"damage":28,"enemies":"Slime Boss","floor":16,"turns":4},{"damage":21,"enemies":"2 Thieves","floor":18,"turns":3},{"damage":4,"enemies":"Shell Parasite","floor":20,"turns":3},{"damage":14,"enemies":"Snake Plant","floor":24,"turns":3},{"damage":2,"enemies":"Snecko","floor":27,"turns":3},{"damage":2,"enemies":"Centurion and Healer","floor":28,"turns":5},{"damage":37,"enemies":"Automaton","floor":33,"turns":6}],"seed_played":"4430099194574202508","potions_obtained":[{"floor":11,"key":"PowerPotion"},{"floor":12,"key":"SpeedPotion"},{"floor":16,"key":"Fire Potion"},{"floor":18,"key":"LiquidBronze"},{"floor":27,"key":"Block Potion"}],"is_trial":false,"path_per_floor":["M","$","?","?","M","R","E","M","T","R","M","M","E","$","R","B",null,"M","?","M","?","?","R","M","R","T","M","M","T","R","$","R","B"],"character_chosen":"IRONCLAD","items_purchased":["Flex","PowerPotion","Flame Barrier","Heavy Blade","Inflame","Explosive Potion"],"campfire_rested":1,"item_purchase_floors":[2,2,14,14,14,31],"current_hp_per_floor":[69,69,46,46,48,70,54,60,60,60,48,43,38,38,38,16,60,45,45,47,37,37,37,29,29,29,33,37,37,37,37,37,0],"gold":5,"neow_bonus":"RANDOM_COLORLESS","is_prod":false,"is_daily":false,"chose_seed":false,"campfire_upgraded":6,"win_rate":0,"timestamp":1549625656,"path_taken":["M","?","?","?","M","R","E","M","T","R","M","M","E","$","R","BOSS","M","?","M","?","?","R","M","R","T","M","?","?","R","$","R","BOSS"],"build_version":"2019-01-23","purchased_purges":1,"victory":false,"max_hp_per_floor":[75,75,75,75,75,75,75,75,75,75,75,75,75,75,75,75,75,75,75,75,37,37,37,37,37,37,37,37,37,37,37,37,37],"card_choices":[{"not_picked":["Spot Weakness","Rupture"],"picked":"Seeing Red","floor":1},{"not_picked":["Thunderclap","Sword Boomerang","Searing Blow"],"picked":"SKIP","floor":5},{"not_picked":["Second Wind","Body Slam"],"picked":"Offering","floor":7},{"not_picked":["Rage","Headbutt"],"picked":"Feel No Pain","floor":8},{"not_picked":["Perfected Strike","Combust"],"picked":"Warcry","floor":11},{"not_picked":["Havoc","Clash"],"picked":"Sword Boomerang","floor":12},{"not_picked":["Body Slam","Wild Strike"],"picked":"Spot Weakness","floor":13},{"not_picked":["Feed","Fiend Fire"],"picked":"Bludgeon","floor":16},{"not_picked":["Anger","Clothesline"],"picked":"Uppercut","floor":18},{"not_picked":["Thunderclap","Wild Strike"],"picked":"Shockwave","floor":20},{"not_picked":["Flame Barrier","Hemokinesis+1","Sword Boomerang"],"picked":"SKIP","floor":24},{"not_picked":["Clothesline+1","Headbutt+1","Searing Blow"],"picked":"SKIP","floor":27},{"not_picked":["Havoc","Heavy Blade"],"picked":"Feed","floor":28}],"player_experience":498032,"relics_obtained":[{"floor":7,"key":"PreservedInsect"},{"floor":9,"key":"Omamori"},{"floor":13,"key":"MawBank"},{"floor":26,"key":"Champion Belt"},{"floor":29,"key":"Ornamental Fan"}],"event_choices":[{"damage_healed":0,"gold_gain":0,"player_choice":"Entered Light","damage_taken":23,"max_hp_gain":0,"max_hp_loss":0,"event_name":"Shining Light","floor":3,"gold_loss":0,"cards_upgraded":["Defend_R","Defend_R"]},{"damage_healed":0,"gold_gain":0,"player_choice":"Upgraded","damage_taken":0,"max_hp_gain":0,"max_hp_loss":0,"event_name":"Upgrade Shrine","floor":4,"gold_loss":0,"cards_upgraded":["Bash"]},{"cards_removed":["Strike_R"],"damage_healed":0,"gold_gain":0,"player_choice":"Gave Gold","damage_taken":0,"max_hp_gain":0,"max_hp_loss":0,"event_name":"Beggar","floor":19,"gold_loss":75},{"damage_healed":0,"gold_gain":0,"player_choice":"Became a Ghost","damage_taken":0,"max_hp_gain":0,"max_hp_loss":38,"event_name":"Ghosts","floor":21,"gold_loss":0,"cards_obtained":["Ghostly","Ghostly","Ghostly"]},{"damage_healed":0,"gold_gain":0,"cards_transformed":["Strike_R","Strike_R"],"player_choice":"Became Test Subject","damage_taken":0,"max_hp_gain":0,"max_hp_loss":0,"event_name":"Drug Dealer","floor":22,"gold_loss":0,"cards_obtained":["True Grit","Blood for Blood"]}],"is_beta":false,"boss_relics":[{"not_picked":["Runic Cube","Orrery"],"picked":"Mark of Pain"}],"items_purged_floors":[31],"is_endless":false,"potions_floor_spawned":[11,12,16,18,27,28],"killed_by":"Automaton","ascension_level":15}