{"gold_per_floor":[113,133,151,151,165,165,165,165,165,175,191,209,219,237,237,332,332,346,361,213,213,213,213,245,245,271,283,283,35,35,35,35,130,130,148,165,165,16,30,61,61,161,186,186,11,25,25,38,38,38],"floor_reached":50,"playtime":2857,"items_purged":["Strike_B","Defend_B","Defend_B","Loop"],"score":609,"play_id":"16ba4b64-7cc1-45b1-a829-941c5737f87a","local_time":"20180713095357","is_ascension_mode":false,"campfire_choices":[{"data":"Zap","floor":6,"key":"SMITH"},{"data":"Dualcast","floor":8,"key":"SMITH"},{"floor":15,"key":"REST"},{"data":"Hyperbeam","floor":23,"key":"SMITH"},{"data":"Aggregate","floor":25,"key":"SMITH"},{"floor":28,"key":"REST"},{"data":"Steam","floor":30,"key":"SMITH"},{"data":"Go for the Eyes","floor":32,"key":"SMITH"},{"data":"Redo","floor":41,"key":"SMITH"},{"data":"Machine Learning","floor":44,"key":"SMITH"},{"data":"Madness","floor":47,"key":"SMITH"},{"floor":49,"key":"REST"}],"neow_cost":"","seed_source_timestamp":0,"circlet_count":0,"master_deck":["Defend_B","Defend_B","Zap+1","Dualcast+1","Go for the Eyes","Beam Cell","Go for the Eyes","Aggregate+1","Go for the Eyes+1","Go for the Eyes","Hyperbeam+1","Beam Cell","Gash","BootSequence","Beam Cell","Steam+1","Multi-Cast","Redo+1","Madness+1","Beam Cell","Beam Cell","Machine Learning+1","Steam","Aggregate+1"],"relics":["Unceasing Top","Bottled Flame","Empty Cage","Gremlin Horn","Regal Pillow","Lantern","Inserter","Oddly Smooth Stone"],"potions_floor_usage":[13,16,16,33,33,46,50,50,50,50,50],"damage_taken":[{"damage":0,"enemies":"2 Louse","floor":1,"turns":2},{"damage":6,"enemies":"Jaw Worm","floor":2,"turns":4},{"damage":4,"enemies":"Cultist","floor":3,"turns":3},{"damage":4,"enemies":"Blue Slaver","floor":5,"turns":4},{"damage":0,"enemies":"Gremlin Gang","floor":10,"turns":3},{"damage":8,"enemies":"2 Fungi Beasts","floor":11,"turns":3},{"damage":4,"enemies":"Blue Slaver","floor":12,"turns":3},{"damage":6,"enemies":"3 Louse","floor":13,"turns":3},{"damage":3,"enemies":"Large Slime","floor":14,"turns":5},{"damage":53,"enemies":"The Guardian","floor":16,"turns":12},{"damage":13,"enemies":"Shell Parasite","floor":18,"turns":5},{"damage":7,"enemies":"2 Thieves","floor":19,"turns":3},{"damage":0,"enemies":"Slavers","floor":24,"turns":3},{"damage":10,"enemies":"Snake Plant","floor":27,"turns":3},{"damage":16,"enemies":"Collector","floor":33,"turns":7},{"damage":0,"enemies":"3 Darklings","floor":35,"turns":3},{"damage":17,"enemies":"Flame Bruiser 1 Orb","floor":36,"turns":3},{"damage":6,"enemies":"4 Shapes","floor":39,"turns":2},{"damage":4,"enemies":"Giant Head","floor":40,"turns":5},{"damage":0,"enemies":"3 Darklings","floor":46,"turns":2},{"damage":0,"enemies":"Flame Bruiser 2 Orb","floor":48,"turns":1},{"damage":101,"enemies":"Awakened One","floor":50,"turns":11}],"seed_played":"-7857701444451375443","potions_obtained":[{"floor":11,"key":"GamblersBrew"},{"floor":12,"key":"AttackPotion"},{"floor":14,"key":"Energy Potion"},{"floor":16,"key":"PowerPotion"},{"floor":19,"key":"Swift Potion"},{"floor":24,"key":"FearPotion"},{"floor":33,"key":"FearPotion"},{"floor":39,"key":"EntropicBrew"},{"floor":46,"key":"SkillPotion"}],"is_trial":true,"path_per_floor":["M","M","M","?","M","R","?","R","T","M","M","M","M","M","R","B",null,"M","M","$","?","?","R","E","R","T","M","R","$","R","?","R","B",null,"M","M","?","$","M","E","R","?","T","R","$","M","R","M","R"],"character_chosen":"DEFECT","items_purchased":["BootSequence","Lantern","Beam Cell","Steam"],"campfire_rested":3,"item_purchase_floors":[20,29,38,45],"current_hp_per_floor":[75,69,65,65,61,61,54,54,54,54,46,42,36,33,55,2,75,62,55,55,41,41,41,41,41,41,31,70,70,70,70,70,54,80,80,63,63,63,57,53,53,53,53,53,53,53,53,53,80,0],"gold":38,"neow_bonus":"","is_prod":false,"is_daily":false,"chose_seed":true,"campfire_upgraded":9,"win_rate":0,"timestamp":1531490037,"path_taken":["M","M","M","?","M","R","?","R","T","M","M","M","?","M","R","BOSS","M","M","$","?","?","R","E","R","T","M","R","$","R","?","R","BOSS","M","M","?","?","M","E","R","?","T","R","$","M","R","M","R","BOSS"],"build_version":"2018-07-12","purchased_purges":4,"victory":false,"max_hp_per_floor":[75,75,75,75,75,75,75,75,75,75,75,75,75,75,75,75,75,75,75,75,80,80,80,80,80,80,80,80,80,80,80,80,80,80,80,80,80,80,80,80,80,80,80,80,80,80,80,80,80,80],"card_choices":[{"not_picked":["Leap","Compile Driver"],"picked":"Go for the Eyes","floor":1},{"not_picked":["Conserve Battery","Stack"],"picked":"Beam Cell","floor":2},{"not_picked":["Glacier","Self Repair"],"picked":"Go for the Eyes","floor":3},{"not_picked":["Melter","Sunder","Rip and Tear"],"picked":"SKIP","floor":5},{"not_picked":["Force Field","Turbo"],"picked":"Loop","floor":10},{"not_picked":["Steam Power","Leap"],"picked":"Aggregate","floor":11},{"not_picked":["Undo","Chaos"],"picked":"Go for the Eyes","floor":12},{"not_picked":["Compile Driver","Force Field"],"picked":"Go for the Eyes","floor":13},{"not_picked":["Skim","Turbo","Cold Snap"],"picked":"SKIP","floor":14},{"not_picked":["Fission","Electrodynamics"],"picked":"Hyperbeam","floor":16},{"not_picked":["Compile Driver","Leap"],"picked":"Beam Cell","floor":18},{"not_picked":["Go for the Eyes","Ball Lightning"],"picked":"Gash","floor":19},{"not_picked":["Streamline","Chill+1"],"picked":"Beam Cell","floor":24},{"not_picked":["Conserve Battery","Stack"],"picked":"Steam","floor":27},{"not_picked":["Thunder Strike","Buffer"],"picked":"Multi-Cast","floor":33},{"not_picked":["Self Repair","Conserve Battery"],"picked":"Redo","floor":35},{"not_picked":["Capacitor+1","Compile Driver","Consume+1"],"picked":"SKIP","floor":36},{"not_picked":["Panacea","Dramatic Entrance"],"picked":"Madness","floor":37},{"not_picked":["Coolheaded+1","Barrage"],"picked":"Beam Cell","floor":39},{"not_picked":["Beam Cell","Coolheaded"],"picked":"Machine Learning","floor":40},{"not_picked":["Stack+1","Coolheaded"],"picked":"Aggregate+1","floor":46},{"not_picked":["Sweeping Beam+1","Coolheaded","Ball Lightning"],"picked":"SKIP","floor":48}],"player_experience":1062028,"relics_obtained":[{"floor":9,"key":"Bottled Flame"},{"floor":24,"key":"Gremlin Horn"},{"floor":26,"key":"Regal Pillow"},{"floor":43,"key":"Oddly Smooth Stone"}],"event_choices":[{"event_name":"Living Wall","player_choice":"Forget","floor":4,"damage_taken":0},{"event_name":"Wheel of Change","player_choice":"Damage","floor":7,"damage_taken":0},{"event_name":"Forgotten Altar","player_choice":"Shed Blood","floor":21,"damage_taken":0},{"event_name":"Accursed Blacksmith","player_choice":"Ignore","floor":22,"damage_taken":0},{"event_name":"Addict","player_choice":"Ignored","floor":31,"damage_taken":0},{"event_name":"SensoryStone","player_choice":"Memory 1","floor":37,"damage_taken":0},{"event_name":"Golden Shrine","player_choice":"Pray","floor":42,"damage_taken":0}],"boss_relics":[{"not_picked":["Runic Pyramid","Nuclear Battery"],"picked":"Empty Cage"},{"not_picked":["Velvet Choker","Calling Bell"],"picked":"Inserter"}],"items_purged_floors":[20,29,38,45],"is_endless":false,"potions_floor_spawned":[11,12,14,16,19,24,33,39,46,48],"killed_by":"Awakened One","ascension_level":0}