{"gold_per_floor":[114,132,132,149,164,164,190,16,16,45,63,63,77,109,109,204,204,217,217,230,248,43,43,69,80,149,159,159,190,33,65,65,165,165,175,188,188,205,205,205,17,17,17,32,87,101,0,0,0,0],"floor_reached":51,"playtime":6434,"items_purged":["Strike_B","Strike_B","Strike_B+1"],"score":815,"play_id":"f15205ee-ee3e-4b5e-acbe-5817762e2d0f","local_time":"20180628101048","is_ascension_mode":true,"campfire_choices":[{"floor":6,"key":"REST"},{"data":"Defragment","floor":15,"key":"SMITH"},{"data":"Darkness","floor":23,"key":"SMITH"},{"floor":28,"key":"REST"},{"floor":32,"key":"REST"},{"floor":40,"key":"REST"},{"floor":42,"key":"REST"},{"floor":49,"key":"REST"}],"neow_cost":"NONE","seed_source_timestamp":127077423208947,"circlet_count":0,"master_deck":["Strike_B+1","Defend_B","Defend_B","Defend_B","Defend_B","Zap","Dualcast","Compile Driver","Defragment+1","Darkness+1","Cold Snap","Steam","Self Repair","Capacitor","Ball Lightning","Reinforced Body","Creative AI","Glacier","Conserve Battery","Static Discharge+1","BootSequence","Aggregate+1","Double Energy+1","Reprogram","Electrodynamics","Coolheaded+1","Buffer","Turbo+1","Steam","Hologram+1","Conserve Battery","Glacier+1","Redo+1","Zap","Steam","Redo","Lockon","Steam","Ball Lightning","Stack","Conserve Battery+1","Multi-Cast","Multi-Cast"],"relics":["Cracked Core","The Courier","Torii","Ginger","Gambling Chip","Nuclear Battery","Ice Cream","Shuriken","Art of War","Omamori","Orrery","Bottled Flame","Bird Faced Urn"],"potions_floor_usage":[1,5,5,5,14,14,21,25,25,25,35,35,36,44,46,46,50,50],"damage_taken":[{"damage":1,"enemies":"Jaw Worm","floor":1,"turns":3},{"damage":1,"enemies":"2 Louse","floor":2,"turns":2},{"damage":5,"enemies":"Small Slimes","floor":4,"turns":4},{"damage":19,"enemies":"Exordium Thugs","floor":5,"turns":3},{"damage":20,"enemies":"Gremlin Nob","floor":7,"turns":4},{"damage":6,"enemies":"Lagavulin","floor":10,"turns":6},{"damage":0,"enemies":"Blue Slaver","floor":11,"turns":3},{"damage":1,"enemies":"Looter","floor":13,"turns":3},{"damage":1,"enemies":"3 Sentries","floor":14,"turns":6},{"damage":0,"enemies":"Slime Boss","floor":16,"turns":7},{"damage":12,"enemies":"Spheric Guardian","floor":18,"turns":4},{"damage":0,"enemies":"Shell Parasite","floor":20,"turns":7},{"damage":23,"enemies":"Cultist and Chosen","floor":21,"turns":10},{"damage":22,"enemies":"Slavers","floor":24,"turns":6},{"damage":1,"enemies":"Snake Plant","floor":25,"turns":4},{"damage":22,"enemies":"Sentry and Sphere","floor":27,"turns":5},{"damage":22,"enemies":"Gremlin Leader","floor":29,"turns":9},{"damage":1,"enemies":"Book of Stabbing","floor":31,"turns":6},{"damage":17,"enemies":"Automaton","floor":33,"turns":9},{"damage":6,"enemies":"3 Darklings","floor":35,"turns":5},{"damage":20,"enemies":"Flame Bruiser 1 Orb","floor":36,"turns":9},{"damage":36,"enemies":"Sphere and 2 Shapes","floor":38,"turns":5},{"damage":26,"enemies":"Flame Bruiser 2 Orb","floor":39,"turns":8},{"damage":9,"enemies":"4 Shapes","floor":44,"turns":4},{"damage":40,"floor":45,"turns":6},{"damage":2,"enemies":"3 Darklings","floor":46,"turns":4},{"damage":40,"enemies":"Time Eater","floor":50,"turns":7}],"seed_played":"8549946168526544352","potions_obtained":[{"floor":4,"key":"Explosive Potion"},{"floor":11,"key":"Dexterity Potion"},{"floor":12,"key":"SkillPotion"},{"floor":12,"key":"Fire Potion"},{"floor":12,"key":"Ancient Potion"},{"floor":13,"key":"GamblersBrew"},{"floor":16,"key":"Regen Potion"},{"floor":21,"key":"Swift Potion"},{"floor":25,"key":"FearPotion"},{"floor":29,"key":"Swift Potion"},{"floor":31,"key":"Weak Potion"},{"floor":35,"key":"SpeedPotion"},{"floor":36,"key":"FearPotion"},{"floor":45,"key":"Weak Potion"}],"is_trial":false,"path_per_floor":["M","M","?","M","M","R","E","$","T","E","M","?","M","E","R","B",null,"M","?","M","M","$","R","E","M","T","M","R","E","$","E","R","B",null,"M","M","?","M","M","R","$","R","T","M","?","M","$","?","R","B"],"character_chosen":"DEFECT","items_purchased":["Self Repair","Capacitor","BootSequence","FocusPotion","Electrodynamics","Lockon","Steam","Ball Lightning","Stack","Swift Potion","Multi-Cast","AttackPotion"],"campfire_rested":6,"item_purchase_floors":[8,8,22,22,30,41,41,41,41,41,47,47],"current_hp_per_floor":[74,73,58,53,34,56,36,36,36,37,37,37,36,42,42,49,75,70,56,63,62,62,62,40,46,46,31,55,40,40,46,70,60,80,80,67,67,38,19,43,43,67,67,65,25,37,37,57,80,54],"gold":0,"neow_bonus":"THREE_SMALL_POTIONS","is_prod":false,"is_daily":false,"chose_seed":false,"campfire_upgraded":2,"win_rate":0,"timestamp":1530198648,"path_taken":["M","M","?","M","M","R","E","?","T","E","M","?","M","E","R","BOSS","M","?","M","M","$","R","E","M","T","M","R","E","$","E","R","BOSS","M","M","?","?","M","R","$","R","T","M","?","?","$","?","R","BOSS"],"build_version":"2018-06-27","purchased_purges":3,"victory":true,"max_hp_per_floor":[75,75,75,75,75,75,75,75,75,75,75,75,75,75,75,75,75,75,80,80,80,80,80,80,80,80,80,80,80,80,80,80,80,80,80,80,80,80,80,80,80,80,80,80,80,80,80,80,80,80],"card_choices":[{"not_picked":["Conserve Battery","Gash"],"picked":"Compile Driver","floor":1},{"not_picked":["Double Energy","Aggregate"],"picked":"Defragment","floor":2},{"not_picked":["Melter","Consume"],"picked":"Darkness","floor":4},{"not_picked":["Consume","Auto Shields"],"picked":"Cold Snap","floor":5},{"not_picked":["Consume","Core Surge"],"picked":"Steam","floor":7},{"not_picked":["Storm","Beam Cell"],"picked":"Ball Lightning","floor":10},{"not_picked":["Turbo","Rebound","Sweeping Beam"],"picked":"SKIP","floor":11},{"not_picked":["Streamline","Beam Cell","Coolheaded"],"picked":"SKIP","floor":13},{"not_picked":["Compile Driver","Reprogram"],"picked":"Reinforced Body","floor":14},{"not_picked":["All For One","Machine Learning"],"picked":"Creative AI","floor":16},{"not_picked":["Steam+1","Rip and Tear+1"],"picked":"Glacier","floor":18},{"not_picked":["Turbo","Hologram"],"picked":"Conserve Battery","floor":20},{"not_picked":["Skim+1","Compile Driver+1"],"picked":"Static Discharge+1","floor":21},{"not_picked":["Streamline+1","Stack","Heatsinks"],"picked":"SKIP","floor":24},{"not_picked":["Streamline","Go for the Eyes"],"picked":"Aggregate+1","floor":25},{"not_picked":["Melter+1","Capacitor+1"],"picked":"Double Energy+1","floor":27},{"not_picked":["Beam Cell+1","Doom and Gloom"],"picked":"Reprogram","floor":29},{"not_picked":["Cold Snap","Stack"],"picked":"Coolheaded+1","floor":31},{"not_picked":["Amplify","Thunder Strike"],"picked":"Buffer","floor":33},{"not_picked":["Stack","Steam Power"],"picked":"Turbo+1","floor":34},{"not_picked":["Compile Driver","Go for the Eyes+1"],"picked":"Steam","floor":34},{"not_picked":["Rip and Tear","All For One"],"picked":"Hologram+1","floor":34},{"not_picked":["FTL","Turbo+1"],"picked":"Conserve Battery","floor":34},{"not_picked":["Hologram","Darkness"],"picked":"Glacier+1","floor":35},{"not_picked":["Beam Cell+1","Go for the Eyes+1"],"picked":"Redo+1","floor":36},{"not_picked":["Cold Snap+1","Barrage"],"picked":"Steam","floor":38},{"not_picked":["Leap","Compile Driver+1"],"picked":"Redo","floor":39},{"not_picked":["Leap","FTL+1"],"picked":"Conserve Battery+1","floor":44},{"not_picked":["Steam+1","Redo"],"picked":"Multi-Cast","floor":45},{"not_picked":["Blizzard+1","Cold Snap+1","Undo+1"],"picked":"SKIP","floor":46}],"player_experience":136668,"relics_obtained":[{"floor":7,"key":"The Courier"},{"floor":9,"key":"Torii"},{"floor":10,"key":"Ginger"},{"floor":14,"key":"Gambling Chip"},{"floor":24,"key":"Ice Cream"},{"floor":26,"key":"Shuriken"},{"floor":29,"key":"Art of War"},{"floor":31,"key":"Omamori"},{"floor":43,"key":"Bottled Flame"},{"floor":45,"key":"Bird Faced Urn"}],"event_choices":[{"event_name":"Shining Light","player_choice":"Entered Light","floor":3,"damage_taken":0},{"event_name":"The Lab","player_choice":"Got Potions","floor":12,"damage_taken":0},{"event_name":"Forgotten Altar","player_choice":"Shed Blood","floor":19,"damage_taken":0},{"event_name":"Match and Keep!","player_choice":"1 cards matched","floor":37,"damage_taken":0},{"event_name":"Mysterious Sphere","player_choice":"Fight","floor":45,"damage_taken":0},{"event_name":"Winding Halls","player_choice":"Writhe","floor":48,"damage_taken":0}],"boss_relics":[{"not_picked":["Tiny House","Philosopher\u0027s Stone"],"picked":"Nuclear Battery"},{"not_picked":["Sozu","White Beast Statue"],"picked":"Orrery"}],"items_purged_floors":[8,22,30],"is_endless":false,"potions_floor_spawned":[4,11,13,16,21,25,29,31,33,35,36,45],"ascension_level":1}