{"gold_per_floor":[361,511,526,526,541,4,22,34,58,108,108,141,161,216,216,290,290,307,28,0,0,0,0,17,17],"floor_reached":25,"playtime":1225,"items_purged":["Regret","Doubt"],"score":473,"play_id":"f47d90d3-0a0e-4bc0-926b-8c2c510e630a","local_time":"20190121130657","is_ascension_mode":true,"campfire_choices":[{"floor":11,"key":"REST"},{"floor":15,"key":"REST"},{"floor":23,"key":"REST"}],"neow_cost":"CURSE","seed_source_timestamp":102868090119979,"circlet_count":0,"master_deck":["AscendersBane","Defend_B","Defend_B","Defend_B","Defend_B","Zap","Dualcast","Chill","Coolheaded","All For One","Leap","Sunder","Storm","Steam","Streamline","Gash","Glacier","Coolheaded","Conserve Battery","Fission","Conserve Battery+1","Coolheaded+1","Auto Shields+1","Coolheaded","Capacitor","BootSequence","Barrage","Shame","BootSequence","Static Discharge"],"relics":["Cracked Core","Thread and Needle","Blood Vial","Dream Catcher","Tiny Chest","Astrolabe","PreservedInsect"],"potions_floor_usage":[7,12,14,25,25],"damage_taken":[{"damage":4,"enemies":"2 Louse","floor":1,"turns":3},{"damage":6,"enemies":"Cultist","floor":3,"turns":3},{"damage":8,"enemies":"Jaw Worm","floor":5,"turns":6},{"damage":20,"enemies":"Gremlin Gang","floor":7,"turns":4},{"damage":3,"enemies":"Large Slime","floor":8,"turns":7},{"damage":16,"enemies":"Gremlin Nob","floor":12,"turns":4},{"damage":2,"enemies":"Blue Slaver","floor":13,"turns":3},{"damage":0,"enemies":"3 Sentries","floor":14,"turns":14},{"damage":30,"enemies":"Slime Boss","floor":16,"turns":14},{"damage":48,"enemies":"Chosen","floor":18,"turns":11},{"damage":0,"enemies":"2 Thieves","floor":24,"turns":5},{"damage":43,"enemies":"Gremlin Leader","floor":25,"turns":6}],"seed_played":"7158879763091886099","potions_obtained":[{"floor":1,"key":"Explosive Potion"},{"floor":3,"key":"PowerPotion"},{"floor":7,"key":"EssenceOfSteel"},{"floor":18,"key":"Weak Potion"},{"floor":24,"key":"SkillPotion"}],"is_trial":false,"path_per_floor":["M","?","M","?","M","$","M","M","T","?","R","E","M","E","R","B",null,"M","$","?","$","?","R","M","E"],"character_chosen":"DEFECT","items_purchased":["Thread and Needle","Sunder","Storm","Capacitor","BootSequence","Barrage"],"campfire_rested":3,"item_purchase_floors":[6,6,6,19,19,19],"current_hp_per_floor":[60,60,54,54,46,46,26,23,23,23,44,30,30,32,53,25,60,14,14,14,14,14,35,37,0],"gold":17,"neow_bonus":"TWO_FIFTY_GOLD","is_prod":false,"is_daily":false,"chose_seed":false,"campfire_upgraded":0,"win_rate":0,"timestamp":1548094017,"path_taken":["M","?","M","?","?","$","M","M","T","?","R","E","?","E","R","BOSS","M","$","?","$","?","R","M","E"],"build_version":"2019-01-17v2","purchased_purges":2,"victory":false,"max_hp_per_floor":[71,71,71,71,71,71,71,71,71,71,71,71,71,71,71,71,71,71,71,71,71,71,71,71,71],"card_choices":[{"not_picked":["Undo","Scrape"],"picked":"Chill","floor":1},{"not_picked":["Turbo","Redo"],"picked":"Coolheaded","floor":3},{"not_picked":["Sweeping Beam","Beam Cell"],"picked":"Leap","floor":5},{"not_picked":["Cold Snap","Beam Cell"],"picked":"Steam","floor":7},{"not_picked":["Leap","Steam Power"],"picked":"Streamline","floor":8},{"not_picked":["Beam Cell","Steam"],"picked":"Gash","floor":12},{"not_picked":["Stack","Leap"],"picked":"Glacier","floor":13},{"not_picked":["Hyperbeam","Conserve Battery"],"picked":"Coolheaded","floor":14},{"not_picked":["Turbo","Streamline"],"picked":"Conserve Battery","floor":15},{"not_picked":["Seek","Multi-Cast"],"picked":"Fission","floor":16},{"not_picked":["Stack+1","Sweeping Beam"],"picked":"Coolheaded","floor":18},{"not_picked":["Go for the Eyes","Chill"],"picked":"BootSequence","floor":23},{"not_picked":["Conserve Battery","Coolheaded"],"picked":"Static Discharge","floor":24}],"player_experience":2184741,"relics_obtained":[{"floor":9,"key":"Blood Vial"},{"floor":12,"key":"Dream Catcher"},{"floor":14,"key":"Tiny Chest"}],"event_choices":[{"damage_healed":0,"gold_gain":150,"player_choice":"AGREE","damage_taken":0,"max_hp_gain":0,"max_hp_loss":0,"event_name":"Liars Game","floor":2,"gold_loss":0,"cards_obtained":["Doubt"]},{"damage_healed":0,"gold_gain":0,"cards_transformed":["Strike_B"],"player_choice":"Transformed","damage_taken":0,"max_hp_gain":0,"max_hp_loss":0,"event_name":"Transmorgrifier","floor":4,"gold_loss":0,"cards_obtained":["All For One"]},{"damage_healed":0,"gold_gain":50,"player_choice":"Pray","damage_taken":0,"max_hp_gain":0,"max_hp_loss":0,"event_name":"Golden Shrine","floor":10,"gold_loss":0},{"damage_healed":0,"gold_gain":0,"player_choice":"Paid Fearfully","damage_taken":0,"max_hp_gain":0,"max_hp_loss":0,"event_name":"Masked Bandits","floor":20,"gold_loss":28},{"damage_healed":0,"gold_gain":0,"player_choice":"Stole Relic","damage_taken":0,"relics_obtained":["PreservedInsect"],"max_hp_gain":0,"max_hp_loss":0,"event_name":"Addict","floor":22,"gold_loss":0,"cards_obtained":["Shame"]}],"is_beta":false,"boss_relics":[{"not_picked":["Snecko Eye","Philosopher\u0027s Stone"],"picked":"Astrolabe"}],"items_purged_floors":[6,19],"is_endless":false,"potions_floor_spawned":[1,3,5,7,18,24],"killed_by":"Gremlin Leader","ascension_level":18}