{"gold_per_floor":[117,131,143,218,237,237,269,269,269,6,6,6,6,20,20,20],"floor_reached":16,"playtime":650,"items_purged":["Strike_R"],"score":125,"play_id":"0a31a933-d964-4556-aefd-5cf9645a2cf7","local_time":"20180703224137","is_ascension_mode":true,"campfire_choices":[{"floor":6,"key":"REST"},{"floor":8,"key":"REST"},{"data":"Infernal Blade","floor":11,"key":"SMITH"},{"data":"Pommel Strike","floor":13,"key":"SMITH"},{"floor":15,"key":"REST"}],"neow_cost":"NONE","seed_source_timestamp":6082149335170,"circlet_count":0,"master_deck":["Strike_R","Strike_R","Strike_R","Defend_R","Defend_R","Defend_R","Defend_R","Bash","Thunderclap","Cleave","Feel No Pain","Pommel Strike+1","Offering","Infernal Blade+1"],"relics":["Burning Blood","Oddly Smooth Stone","Kunai","Blood Vial","Meat on the Bone"],"potions_floor_usage":[14],"damage_taken":[{"damage":3,"enemies":"2 Louse","floor":1,"turns":4},{"damage":23,"enemies":"Jaw Worm","floor":2,"turns":4},{"damage":6,"enemies":"Cultist","floor":3,"turns":3},{"damage":25,"enemies":"Red Slaver","floor":5,"turns":5},{"damage":30,"enemies":"3 Sentries","floor":7,"turns":6},{"damage":11,"enemies":"Exordium Wildlife","floor":14,"turns":2},{"damage":80,"enemies":"Hexaghost","floor":16,"turns":9}],"seed_played":"5852862082826711452","potions_obtained":[{"floor":2,"key":"Swift Potion"},{"floor":14,"key":"FearPotion"}],"is_trial":false,"path_per_floor":["M","M","M","?","M","R","E","R","T","$","R","T","R","M","R"],"character_chosen":"IRONCLAD","items_purchased":["Infernal Blade","Blood Vial"],"campfire_rested":3,"item_purchase_floors":[10,10],"current_hp_per_floor":[80,63,63,52,33,57,33,57,57,57,57,57,57,54,78,0],"gold":20,"neow_bonus":"REMOVE_CARD","is_prod":false,"is_daily":false,"chose_seed":false,"campfire_upgraded":2,"win_rate":0,"timestamp":1530672097,"path_taken":["M","M","M","?","M","R","E","R","T","$","R","?","R","?","R","BOSS"],"build_version":"2018-06-28","purchased_purges":1,"victory":false,"max_hp_per_floor":[80,80,80,80,80,80,80,80,80,80,80,80,80,80,80,80],"card_choices":[{"not_picked":["Body Slam","Anger"],"picked":"Thunderclap","floor":1},{"not_picked":["Anger","Warcry"],"picked":"Cleave","floor":2},{"not_picked":["Fire Breathing","Warcry"],"picked":"Feel No Pain","floor":3},{"not_picked":["Anger","Reckless Charge"],"picked":"Pommel Strike","floor":5},{"not_picked":["Berserk","Bloodletting"],"picked":"Offering","floor":7},{"not_picked":["Wild Strike","Thunderclap","Flex"],"picked":"SKIP","floor":14}],"player_experience":946382,"relics_obtained":[{"floor":7,"key":"Oddly Smooth Stone"},{"floor":9,"key":"Kunai"},{"floor":12,"key":"Meat on the Bone"}],"event_choices":[{"event_name":"World of Goop","player_choice":"Gather Gold","floor":4,"damage_taken":0}],"boss_relics":[],"items_purged_floors":[10],"is_endless":false,"potions_floor_spawned":[2,14],"killed_by":"Hexaghost","ascension_level":5}