{"gold_per_floor":[116,129,141,161,5,39,49,49,49,66,92,92,42,105,105,204,204,218,229,7,106,21,21,54,54,54,54,87,99,111,139,139,243,243,253,269,20,38,48,48,61,61,61,75,89,107,107,107,107,107],"floor_reached":51,"playtime":3401,"items_purged":["Quick Slash"],"score":951,"play_id":"9950869e-5506-4992-8789-f05ffa710864","local_time":"20180806113044","daily_mods":["Draft","Heirloom"],"is_ascension_mode":false,"campfire_choices":[{"data":"Concentrate","floor":8.0,"key":"SMITH"},{"data":"Infinite Blades","floor":15.0,"key":"SMITH"},{"data":"1","floor":23.0,"key":"LIFT"},{"data":"2","floor":27.0,"key":"LIFT"},{"data":"3","floor":32.0,"key":"LIFT"},{"data":"Envenom","floor":40,"key":"SMITH"},{"data":"After Image","floor":42,"key":"SMITH"},{"data":"Masterful Stab","floor":49,"key":"SMITH"}],"neow_cost":"","seed_source_timestamp":0,"circlet_count":0,"master_deck":["Flying Knee+1","Escape Plan","Deflect","Deflect","Sucker Punch","PiercingWail","Deflect","Deflect","Escape Plan","Slice+1","Infinite Blades+1","Endless Agony","Concentrate+1","Backstab","Masterful Stab+1","After Image+1","Deflect+1","Endless Agony","Envenom+1","Slice+1","Backstab+1","Backstab+1"],"special_seed":0,"relics":["Unceasing Top","Prayer Wheel","Orichalcum","Ornamental Fan","Singing Bowl","Dream Catcher","Girya","Empty Cage","Bag of Preparation","Blue Candle","Mango","Bottled Lightning","Turnip","Red Mask","Sozu","Mummified Hand","The Courier"],"potions_floor_usage":[50,50],"damage_taken":[{"damage":0.0,"enemies":"Cultist","floor":1.0,"turns":2.0},{"damage":0.0,"enemies":"Small Slimes","floor":2.0,"turns":2.0},{"damage":1.0,"enemies":"Jaw Worm","floor":3.0,"turns":2.0},{"damage":0.0,"enemies":"2 Fungi Beasts","floor":4.0,"turns":2.0},{"damage":14.0,"enemies":"Lagavulin","floor":6.0,"turns":4.0},{"damage":0.0,"enemies":"3 Louse","floor":7.0,"turns":1.0},{"damage":0.0,"enemies":"Looter","floor":10.0,"turns":2.0},{"damage":0.0,"enemies":"3 Sentries","floor":11.0,"turns":4.0},{"damage":0.0,"enemies":"3 Sentries","floor":14.0,"turns":2.0},{"damage":0.0,"enemies":"The Guardian","floor":16.0,"turns":3.0},{"damage":0.0,"enemies":"Shell Parasite","floor":18.0,"turns":2.0},{"damage":0.0,"enemies":"3 Byrds","floor":19.0,"turns":2.0},{"damage":0.0,"enemies":"Gremlin Leader","floor":24.0,"turns":2.0},{"damage":0.0,"enemies":"Book of Stabbing","floor":28.0,"turns":2.0},{"damage":0.0,"enemies":"Snecko","floor":29.0,"turns":2.0},{"damage":0.0,"enemies":"Slaver and Parasite","floor":30.0,"turns":2.0},{"damage":0.0,"floor":31.0,"turns":2.0},{"damage":0.0,"enemies":"Champ","floor":33.0,"turns":2.0},{"damage":0,"enemies":"Orb Walker","floor":35,"turns":2},{"damage":0,"enemies":"3 Shapes","floor":36,"turns":2},{"damage":0,"enemies":"Sphere and 2 Shapes","floor":38,"turns":2},{"damage":0,"enemies":"Flame Bruiser 2 Orb","floor":39,"turns":1},{"damage":0,"enemies":"Spire Growth","floor":41,"turns":1},{"damage":0,"enemies":"Transient","floor":44,"turns":1},{"damage":0,"enemies":"3 Darklings","floor":45,"turns":1},{"damage":0,"enemies":"4 Shapes","floor":46,"turns":1},{"damage":10,"enemies":"Donu and Deca","floor":50,"turns":7}],"seed_played":"8736270050210575989","potions_obtained":[{"floor":2.0,"key":"Poison Potion"},{"floor":6.0,"key":"GhostInAJar"},{"floor":7.0,"key":"Energy Potion"},{"floor":14.0,"key":"Poison Potion"}],"is_trial":true,"path_per_floor":["M","M","M","M","$","E","M","R","T","M","E","?","?","?","R","B",null,"M","M","$","?","?","R","E","$","T","R","E","M","M","?","R","B",null,"M","M","$","M","M","R","M","R","T","M","M","M","?","?","R","B"],"character_chosen":"THE_SILENT","items_purchased":["Orichalcum","Bag of Preparation","Mummified Hand"],"campfire_rested":0,"item_purchase_floors":[5,20,37],"current_hp_per_floor":[70,70,69,69,69,55,55,55,55,59,61,46,46,48,48,48,78,82,84,84,84,84,84,100,100,100,100,102,104,108,110,110,110,110,112,114,114,116,120,120,124,124,124,128,132,136,138,138,138,128],"gold":107,"neow_bonus":"","is_prod":false,"is_daily":false,"chose_seed":false,"campfire_upgraded":5,"win_rate":0,"timestamp":1533547844,"path_taken":["M","M","?","M","$","E","M","R","T","M","E","?","?","?","R","BOSS","M","M","$","?","?","R","E","$","T","R","E","M","M","?","R","BOSS","M","M","$","M","M","R","M","R","T","M","M","M","?","?","R","BOSS"],"build_version":"2018-08-02","purchased_purges":1,"victory":true,"max_hp_per_floor":[70,70,70,70,70,70,70,70,70,74,76,76,76,78,78,78,78,82,84,84,84,84,84,100,100,100,100,102,104,108,110,110,110,110,112,114,114,116,120,120,124,124,124,128,132,136,138,138,138,138],"card_choices":[{"not_picked":["Sucker Punch","Blur"],"picked":"Quick Slash","floor":0.0},{"not_picked":["Deadly Poison","Quick Slash"],"picked":"Noxious Fumes","floor":0.0},{"not_picked":["Underhanded Strike","Dagger Throw"],"picked":"Flying Knee","floor":0.0},{"not_picked":["Cloak And Dagger","Reflex"],"picked":"Escape Plan","floor":0.0},{"not_picked":["Catalyst","Bane"],"picked":"Deflect","floor":0.0},{"not_picked":["Distraction","Dagger Throw"],"picked":"Deflect","floor":0.0},{"not_picked":["Underhanded Strike","Bouncing Flask"],"picked":"Sucker Punch","floor":0.0},{"not_picked":["Catalyst","Dodge and Roll"],"picked":"PiercingWail","floor":0.0},{"not_picked":["Underhanded Strike","Bouncing Flask"],"picked":"Deflect","floor":0.0},{"not_picked":["PiercingWail","Blade Dance"],"picked":"All Out Attack","floor":0.0},{"not_picked":["Prepared","Catalyst"],"picked":"Deflect","floor":0.0},{"not_picked":["Poisoned Stab","Sucker Punch"],"picked":"Escape Plan","floor":0.0},{"not_picked":["Skewer","Quick Slash"],"picked":"Slice","floor":0.0},{"not_picked":["Masterful Stab","Acrobatics"],"picked":"Prepared","floor":0.0},{"not_picked":["Blade Dance","Flying Knee"],"picked":"Noxious Fumes","floor":0.0},{"not_picked":["Accuracy","Sucker Punch"],"picked":"Infinite Blades","floor":1.0},{"not_picked":["Poisoned Stab","Bane"],"picked":"Endless Agony","floor":1.0},{"not_picked":["Footwork","Sucker Punch","Catalyst"],"picked":"SKIP","floor":2.0},{"not_picked":["Distraction","Cloak And Dagger","Poisoned Stab"],"picked":"SKIP","floor":2.0},{"not_picked":["Storm of Steel","Dagger Spray"],"picked":"Concentrate","floor":3.0},{"not_picked":["PiercingWail","Blur","Skewer"],"picked":"SKIP","floor":3.0},{"not_picked":["Deadly Poison","Masterful Stab"],"picked":"Backstab","floor":4.0},{"not_picked":["Acrobatics","Bane","Poisoned Stab"],"picked":"SKIP","floor":4.0},{"not_picked":["Blade Dance","Poisoned Stab"],"picked":"Masterful Stab","floor":6.0},{"not_picked":["Acrobatics","Prepared","Underhanded Strike"],"picked":"SKIP","floor":7.0},{"not_picked":["Predator","Skewer","Bane"],"picked":"SKIP","floor":7.0},{"not_picked":["Wraith Form v2","Cloak And Dagger","Quick Slash"],"picked":"Singing Bowl","floor":10.0},{"not_picked":["Dodge and Roll","Distraction","Dagger Spray"],"picked":"Singing Bowl","floor":10.0},{"not_picked":["Crippling Poison","Cloak And Dagger","Dodge and Roll"],"picked":"Singing Bowl","floor":11.0},{"not_picked":["Dagger Spray","Finisher","Setup"],"picked":"Singing Bowl","floor":14.0},{"not_picked":["Corpse Explosion","Glass Knife"],"picked":"After Image","floor":16.0},{"not_picked":["Blade Dance","Tactician","Calculated Gamble+1"],"picked":"Singing Bowl","floor":18.0},{"not_picked":["Underhanded Strike","Poisoned Stab","Escape Plan"],"picked":"Singing Bowl","floor":18.0},{"not_picked":["Dagger Spray","Cloak And Dagger+1"],"picked":"Deflect+1","floor":19.0},{"not_picked":["Predator","Backflip","Caltrops"],"picked":"Singing Bowl","floor":19.0},{"not_picked":["Bane+1","Skewer","Outmaneuver"],"picked":"Singing Bowl","floor":24.0},{"not_picked":["Outmaneuver","Escape Plan+1","Tactician+1"],"picked":"Singing Bowl","floor":28.0},{"not_picked":["Dagger Throw","Dodge and Roll"],"picked":"Endless Agony","floor":29.0},{"not_picked":["Bane","Dagger Spray","Bullet Time"],"picked":"Singing Bowl","floor":29.0},{"not_picked":["Bane","Terror","Calculated Gamble"],"picked":"Singing Bowl","floor":30.0},{"not_picked":["Flying Knee","Dodge and Roll","Blade Dance"],"picked":"Singing Bowl","floor":30.0},{"not_picked":["Corpse Explosion","Poisoned Stab","Accuracy"],"picked":"Singing Bowl","floor":31.0},{"not_picked":["Venomology","Wraith Form v2"],"picked":"Envenom","floor":33.0},{"not_picked":["Escape Plan+1","Acrobatics"],"picked":"Slice+1","floor":35},{"not_picked":["Dagger Throw+1","Skewer+1","Acrobatics"],"picked":"Singing Bowl","floor":35},{"not_picked":["Flying Knee","Deadly Poison"],"picked":"Backstab+1","floor":36},{"not_picked":["Reflex","Flechettes","Sucker Punch+1"],"picked":"Singing Bowl","floor":36},{"not_picked":["Sucker Punch+1","Reflex+1"],"picked":"Backstab+1","floor":38},{"not_picked":["Flying Knee","Sucker Punch+1","Eviscerate+1"],"picked":"Singing Bowl","floor":38},{"not_picked":["Leg Sweep+1","Night Terror","Quick Slash"],"picked":"Singing Bowl","floor":39},{"not_picked":["Blade Dance","Sucker Punch","PiercingWail"],"picked":"Singing Bowl","floor":39},{"not_picked":["Flying Knee+1","Leg Sweep","Prepared"],"picked":"Singing Bowl","floor":41},{"not_picked":["Envenom","Blade Dance+1","Deadly Poison"],"picked":"Singing Bowl","floor":41},{"not_picked":["Flechettes+1","Choke+1","Deflect"],"picked":"Singing Bowl","floor":44},{"not_picked":["Outmaneuver+1","Bane","Terror+1"],"picked":"Singing Bowl","floor":44},{"not_picked":["Dagger Spray+1","Riddle With Holes+1","Underhanded Strike+1"],"picked":"Singing Bowl","floor":45},{"not_picked":["Leg Sweep","Bane","Blade Dance"],"picked":"Singing Bowl","floor":45},{"not_picked":["Underhanded Strike","Dagger Throw+1","Leg Sweep"],"picked":"Singing Bowl","floor":46},{"not_picked":["Dash+1","Quick Slash+1","Terror+1"],"picked":"Singing Bowl","floor":46},{"not_picked":["Apotheosis","Panacea","Bandage Up"],"picked":"Singing Bowl","floor":47}],"player_experience":1262571,"relics_obtained":[{"floor":6.0,"key":"Ornamental Fan"},{"floor":9.0,"key":"Singing Bowl"},{"floor":11.0,"key":"Dream Catcher"},{"floor":14.0,"key":"Girya"},{"floor":24.0,"key":"Mango"},{"floor":26.0,"key":"Bottled Lightning"},{"floor":28.0,"key":"Turnip"},{"floor":31.0,"key":"Red Mask"},{"floor":43,"key":"The Courier"}],"event_choices":[{"event_name":"Shining Light","player_choice":"Entered Light","floor":12.0,"damage_taken":0.0},{"event_name":"The Cleric","player_choice":"Card Removal","floor":13.0,"damage_taken":0.0},{"event_name":"Dead Adventurer","player_choice":"Searched \u00271\u0027 times","floor":14.0,"damage_taken":0.0},{"event_name":"Nest","player_choice":"Stole From Cult","floor":21.0,"damage_taken":0.0},{"event_name":"Addict","player_choice":"Obtained Relic","floor":22.0,"damage_taken":0.0},{"event_name":"Masked Bandits","player_choice":"Fought over 111 gold","floor":31.0,"damage_taken":0.0},{"event_name":"SensoryStone","player_choice":"Memory 1","floor":47,"damage_taken":0},{"event_name":"Bonfire Elementals","player_choice":"COMMON","floor":48,"damage_taken":0}],"is_beta":false,"boss_relics":[{"not_picked":["Velvet Choker","Busted Crown"],"picked":"Empty Cage"},{"not_picked":["Runic Pyramid","HoveringKite"],"picked":"Sozu"}],"items_purged_floors":[20],"is_endless":false,"potions_floor_spawned":[2,6,7,10,11,14,14,28,29,31,33,38,39,45,46],"ascension_level":0}