{"gold_per_floor":[113,113,63,76,76,76,105,105,105,123,3,36,36,50,50,151,151,161,180,180,180,80,80,90,90],"floor_reached":25,"playtime":772,"items_purged":["Strike_B","Strike_B"],"score":316,"play_id":"09fc913c-bdfd-4898-9c9b-b0e765097a1d","local_time":"20180702115447","is_ascension_mode":true,"campfire_choices":[{"data":"Zap","floor":6,"key":"SMITH"},{"data":"Dualcast","floor":8,"key":"SMITH"},{"floor":15,"key":"REST"},{"floor":23,"key":"REST"}],"neow_cost":"NONE","seed_source_timestamp":663113766891207,"circlet_count":0,"master_deck":["Strike_B","Defend_B","Defend_B","Defend_B","Zap+1","Dualcast+1","Cold Snap","Gash","Doom and Gloom","Rebound","Gash","Go for the Eyes","All For One","Beam Cell","Buffer","Barrage","Streamline"],"relics":["Cracked Core","NeowsBlessing","Pen Nib","Sundial","Question Card","Incense Burner","Runic Pyramid"],"potions_floor_usage":[12,12,16],"damage_taken":[{"damage":0,"enemies":"Small Slimes","floor":1,"turns":1},{"damage":0,"enemies":"2 Louse","floor":4,"turns":1},{"damage":0,"enemies":"Lagavulin","floor":7,"turns":1},{"damage":0,"enemies":"Cultist","floor":10,"turns":2},{"damage":18,"enemies":"Gremlin Nob","floor":12,"turns":3},{"damage":2,"enemies":"Lots of Slimes","floor":14,"turns":2},{"damage":15,"enemies":"Hexaghost","floor":16,"turns":6},{"damage":7,"enemies":"Chosen","floor":18,"turns":3},{"damage":32,"enemies":"3 Byrds","floor":19,"turns":4},{"damage":23,"enemies":"Centurion and Healer","floor":24,"turns":4},{"damage":19,"enemies":"Slavers","floor":25,"turns":4}],"seed_played":"3346229827339371616","potions_obtained":[{"floor":4,"key":"LiquidBronze"},{"floor":10,"key":"Regen Potion"},{"floor":14,"key":"Poison Potion"},{"floor":16,"key":"Dexterity Potion"}],"is_trial":false,"path_per_floor":["M","?","$","M","?","R","E","R","T","M","$","E","?","M","R","B",null,"M","M","?","?","$","R","M"],"character_chosen":"DEFECT","items_purchased":["Gash","Go for the Eyes"],"campfire_rested":2,"item_purchase_floors":[3,11],"current_hp_per_floor":[68,61,61,61,61,61,61,61,61,61,61,48,30,28,50,35,65,58,26,26,19,19,41,18,0],"gold":90,"neow_bonus":"THREE_ENEMY_KILL","is_prod":false,"is_daily":false,"chose_seed":false,"campfire_upgraded":2,"win_rate":0,"timestamp":1530546887,"path_taken":["M","?","$","M","?","R","E","R","T","M","$","E","?","M","R","BOSS","M","?","?","?","$","R","M","E"],"build_version":"2018-06-28","purchased_purges":2,"victory":false,"max_hp_per_floor":[75,75,75,75,75,75,75,75,75,75,75,75,75,75,75,75,75,75,75,75,75,75,75,75,75],"card_choices":[{"not_picked":["Barrage","Sweeping Beam"],"picked":"Cold Snap","floor":1},{"not_picked":["Loop","Ball Lightning"],"picked":"Doom and Gloom","floor":4},{"not_picked":["Steam","Tempest"],"picked":"Rebound","floor":7},{"not_picked":["Chill","Compile Driver"],"picked":"Gash","floor":10},{"not_picked":["Chill","Go for the Eyes"],"picked":"All For One","floor":12},{"not_picked":["BootSequence","Conserve Battery","Turbo"],"picked":"Beam Cell","floor":14},{"not_picked":["Meteor Strike","Core Surge","Amplify"],"picked":"Buffer","floor":16},{"not_picked":["Fusion","Turbo","Force Field+1"],"picked":"Barrage","floor":18},{"not_picked":["Barrage","Compile Driver+1","Conserve Battery","Reprogram"],"picked":"SKIP","floor":19},{"not_picked":["Consume","Melter","Lockon"],"picked":"Streamline","floor":24}],"player_experience":907899,"relics_obtained":[{"floor":7,"key":"Pen Nib"},{"floor":9,"key":"Sundial"},{"floor":12,"key":"Question Card"}],"event_choices":[{"event_name":"Golden Wing","player_choice":"Card Removal","floor":2,"damage_taken":0},{"event_name":"Living Wall","player_choice":"Forget","floor":5,"damage_taken":0},{"event_name":"Scrap Ooze","player_choice":"success","floor":13,"damage_taken":18},{"event_name":"Cursed Tome","player_choice":"Ignored","floor":20,"damage_taken":0},{"event_name":"Wheel of Change","player_choice":"Damage","floor":21,"damage_taken":0}],"boss_relics":[{"not_picked":["Runic Dome","Philosopher\u0027s Stone"],"picked":"Runic Pyramid"}],"items_purged_floors":[11,22],"is_endless":false,"potions_floor_spawned":[4,10,14,16],"killed_by":"Slavers","ascension_level":7}