{"gold_per_floor":[114,133,147,161,181,181,208,224,278,64,75,86,86,112,112,209,209,228,228,245,32,44,74,24,53,100,100,0,0,0,27,27,130,130,147,162,39,39,59,92,92,120,120,133,143,143,171,171,171,171],"floor_reached":51,"playtime":4872,"items_purged":["Strike_B","Strike_B","Strike_B"],"score":943,"play_id":"c706499c-cf7c-4ac4-ac7c-f5db47bdb652","local_time":"20180628122728","is_ascension_mode":true,"campfire_choices":[{"data":"Creative AI","floor":6,"key":"SMITH"},{"data":"Apotheosis","floor":13,"key":"SMITH"},{"floor":15,"key":"REST"},{"floor":27,"key":"REST"},{"floor":30,"key":"REST"},{"data":"Go for the Eyes","floor":32,"key":"SMITH"},{"floor":41,"key":"REST"},{"data":"Seek","floor":49,"key":"SMITH"}],"neow_cost":"TEN_PERCENT_HP_LOSS","seed_source_timestamp":136947676314611,"circlet_count":0,"master_deck":["Defend_B","Defend_B","Defend_B","Zap","Dualcast","Creative AI+1","Rip and Tear","BootSequence","Go for the Eyes+1","Hologram","Rebound","Ball Lightning","FTL","Apotheosis+1","Conserve Battery","Cold Snap","Cold Snap","Seek+1","Storm","Chill","Ball Lightning","Hologram","Heatsinks+1","Amplify+1","Cold Snap+1","Conserve Battery+1","Defragment","Defragment","Recycle+1","Force Field+1","Defragment","Loop+1","Electrodynamics"],"relics":["Cracked Core","The Courier","Happy Flower","Incense Burner","Eternal Feather","NlothsMask","Orichalcum","Shuriken","Bronze Scales","Anchor","Toxic Egg 2","Inserter","Thread and Needle","Ancient Tea Set","Bottled Flame","Dream Catcher"],"potions_floor_usage":[7,14,20,23,33,33,44,50],"damage_taken":[{"damage":7,"enemies":"Jaw Worm","floor":1,"turns":3},{"damage":1,"enemies":"Cultist","floor":2,"turns":3},{"damage":0,"enemies":"2 Louse","floor":3,"turns":2},{"damage":3,"enemies":"Blue Slaver","floor":4,"turns":3},{"damage":0,"enemies":"3 Louse","floor":5,"turns":3},{"damage":18,"enemies":"Gremlin Nob","floor":7,"turns":5},{"damage":0,"enemies":"Large Slime","floor":8,"turns":5},{"damage":0,"enemies":"2 Fungi Beasts","floor":11,"turns":2},{"damage":0,"enemies":"Blue Slaver","floor":12,"turns":3},{"damage":16,"enemies":"Lagavulin","floor":14,"turns":6},{"damage":0,"enemies":"Slime Boss","floor":16,"turns":6},{"damage":11,"enemies":"Spheric Guardian","floor":18,"turns":3},{"damage":7,"enemies":"Shell Parasite","floor":20,"turns":5},{"damage":13,"enemies":"Sentry and Sphere","floor":22,"turns":5},{"damage":26,"enemies":"Gremlin Leader","floor":23,"turns":7},{"damage":7,"enemies":"Book of Stabbing","floor":25,"turns":6},{"damage":2,"enemies":"Gremlin Leader","floor":31,"turns":7},{"damage":19,"enemies":"Champ","floor":33,"turns":8},{"damage":0,"enemies":"Orb Walker","floor":35,"turns":3},{"damage":18,"enemies":"3 Darklings","floor":36,"turns":5},{"damage":7,"enemies":"Flame Bruiser 2 Orb","floor":39,"turns":6},{"damage":25,"enemies":"2 Orb Walkers","floor":40,"turns":6},{"damage":0,"enemies":"Giant Head","floor":42,"turns":8},{"damage":10,"enemies":"Sphere and 2 Shapes","floor":44,"turns":4},{"damage":4,"enemies":"Maw","floor":45,"turns":7},{"damage":0,"enemies":"Nemesis","floor":47,"turns":5},{"damage":19,"enemies":"Time Eater","floor":50,"turns":9}],"seed_played":"-326099729940068077","potions_obtained":[{"floor":2,"key":"Ancient Potion"},{"floor":4,"key":"Block Potion"},{"floor":5,"key":"Strength Potion"},{"floor":8,"key":"LiquidBronze"},{"floor":14,"key":"Weak Potion"},{"floor":16,"key":"Regen Potion"},{"floor":20,"key":"Strength Potion"},{"floor":25,"key":"EssenceOfSteel"},{"floor":33,"key":"FairyPotion"},{"floor":40,"key":"Fire Potion"},{"floor":44,"key":"Ancient Potion"},{"floor":47,"key":"SpeedPotion"}],"is_trial":false,"path_per_floor":["M","M","M","M","M","R","E","M","T","$","M","M","R","E","R","B",null,"M","?","M","$","M","E","?","E","T","R","$","?","R","E","R","B",null,"M","M","$","?","M","E","R","E","T","M","M","?","E","?","R","B"],"character_chosen":"DEFECT","items_purchased":["Apotheosis","Ball Lightning","Orichalcum","Defragment","FocusPotion"],"campfire_rested":4,"item_purchase_floors":[10,21,21,37,37],"current_hp_per_floor":[61,60,60,57,57,57,39,39,39,39,39,39,39,23,43,43,68,57,57,62,62,49,23,23,16,16,46,46,46,68,66,68,49,68,68,50,50,68,61,36,68,68,68,58,54,54,54,54,66,47],"gold":171,"neow_bonus":"THREE_RARE_CARDS","is_prod":false,"is_daily":false,"chose_seed":false,"campfire_upgraded":4,"win_rate":0,"timestamp":1530206848,"path_taken":["M","M","M","M","M","R","E","M","T","$","M","M","R","E","R","BOSS","M","?","M","$","M","E","?","E","T","R","$","?","R","E","R","BOSS","M","M","$","?","M","E","R","E","T","M","M","?","E","?","R","BOSS"],"build_version":"2018-06-27","purchased_purges":3,"victory":true,"max_hp_per_floor":[68,68,68,68,68,68,68,68,68,68,68,68,68,68,68,68,68,68,68,68,68,68,68,68,68,68,68,68,68,68,68,68,68,68,68,68,68,68,68,68,68,68,68,68,68,68,68,68,68,68],"card_choices":[{"not_picked":["Reboot","Thunder Strike"],"picked":"Creative AI","floor":0},{"not_picked":["Rebound","Turbo"],"picked":"Rip and Tear","floor":1},{"not_picked":["Ball Lightning","Skim"],"picked":"BootSequence","floor":2},{"not_picked":["Beam Cell","Redo"],"picked":"Go for the Eyes","floor":3},{"not_picked":["Gash","Sweeping Beam"],"picked":"Hologram","floor":4},{"not_picked":["Turbo","Leap"],"picked":"Rebound","floor":5},{"not_picked":["Static Discharge","Go for the Eyes"],"picked":"Ball Lightning","floor":7},{"not_picked":["Fusion","Lockon"],"picked":"FTL","floor":8},{"not_picked":["Creative AI","Reprogram"],"picked":"Conserve Battery","floor":11},{"not_picked":["Turbo","Leap"],"picked":"Cold Snap","floor":12},{"not_picked":["Steam","Auto Shields"],"picked":"Cold Snap","floor":14},{"not_picked":["Thunder Strike","Machine Learning"],"picked":"Seek","floor":16},{"not_picked":["Steam","Stack"],"picked":"Storm","floor":18},{"not_picked":["Scrape","Double Energy"],"picked":"Chill","floor":20},{"not_picked":["Blizzard+1","Steam"],"picked":"Hologram","floor":22},{"not_picked":["Redo","Darkness","Recycle"],"picked":"SKIP","floor":23},{"not_picked":["Gash","Recycle"],"picked":"Heatsinks+1","floor":25},{"not_picked":["Beam Cell","Redo","Skim"],"picked":"SKIP","floor":31},{"not_picked":["Buffer","Fission+1"],"picked":"Amplify+1","floor":33},{"not_picked":["Reinforced Body+1","Sweeping Beam+1"],"picked":"Cold Snap+1","floor":35},{"not_picked":["Cold Snap","Hologram+1"],"picked":"Conserve Battery+1","floor":36},{"not_picked":["Genetic Algorithm+1","Conserve Battery+1"],"picked":"Defragment","floor":39},{"not_picked":["Compile Driver","Coolheaded+1"],"picked":"Recycle+1","floor":40},{"not_picked":["Darkness+1","Ball Lightning+1"],"picked":"Force Field+1","floor":42},{"not_picked":["Reinforced Body+1","Capacitor"],"picked":"Defragment","floor":44},{"not_picked":["Rebound+1","Redo+1"],"picked":"Go for the Eyes+1","floor":45},{"not_picked":["Self Repair+1","Beam Cell"],"picked":"Loop+1","floor":47}],"player_experience":146344,"relics_obtained":[{"floor":7,"key":"The Courier"},{"floor":9,"key":"Happy Flower"},{"floor":14,"key":"Incense Burner"},{"floor":23,"key":"Shuriken"},{"floor":25,"key":"Bronze Scales"},{"floor":26,"key":"Anchor"},{"floor":31,"key":"Toxic Egg 2"},{"floor":40,"key":"Thread and Needle"},{"floor":42,"key":"Ancient Tea Set"},{"floor":43,"key":"Bottled Flame"},{"floor":47,"key":"Dream Catcher"}],"event_choices":[{"event_name":"FaceTrader","player_choice":"Took N\u0027loth\u0027s Mask","floor":19,"damage_taken":0},{"event_name":"The Joust","player_choice":"Bet on Murderer","floor":24,"damage_taken":0},{"event_name":"Back to Basics","player_choice":"Elegance","floor":29,"damage_taken":0},{"event_name":"Wheel of Change","player_choice":"Full Heal","floor":38,"damage_taken":0},{"event_name":"Falling","player_choice":"Removed Attack","floor":46,"damage_taken":0},{"event_name":"Transmorgrifier","player_choice":"Transform","floor":48,"damage_taken":0}],"boss_relics":[{"not_picked":["White Beast Statue","Busted Crown"],"picked":"Eternal Feather"},{"not_picked":["Sozu","Empty Cage"],"picked":"Inserter"}],"items_purged_floors":[10,21,28],"is_endless":false,"potions_floor_spawned":[2,4,5,8,14,16,20,25,33,40,44,47],"ascension_level":2}