{"path_per_floor":["M","M","M","M","?","R","E","M","T","M","E","$","R","M","R","B",null,"M","?","M","M","?","R","M","R","T","?","R","$","M","M","R","B",null,"M","M","?","M","M","E","R","$","T","R","?","R","M","M","R"],"character_chosen":"THE_SILENT","items_purchased":["Infinite Blades","Lantern","Mercury Hourglass","Wraith Form v2"],"gold_per_floor":[113,127,143,157,157,157,183,199,199,218,251,19,19,29,29,130,130,140,140,156,175,274,274,288,288,288,288,288,43,54,67,67,167,197,208,224,224,238,253,281,281,48,72,72,72,72,90,104,104,104],"floor_reached":50,"campfire_rested":11,"playtime":4152,"item_purchase_floors":[12,12,29,42],"current_hp_per_floor":[66,66,65,43,36,63,32,26,26,25,16,16,45,44,70,18,70,65,65,53,49,49,70,41,70,70,54,70,70,57,30,61,59,75,60,41,41,27,25,22,56,56,56,75,66,75,46,48,75,0],"items_purged":["Strike_G"],"gold":104,"score":611,"play_id":"e6531f62-d23d-4dbc-9247-30e13a2c86ae","local_time":"20180622105215","is_prod":false,"is_daily":false,"chose_seed":false,"is_ascension_mode":true,"campfire_upgraded":0,"win_rate":0,"timestamp":1529679135,"campfire_choices":[{"floor":6,"key":"REST"},{"floor":13,"key":"REST"},{"floor":15,"key":"REST"},{"floor":23,"key":"REST"},{"floor":25,"key":"REST"},{"floor":28,"key":"REST"},{"floor":32,"key":"REST"},{"floor":41,"key":"REST"},{"floor":44,"key":"REST"},{"floor":46,"key":"REST"},{"floor":49,"key":"REST"}],"path_taken":["M","M","M","M","?","R","E","?","T","M","E","$","R","M","R","BOSS","M","?","M","M","?","R","M","R","T","?","R","$","?","M","R","BOSS","M","?","?","M","?","E","R","$","T","R","?","R","M","M","R","BOSS"],"build_version":"2018-06-21","seed_source_timestamp":714264928206446,"purchased_purges":1,"circlet_count":0,"victory":false,"master_deck":["Defend_G","Defend_G","Defend_G","Defend_G","Defend_G","Strike_G","Strike_G","Strike_G","Strike_G","Survivor","Neutralize","Escape Plan","Dagger Spray","Backstab","Leg Sweep","Deadly Poison","Blade Dance","Backflip","Caltrops","Infinite Blades","Backflip","After Image+1","Dash","Backstab","Infinite Blades","Cloak And Dagger","Storm of Steel","Backflip","Cloak And Dagger+1","Blind","Infinite Blades","Deadly Poison","Wraith Form v2","Wraith Form v2","Madness","Madness","Choke"],"max_hp_per_floor":[70,70,70,70,70,70,70,70,70,70,70,70,70,70,70,70,70,70,70,70,70,70,70,70,70,70,70,70,70,70,70,70,70,75,75,75,75,75,75,75,75,75,75,75,75,75,75,75,75,75],"relics":["Eternal Feather","Oddly Smooth Stone","Centennial Puzzle","Calipers","Lantern","Fusion Hammer","Darkstone Periapt","Nilry\u0027s Codex","Mercury Hourglass","Tiny House","Meat on the Bone","Dream Catcher"],"card_choices":[{"not_picked":["Acrobatics","Quick Slash"],"picked":"Escape Plan","floor":1},{"not_picked":["Prepared","Doppelganger"],"picked":"Dagger Spray","floor":2},{"not_picked":["Dagger Spray","Slice"],"picked":"Backstab","floor":3},{"not_picked":["Distraction","Reflex"],"picked":"Leg Sweep","floor":4},{"not_picked":["Skewer","Well Laid Plans"],"picked":"Deadly Poison","floor":7},{"not_picked":["Acrobatics","Bane"],"picked":"Blade Dance","floor":8},{"not_picked":["Sucker Punch","Concentrate"],"picked":"Backflip","floor":10},{"not_picked":["Expertise","Backflip"],"picked":"Caltrops","floor":11},{"not_picked":["Tools of the Trade","Dagger Throw"],"picked":"Backflip","floor":14},{"not_picked":["Die Die Die","A Thousand Cuts"],"picked":"After Image","floor":16},{"not_picked":["Dagger Throw","Flying Knee+1","Prepared+1"],"picked":"SKIP","floor":18},{"not_picked":["Deflect","Dagger Spray"],"picked":"Dash","floor":20},{"not_picked":["Sucker Punch","Escape Plan+1","Flying Knee"],"picked":"SKIP","floor":21},{"not_picked":["Tools of the Trade","Deflect"],"picked":"Backstab","floor":24},{"not_picked":["Dodge and Roll","Concentrate+1"],"picked":"Infinite Blades","floor":30},{"not_picked":["Expertise","Well Laid Plans+1"],"picked":"Cloak And Dagger","floor":31},{"not_picked":["Glass Knife","Doppelganger"],"picked":"Storm of Steel","floor":33},{"not_picked":["Quick Slash","Dagger Spray"],"picked":"Backflip","floor":34},{"not_picked":["Accuracy+1","Poisoned Stab"],"picked":"Cloak And Dagger+1","floor":35},{"not_picked":["Dagger Throw","Bane+1","Dagger Spray+1"],"picked":"SKIP","floor":36},{"not_picked":["Good Instincts","Enlightenment"],"picked":"Blind","floor":37},{"not_picked":["Dagger Spray+1","Flying Knee+1","Distraction"],"picked":"SKIP","floor":38},{"not_picked":["Quick Slash+1","Endless Agony+1"],"picked":"Infinite Blades","floor":39},{"not_picked":["Dagger Spray","Outmaneuver+1"],"picked":"Deadly Poison","floor":40},{"not_picked":["Bane+1","Backflip+1"],"picked":"Wraith Form v2","floor":44},{"not_picked":["Predator+1","Dagger Throw+1"],"picked":"Choke","floor":47},{"not_picked":["Bane","Prepared","Quick Slash+1"],"picked":"SKIP","floor":48}],"player_experience":702522,"potions_floor_usage":[7,11,33,33,35,40,50],"damage_taken":[{"damage":4,"enemies":"Small Slimes","floor":1,"turns":5},{"damage":0,"enemies":"Cultist","floor":2,"turns":4},{"damage":1,"enemies":"2 Louse","floor":3,"turns":3},{"damage":22,"enemies":"Red Slaver","floor":4,"turns":5},{"damage":31,"enemies":"Lagavulin","floor":7,"turns":10},{"damage":6,"enemies":"2 Fungi Beasts","floor":8,"turns":3},{"damage":1,"enemies":"Exordium Wildlife","floor":10,"turns":4},{"damage":9,"enemies":"Gremlin Nob","floor":11,"turns":3},{"damage":1,"enemies":"3 Louse","floor":14,"turns":3},{"damage":52,"enemies":"Hexaghost","floor":16,"turns":13},{"damage":5,"enemies":"3 Byrds","floor":18,"turns":5},{"damage":12,"enemies":"Chosen","floor":20,"turns":5},{"damage":4,"enemies":"Snecko","floor":21,"turns":6},{"damage":29,"enemies":"Snake Plant","floor":24,"turns":6},{"damage":13,"enemies":"Centurion and Healer","floor":30,"turns":7},{"damage":27,"enemies":"Snecko","floor":31,"turns":6},{"damage":2,"enemies":"Champ","floor":33,"turns":12},{"damage":15,"enemies":"3 Darklings","floor":35,"turns":7},{"damage":19,"enemies":"Orb Walker","floor":36,"turns":4},{"damage":14,"enemies":"4 Shapes","floor":38,"turns":10},{"damage":2,"enemies":"Sphere and 2 Shapes","floor":39,"turns":6},{"damage":18,"enemies":"Nemesis","floor":40,"turns":10},{"damage":29,"enemies":"3 Darklings","floor":47,"turns":7},{"damage":10,"enemies":"Maw","floor":48,"turns":8},{"damage":93,"enemies":"Time Eater","floor":50,"turns":10}],"relics_obtained":[{"floor":7,"key":"Oddly Smooth Stone"},{"floor":9,"key":"Centennial Puzzle"},{"floor":11,"key":"Calipers"},{"floor":26,"key":"Darkstone Periapt"},{"floor":27,"key":"Nilry\u0027s Codex"},{"floor":40,"key":"Meat on the Bone"},{"floor":43,"key":"Dream Catcher"}],"event_choices":[{"event_name":"Wheel of Change","player_choice":"Damage","floor":5,"damage_taken":0},{"event_name":"Vampires","player_choice":"Ignored","floor":19,"damage_taken":0},{"event_name":"Nest","player_choice":"Stole From Cult","floor":22,"damage_taken":0},{"event_name":"Cursed Tome","player_choice":"Obtained Book","floor":27,"damage_taken":0},{"event_name":"SensoryStone","player_choice":"Memory 1","floor":37,"damage_taken":0},{"event_name":"Winding Halls","player_choice":"Embrace Madness","floor":45,"damage_taken":0}],"boss_relics":[{"not_picked":["White Beast Statue","Coffee Dripper"],"picked":"Fusion Hammer"},{"not_picked":["Calling Bell","Runic Dome"],"picked":"Tiny House"}],"items_purged_floors":[42],"is_endless":false,"potions_floor_spawned":[3,4,10,14,16,20,24,30,39,48],"seed_played":"-4530847557745740336","killed_by":"Time Eater","ascension_level":4,"potions_obtained":[{"floor":3,"key":"Strength Potion"},{"floor":4,"key":"FairyPotion"},{"floor":10,"key":"Fire Potion"},{"floor":14,"key":"Ancient Potion"},{"floor":16,"key":"Strength Potion"},{"floor":34,"key":"SkillPotion"},{"floor":39,"key":"Regen Potion"},{"floor":48,"key":"Block Potion"}],"is_trial":false}