{"gold_per_floor":[115,133,145,145,160,160,91,91,160,171,171,171,171,93,93,190,190,208,208,219,235,245,245,257,257,304,304,323,333,333],"floor_reached":30,"playtime":1767,"items_purged":[],"score":249,"play_id":"d1fccfb4-2ec2-4b56-aebc-b452bd2ede2e","local_time":"20190111213246","is_ascension_mode":false,"campfire_choices":[{"data":"Neutralize","floor":6,"key":"SMITH"},{"data":"Footwork","floor":11,"key":"SMITH"},{"data":"Caltrops","floor":13,"key":"SMITH"},{"data":"Infinite Blades","floor":15,"key":"SMITH"},{"data":"Eviscerate","floor":23,"key":"SMITH"},{"floor":25,"key":"REST"},{"floor":27,"key":"REST"}],"neow_cost":"NONE","seed_source_timestamp":14526912868762,"circlet_count":0,"master_deck":["Defend_G","Defend_G","Defend_G","Defend_G","Defend_G","Strike_G","Strike_G","Strike_G","Strike_G","Strike_G","Survivor","Neutralize+1","Forethought","Cloak And Dagger","Flying Knee","Well Laid Plans","Caltrops+1","Footwork+1","Quick Slash","Infinite Blades+1","Unload","Flying Knee","Flying Knee","Backflip+1","Eviscerate+1","Flying Knee+1","Riddle With Holes+1","Riddle With Holes+1"],"relics":["Ring of the Snake","Blood Vial","Letter Opener","Snecko Eye","Shuriken","Potion Belt"],"potions_floor_usage":[20,20,24,28],"damage_taken":[{"damage":18,"enemies":"Jaw Worm","floor":1,"turns":7},{"damage":0,"enemies":"Small Slimes","floor":2,"turns":3},{"damage":1,"enemies":"2 Louse","floor":3,"turns":3},{"damage":4,"enemies":"Blue Slaver","floor":5,"turns":5},{"damage":3,"enemies":"Red Slaver","floor":10,"turns":5},{"damage":36,"enemies":"Slime Boss","floor":16,"turns":12},{"damage":8,"enemies":"Spheric Guardian","floor":18,"turns":5},{"damage":5,"enemies":"Shell Parasite","floor":20,"turns":4},{"damage":13,"enemies":"Centurion and Healer","floor":21,"turns":6},{"damage":18,"enemies":"Snecko","floor":22,"turns":6},{"damage":16,"enemies":"Cultist and Chosen","floor":24,"turns":6},{"damage":20,"enemies":"Centurion and Healer","floor":28,"turns":4},{"damage":41,"enemies":"Shelled Parasite and Fungi","floor":29,"turns":4},{"damage":9,"enemies":"Sentry and Sphere","floor":30,"turns":2}],"seed_played":"-8349625963449016679","potions_obtained":[{"floor":16,"key":"Block Potion"},{"floor":18,"key":"LiquidBronze"},{"floor":21,"key":"AttackPotion"},{"floor":24,"key":"GhostInAJar"}],"is_trial":false,"path_per_floor":["M","M","M","?","M","R","$","?","T","M","R","?","R","$","R","B",null,"M","T","M","M","M","R","M","R","T","R","M","M","M"],"character_chosen":"THE_SILENT","items_purchased":["Footwork","Infinite Blades"],"campfire_rested":2,"item_purchase_floors":[7,14],"current_hp_per_floor":[52,52,51,44,42,42,42,42,42,41,41,41,41,41,41,7,70,62,62,59,48,32,32,18,39,39,60,42,3,0],"gold":333,"neow_bonus":"RANDOM_COLORLESS","is_prod":false,"is_daily":false,"chose_seed":false,"campfire_upgraded":5,"win_rate":0.0,"timestamp":1547271166,"path_taken":["M","M","M","?","M","R","$","?","T","M","R","?","R","?","R","BOSS","M","?","M","M","M","R","M","R","T","R","M","M","M"],"build_version":"2019-01-10","purchased_purges":0,"victory":false,"max_hp_per_floor":[70,70,70,70,70,70,70,70,70,70,70,70,70,70,70,70,70,70,70,70,70,70,70,70,70,70,70,70,70,70],"card_choices":[{"not_picked":["Backflip","Quick Slash"],"picked":"Cloak And Dagger","floor":1},{"not_picked":["Sucker Punch","Phantasmal Killer"],"picked":"Flying Knee","floor":2},{"not_picked":["Dagger Throw","Outmaneuver"],"picked":"Well Laid Plans","floor":3},{"not_picked":["PiercingWail","Blur"],"picked":"Caltrops","floor":5},{"not_picked":["Prepared","Poisoned Stab"],"picked":"Quick Slash","floor":10},{"not_picked":["Adrenaline","Tools of the Trade"],"picked":"Unload","floor":16},{"not_picked":["Outmaneuver","Terror"],"picked":"Flying Knee","floor":18},{"not_picked":["Quick Slash","Blade Dance"],"picked":"Flying Knee","floor":20},{"not_picked":["Masterful Stab","Backstab+1"],"picked":"Backflip+1","floor":21},{"not_picked":["Dash","Quick Slash"],"picked":"Eviscerate","floor":22},{"not_picked":["Distraction+1","Sucker Punch"],"picked":"Flying Knee+1","floor":24},{"not_picked":["Catalyst+1","Dagger Throw"],"picked":"Riddle With Holes+1","floor":28},{"not_picked":["A Thousand Cuts","Dagger Throw+1"],"picked":"Riddle With Holes+1","floor":29}],"player_experience":110121,"relics_obtained":[{"floor":9,"key":"Letter Opener"},{"floor":19,"key":"Shuriken"},{"floor":26,"key":"Potion Belt"}],"event_choices":[{"damage_healed":0,"gold_gain":0,"player_choice":"Success","damage_taken":7,"relics_obtained":["Blood Vial"],"max_hp_gain":0,"max_hp_loss":0,"event_name":"Scrap Ooze","floor":4,"gold_loss":0},{"damage_healed":0,"gold_gain":0,"player_choice":"Ignored","damage_taken":0,"max_hp_gain":0,"max_hp_loss":0,"event_name":"Golden Wing","floor":8,"gold_loss":0},{"damage_healed":0,"gold_gain":0,"player_choice":"Ignored","damage_taken":0,"max_hp_gain":0,"max_hp_loss":0,"event_name":"Golden Idol","floor":12,"gold_loss":0}],"is_beta":false,"boss_relics":[{"not_picked":["Runic Pyramid","Velvet Choker"],"picked":"Snecko Eye"}],"items_purged_floors":[],"is_endless":false,"potions_floor_spawned":[16,18,21,24],"killed_by":"Sentry and Sphere","ascension_level":0}