{"gold_per_floor":[118,133,152,163,178,178,203,203,229,229,244,18,52,52,52,154,154,170,181,181,27,0,0,30,30,30,30],"floor_reached":27,"playtime":2247,"items_purged":[],"score":389,"play_id":"bb013c93-51a1-4487-a4f2-21b3385f1300","local_time":"20180715153826","is_ascension_mode":true,"campfire_choices":[{"data":"Cloak And Dagger","floor":6,"key":"SMITH"},{"data":"Cloak And Dagger","floor":8,"key":"SMITH"},{"data":"Finisher","floor":10,"key":"SMITH"},{"data":"Finisher","floor":15,"key":"SMITH"},{"data":"A Thousand Cuts","floor":23,"key":"SMITH"},{"floor":25,"key":"REST"}],"neow_cost":"NONE","seed_source_timestamp":321231680854200,"circlet_count":0,"master_deck":["Defend_G","Defend_G","Defend_G","Defend_G","Defend_G","Survivor","Neutralize+1","Backflip","Finisher+1","Cloak And Dagger+1","Acrobatics","Cloak And Dagger+1","Dagger Spray","Outmaneuver","Finisher+1","Dramatic Entrance","Distraction","Storm of Steel","Accuracy","Cloak And Dagger","All Out Attack","PiercingWail","Choke","Backstab+1","Finisher+1","Bite","Bite","Bite","Bite","Bite","A Thousand Cuts+1","Deflect+1"],"relics":["Ring of the Snake","Art of War","Centennial Puzzle","Regal Pillow","Orichalcum","Orrery","Boot","Ornamental Fan"],"potions_floor_usage":[7,7,7,16,16],"damage_taken":[{"damage":4,"enemies":"Jaw Worm","floor":1,"turns":5},{"damage":4,"enemies":"Small Slimes","floor":2,"turns":4},{"damage":0,"enemies":"Cultist","floor":3,"turns":3},{"damage":0,"enemies":"Looter","floor":4,"turns":3},{"damage":9,"enemies":"2 Fungi Beasts","floor":5,"turns":3},{"damage":0,"enemies":"Gremlin Nob","floor":7,"turns":3},{"damage":0,"enemies":"Blue Slaver","floor":11,"turns":4},{"damage":0,"enemies":"3 Sentries","floor":13,"turns":6},{"damage":36,"enemies":"Hexaghost","floor":16,"turns":11},{"damage":13,"enemies":"2 Thieves","floor":18,"turns":3},{"damage":15,"enemies":"Spheric Guardian","floor":19,"turns":4},{"damage":36,"enemies":"Gremlin Leader","floor":24,"turns":6},{"damage":38,"enemies":"Book of Stabbing","floor":27,"turns":5}],"seed_played":"-3495288161042899299","potions_obtained":[{"floor":3,"key":"EssenceOfSteel"},{"floor":4,"key":"Explosive Potion"},{"floor":5,"key":"Poison Potion"},{"floor":7,"key":"Regen Potion"}],"is_trial":false,"path_per_floor":["M","M","M","M","M","R","E","R","T","R","M","$","E","?","R","B",null,"M","M","?","$","?","R","E","R","T"],"character_chosen":"THE_SILENT","items_purchased":["Finisher","Dramatic Entrance","Strength Potion","A Thousand Cuts"],"campfire_rested":1,"item_purchase_floors":[12,12,12,21],"current_hp_per_floor":[66,62,62,62,53,53,53,53,53,53,53,53,53,46,46,25,59,46,31,31,31,31,31,5,34,34,0],"gold":30,"neow_bonus":"UPGRADE_CARD","is_prod":false,"is_daily":false,"chose_seed":false,"campfire_upgraded":5,"win_rate":0,"timestamp":1531634906,"path_taken":["M","M","M","M","M","R","E","R","T","R","M","$","E","?","R","BOSS","M","M","?","$","?","R","E","R","T","E"],"build_version":"2018-07-12","purchased_purges":0,"victory":false,"max_hp_per_floor":[70,70,70,70,70,70,70,70,70,70,70,70,70,70,70,70,70,70,70,49,49,49,49,49,49,49,49],"card_choices":[{"not_picked":["Deflect","Underhanded Strike"],"picked":"Backflip","floor":1},{"not_picked":["Riddle With Holes","Flechettes"],"picked":"Finisher","floor":2},{"not_picked":["Poisoned Stab","Prepared"],"picked":"Cloak And Dagger","floor":3},{"not_picked":["Outmaneuver","Prepared"],"picked":"Acrobatics","floor":4},{"not_picked":["Riddle With Holes","Deadly Poison"],"picked":"Cloak And Dagger","floor":5},{"not_picked":["Outmaneuver","PiercingWail"],"picked":"Dagger Spray","floor":7},{"not_picked":["Reflex","Acrobatics"],"picked":"Outmaneuver","floor":11},{"not_picked":["Malaise","Dash"],"picked":"Distraction","floor":13},{"not_picked":["Venomology","Unload"],"picked":"Storm of Steel","floor":16},{"not_picked":["PiercingWail","Masterful Stab"],"picked":"Accuracy","floor":17},{"not_picked":["PiercingWail","Predator"],"picked":"Cloak And Dagger","floor":17},{"not_picked":["Distraction","Outmaneuver"],"picked":"All Out Attack","floor":17},{"not_picked":["Skewer","Noxious Fumes"],"picked":"PiercingWail","floor":17},{"not_picked":["Flechettes","Skewer"],"picked":"Choke","floor":17},{"not_picked":["Deflect+1","Caltrops"],"picked":"Backstab+1","floor":18},{"not_picked":["Slice","Acrobatics+1"],"picked":"Finisher+1","floor":19},{"not_picked":["Expertise+1","Poisoned Stab+1"],"picked":"Deflect+1","floor":24}],"player_experience":145470,"relics_obtained":[{"floor":7,"key":"Art of War"},{"floor":9,"key":"Centennial Puzzle"},{"floor":13,"key":"Regal Pillow"},{"floor":24,"key":"Boot"},{"floor":26,"key":"Ornamental Fan"}],"event_choices":[{"event_name":"Scrap Ooze","player_choice":"success","floor":14,"damage_taken":7},{"event_name":"Vampires","player_choice":"Became a vampire","floor":20,"damage_taken":0},{"event_name":"Masked Bandits","player_choice":"Paid Bandits 27 gold","floor":22,"damage_taken":0}],"boss_relics":[{"not_picked":["Ectoplasm","Eternal Feather"],"picked":"Orrery"}],"items_purged_floors":[],"is_endless":false,"potions_floor_spawned":[3,4,5,7],"killed_by":"Book of Stabbing","ascension_level":5}