{"gold_per_floor":[114,114,33,44,44,44,61,61,61,75,90,90,90,103,103,201,231,247,76,87,87],"floor_reached":21,"playtime":771,"items_purged":["Strike_R"],"score":231,"play_id":"b1d67565-dd49-42c6-b6be-5811d8e98a14","local_time":"20180720112426","is_ascension_mode":true,"campfire_choices":[{"data":"Bash","floor":6,"key":"SMITH"},{"data":"Whirlwind","floor":8,"key":"SMITH"},{"data":"Flex","floor":15,"key":"SMITH"}],"neow_cost":"NONE","seed_source_timestamp":563926937564740,"circlet_count":0,"master_deck":["Strike_R","Strike_R","Defend_R","Defend_R","Defend_R+1","Defend_R+1","Bash+1","Headbutt","Burning Pact+1","Dropkick","Whirlwind+1","Flex+1","Headbutt","Feed","Flex","Heavy Blade","Evolve","Thunderclap","Dropkick+1"],"relics":["Burning Blood","War Paint","Smiling Mask","CultistMask","Tiny House"],"potions_floor_usage":[11,11,16,16,18],"damage_taken":[{"damage":23,"enemies":"Jaw Worm","floor":1,"turns":4},{"damage":15,"enemies":"Small Slimes","floor":4,"turns":3},{"damage":6,"enemies":"Cultist","floor":7,"turns":3},{"damage":0,"enemies":"3 Louse","floor":10,"turns":1},{"damage":6,"enemies":"2 Fungi Beasts","floor":11,"turns":2},{"damage":0,"enemies":"Exordium Wildlife","floor":14,"turns":1},{"damage":17,"enemies":"Slime Boss","floor":16,"turns":8},{"damage":45,"enemies":"Shell Parasite","floor":18,"turns":7},{"damage":54,"enemies":"2 Thieves","floor":20,"turns":4},{"damage":14,"enemies":"Centurion and Healer","floor":21,"turns":1}],"seed_played":"-5690623458270595218","potions_obtained":[{"floor":4,"key":"AttackPotion"},{"floor":7,"key":"Fruit Juice"},{"floor":11,"key":"Weak Potion"},{"floor":14,"key":"EssenceOfSteel"},{"floor":17,"key":"Regen Potion"}],"is_trial":false,"path_per_floor":["M","?","$","M","?","R","M","R","T","M","M","?","?","M","R","B",null,"M","$","M"],"character_chosen":"IRONCLAD","items_purchased":["Burning Pact","Evolve","Thunderclap"],"campfire_rested":0,"item_purchase_floors":[3,19,19],"current_hp_per_floor":[55,80,80,71,71,71,71,71,71,77,82,79,79,85,85,74,87,57,57,12,0],"gold":87,"neow_bonus":"REMOVE_CARD","is_prod":false,"is_daily":false,"chose_seed":false,"campfire_upgraded":3,"win_rate":0,"timestamp":1532100266,"path_taken":["M","?","$","M","?","R","M","R","T","M","M","?","?","M","R","BOSS","M","$","M","M"],"build_version":"2018-07-12","purchased_purges":1,"victory":false,"max_hp_per_floor":[80,80,80,80,80,80,80,80,80,80,85,85,85,85,85,85,90,90,90,93,93],"card_choices":[{"not_picked":["Body Slam","Armaments"],"picked":"Headbutt","floor":1},{"not_picked":["Sword Boomerang","Perfected Strike"],"picked":"Dropkick","floor":4},{"not_picked":["Body Slam","Juggernaut"],"picked":"Whirlwind","floor":7},{"not_picked":["Dual Wield","Armaments","Clash"],"picked":"SKIP","floor":10},{"not_picked":["Wild Strike","Reckless Charge"],"picked":"Flex","floor":11},{"not_picked":["Blood for Blood","Anger"],"picked":"Headbutt","floor":14},{"not_picked":["Exhume","Brutality"],"picked":"Feed","floor":16},{"not_picked":["Second Wind","Clash"],"picked":"Flex","floor":17},{"not_picked":["Armaments+1","Flex"],"picked":"Heavy Blade","floor":18},{"not_picked":["Twin Strike","Body Slam"],"picked":"Dropkick+1","floor":20}],"player_experience":1186194,"relics_obtained":[{"floor":9,"key":"War Paint"}],"event_choices":[{"event_name":"Big Fish","player_choice":"Banana","floor":2,"damage_taken":0},{"event_name":"Living Wall","player_choice":"Forget","floor":5,"damage_taken":0},{"event_name":"Scrap Ooze","player_choice":"success","floor":12,"damage_taken":3},{"event_name":"FaceTrader","player_choice":"Trade","floor":13,"damage_taken":0}],"boss_relics":[{"not_picked":["Runic Pyramid","Astrolabe"],"picked":"Tiny House"}],"items_purged_floors":[19],"is_endless":false,"potions_floor_spawned":[4,7,11,14],"killed_by":"Centurion and Healer","ascension_level":7}