{"gold_per_floor":[110,127,127,3,22,22,53,53,131,131,131,131,96,119,119,239,239,262,286,305,324,324,324,324,324,324,324,344,344,344,354,354,354],"floor_reached":33,"playtime":1512,"items_purged":["Decay"],"score":245,"play_id":"4a499c27-c30d-4ceb-942a-2ed9ef5a001a","local_time":"20190105225337","is_ascension_mode":false,"campfire_choices":[{"data":"Searing Blow","floor":6.0,"key":"SMITH"},{"data":"Searing Blow+1","floor":8.0,"key":"SMITH"},{"data":"Searing Blow+2","floor":11.0,"key":"SMITH"},{"data":"Armaments","floor":15.0,"key":"SMITH"},{"data":"True Grit","floor":23.0,"key":"SMITH"},{"data":"Searing Blow+3","floor":25.0,"key":"SMITH"},{"data":"Searing Blow+4","floor":29.0,"key":"SMITH"},{"data":"Searing Blow+5","floor":32.0,"key":"SMITH"}],"neow_cost":"CURSE","seed_source_timestamp":0,"circlet_count":0,"master_deck":["Strike_R","Strike_R","Strike_R","Defend_R","Defend_R","Defend_R","Defend_R","Bash","Searing Blow+6","Clothesline","Armaments+1","Feed","Metallicize","Pommel Strike","True Grit+1","Shrug It Off+1","Armaments+1"],"special_seed":0,"relics":["Black Blood","Thread and Needle","Bloody Idol","Bag of Preparation","Kunai","Magic Flower","Shuriken"],"potions_floor_usage":[33,33],"damage_taken":[{"damage":4.0,"enemies":"Jaw Worm","floor":1.0,"turns":4.0},{"damage":3.0,"enemies":"2 Louse","floor":2.0,"turns":4.0},{"damage":0.0,"enemies":"Cultist","floor":5.0,"turns":4.0},{"damage":19.0,"enemies":"3 Sentries","floor":7.0,"turns":10.0},{"damage":0.0,"enemies":"Large Slime","floor":14.0,"turns":4.0},{"damage":28.0,"enemies":"Slime Boss","floor":16.0,"turns":10.0},{"damage":17.0,"enemies":"Spheric Guardian","floor":18.0,"turns":5.0},{"damage":4.0,"enemies":"Shell Parasite","floor":19.0,"turns":5.0},{"damage":22.0,"enemies":"Snake Plant","floor":20.0,"turns":4.0},{"damage":78.0,"enemies":"Chosen and Byrds","floor":21.0,"turns":12.0},{"damage":18.0,"enemies":"Shelled Parasite and Fungi","floor":28.0,"turns":7.0},{"damage":3.0,"enemies":"Colosseum Slavers","floor":30.0,"turns":7.0},{"damage":7.0,"enemies":"3 Cultists","floor":31.0,"turns":5.0},{"damage":81,"enemies":"Collector","floor":33,"turns":13}],"seed_played":"6462926651022046785","potions_obtained":[{"floor":1.0,"key":"SpeedPotion"},{"floor":14.0,"key":"Energy Potion"},{"floor":20.0,"key":"Regen Potion"},{"floor":31.0,"key":"LiquidBronze"}],"is_trial":false,"path_per_floor":["M","M","?","$","M","R","E","R","T","?","R","?","?","M","R","B",null,"M","M","M","M","?","R","?","R","T","?","M","R","?","M","R","B"],"character_chosen":"IRONCLAD","items_purchased":["Fire Potion"],"campfire_rested":0,"item_purchase_floors":[4],"current_hp_per_floor":[80,80,60,60,66,66,53,53,53,53,53,46,66,75,75,56,80,84,87,80,42,42,42,42,42,42,42,44,44,56,74,74,0],"gold":354,"neow_bonus":"ONE_RARE_RELIC","is_prod":false,"is_daily":false,"chose_seed":false,"campfire_upgraded":8,"win_rate":0,"timestamp":1546746817,"path_taken":["M","M","?","$","M","R","E","R","T","?","R","?","?","?","R","BOSS","M","?","M","M","?","R","?","R","T","?","M","R","?","M","R","BOSS"],"build_version":"2019-01-03v4","purchased_purges":1,"victory":false,"max_hp_per_floor":[80,80,80,80,80,80,80,80,80,80,80,80,80,80,80,80,80,84,87,87,91,91,91,91,91,91,91,91,91,91,94,94,94],"card_choices":[{"not_picked":["Pommel Strike","Armaments"],"picked":"Searing Blow","floor":1.0},{"not_picked":["Twin Strike","Wild Strike"],"picked":"Clothesline","floor":2.0},{"not_picked":["Sword Boomerang","Whirlwind","Clash"],"picked":"SKIP","floor":5.0},{"not_picked":["Heavy Blade","Dark Embrace","Warcry"],"picked":"SKIP","floor":7.0},{"not_picked":["Combust","Sentinel"],"picked":"Armaments","floor":14.0},{"not_picked":["Bludgeon","Reaper"],"picked":"Feed","floor":16.0},{"not_picked":["Pummel","Pommel Strike"],"picked":"Metallicize","floor":18.0},{"not_picked":["Wild Strike","Twin Strike"],"picked":"Pommel Strike","floor":19.0},{"not_picked":["Havoc","Immolate"],"picked":"True Grit","floor":20.0},{"not_picked":["Flex+1","Clothesline"],"picked":"Shrug It Off+1","floor":21.0},{"not_picked":["Pommel Strike","Heavy Blade+1","Rupture"],"picked":"SKIP","floor":28.0},{"not_picked":["Inflame","Second Wind+1"],"picked":"Armaments+1","floor":31.0}],"player_experience":2019820,"relics_obtained":[{"floor":7.0,"key":"Bag of Preparation"},{"floor":9.0,"key":"Kunai"},{"floor":26.0,"key":"Shuriken"}],"event_choices":[{"damage_healed":0.0,"max_hp_gain":0.0,"max_hp_loss":0.0,"gold_gain":0.0,"event_name":"Golden Idol","player_choice":"Take Damage","floor":3.0,"gold_loss":0.0,"damage_taken":20.0,"relics_obtained":["Golden Idol"]},{"damage_healed":0.0,"max_hp_gain":0.0,"max_hp_loss":0.0,"gold_gain":0.0,"event_name":"Dead Adventurer","player_choice":"Searched \u00271\u0027 times","floor":10.0,"gold_loss":0.0,"damage_taken":0.0,"relics_obtained":["Magic Flower"]},{"cards_removed":["Strike_R"],"damage_healed":0.0,"max_hp_gain":0.0,"max_hp_loss":0.0,"gold_gain":0.0,"event_name":"Golden Wing","player_choice":"Card Removal","floor":12.0,"gold_loss":0.0,"damage_taken":7.0},{"damage_healed":20.0,"max_hp_gain":0.0,"max_hp_loss":0.0,"gold_gain":0.0,"event_name":"The Cleric","player_choice":"Healed","floor":13.0,"gold_loss":35.0,"damage_taken":0.0},{"cards_removed":["Strike_R"],"damage_healed":0.0,"max_hp_gain":0.0,"max_hp_loss":0.0,"gold_gain":0.0,"event_name":"Back to Basics","player_choice":"Elegance","floor":22.0,"gold_loss":0.0,"damage_taken":0.0},{"damage_healed":0.0,"max_hp_gain":0.0,"max_hp_loss":0.0,"gold_gain":0.0,"event_name":"Ghosts","player_choice":"Ignored","floor":24.0,"gold_loss":0.0,"damage_taken":0.0},{"damage_healed":0.0,"max_hp_gain":0.0,"max_hp_loss":0.0,"gold_gain":0.0,"event_name":"Forgotten Altar","player_choice":"Gave Idol","floor":27.0,"relics_lost":["Golden Idol"],"gold_loss":0.0,"damage_taken":0.0,"relics_obtained":["Bloody Idol"]},{"damage_healed":0.0,"max_hp_gain":0.0,"max_hp_loss":0.0,"gold_gain":0.0,"event_name":"Colosseum","player_choice":"Fight","floor":30.0,"gold_loss":0.0,"damage_taken":0.0},{"damage_healed":0.0,"max_hp_gain":0.0,"max_hp_loss":0.0,"gold_gain":0.0,"event_name":"Colosseum","player_choice":"Fled From Nobs","floor":30.0,"gold_loss":0.0,"damage_taken":0.0}],"is_beta":false,"boss_relics":[{"not_picked":["Mark of Pain","White Beast Statue"],"picked":"Black Blood"}],"items_purged_floors":[4],"is_endless":false,"potions_floor_spawned":[1,14,20,31],"killed_by":"Collector","ascension_level":0}