{"gold_per_floor":[118,43,43,55,74,74,86,86,140,155,170,170,181,151],"floor_reached":14,"playtime":504,"items_purged":["Doubt"],"score":101,"play_id":"bc3b350e-6d79-4f35-a329-1466973926fc","local_time":"20180625113415","is_ascension_mode":true,"campfire_choices":[{"data":"Heavy Blade","floor":6,"key":"SMITH"},{"floor":8,"key":"REST"},{"floor":12,"key":"REST"}],"neow_cost":"CURSE","seed_source_timestamp":57450849475976,"circlet_count":0,"master_deck":["Strike_R","Strike_R","Strike_R","Strike_R","Strike_R","Defend_R","Defend_R","Defend_R","Defend_R","Bash","Demon Form+1","Flex","Heavy Blade+1","Thunderclap","Evolve","Heavy Blade","Cleave"],"relics":["Burning Blood","Tiny Chest"],"potions_floor_usage":[7],"damage_taken":[{"damage":13,"enemies":"2 Louse","floor":1,"turns":3},{"damage":16,"enemies":"Cultist","floor":4,"turns":4},{"damage":12,"enemies":"Jaw Worm","floor":5,"turns":2},{"damage":27,"enemies":"Gremlin Gang","floor":7,"turns":4},{"damage":40,"enemies":"Exordium Wildlife","floor":10,"turns":6},{"damage":20,"enemies":"Large Slime","floor":11,"turns":6},{"damage":16,"enemies":"Blue Slaver","floor":13,"turns":3},{"damage":29,"enemies":"Exordium Thugs","floor":14,"turns":2}],"seed_played":"-4096955925341714702","potions_obtained":[{"floor":4,"key":"Weak Potion"}],"is_trial":false,"path_per_floor":["M","$","?","M","M","R","M","R","T","M","M","R","M"],"character_chosen":"IRONCLAD","items_purchased":[],"campfire_rested":2,"item_purchase_floors":[],"current_hp_per_floor":[73,73,73,63,57,57,36,60,60,26,12,36,26,0],"gold":151,"neow_bonus":"THREE_RARE_CARDS","is_prod":false,"is_daily":false,"chose_seed":false,"campfire_upgraded":1,"win_rate":0,"timestamp":1529940855,"path_taken":["M","$","?","M","M","R","M","R","T","M","M","R","M","?"],"build_version":"2018-06-21v2","purchased_purges":1,"victory":false,"max_hp_per_floor":[80,80,80,80,80,80,80,80,80,80,80,80,80,80],"card_choices":[{"not_picked":["Impervious","Exhume"],"picked":"Demon Form","floor":0},{"not_picked":["Cleave","Bloodletting"],"picked":"Flex","floor":1},{"not_picked":["Intimidate","Burning Pact"],"picked":"Heavy Blade","floor":4},{"not_picked":["Ghostly Armor","Twin Strike","Uppercut"],"picked":"SKIP","floor":5},{"not_picked":["Perfected Strike","Twin Strike"],"picked":"Thunderclap","floor":7},{"not_picked":["Pommel Strike","Combust"],"picked":"Evolve","floor":10},{"not_picked":["Cleave","Wild Strike"],"picked":"Heavy Blade","floor":11},{"not_picked":["Infernal Blade","Sever Soul"],"picked":"Cleave","floor":13}],"player_experience":739718,"relics_obtained":[{"floor":9,"key":"Tiny Chest"}],"event_choices":[{"event_name":"Accursed Blacksmith","player_choice":"Forge","floor":3,"damage_taken":0}],"boss_relics":[],"items_purged_floors":[2],"is_endless":false,"potions_floor_spawned":[4],"killed_by":"Exordium Thugs","ascension_level":4}