{"path_per_floor":["M","?","M","M","M","R","M","M","T","M","R","M","?","M","R","B",null,"M","M","$","M"],"character_chosen":"DEFECT","items_purchased":["Kunai"],"gold_per_floor":[116,116,129,147,164,164,183,201,201,216,216,232,232,249,249,344,344,355,365,43,62,62],"floor_reached":22,"campfire_rested":3,"playtime":981,"item_purchase_floors":[20],"current_hp_per_floor":[61,54,50,43,17,39,34,33,33,19,41,29,29,23,45,8,58,46,46,46,46,0],"items_purged":["Strike_B"],"gold":62,"score":239,"play_id":"6dd8288f-483a-4c15-af0c-5793a40cccbc","local_time":"20180621222750","is_prod":false,"is_daily":false,"chose_seed":false,"is_ascension_mode":true,"campfire_upgraded":0,"win_rate":0,"timestamp":1529634470,"campfire_choices":[{"floor":6,"key":"REST"},{"floor":11,"key":"REST"},{"floor":15,"key":"REST"}],"path_taken":["M","?","M","M","M","R","M","M","T","M","R","M","?","?","R","BOSS","M","M","$","M","M"],"build_version":"2018-06-14v2","seed_source_timestamp":672778030757370,"purchased_purges":1,"victory":false,"master_deck":["Strike_B","Defend_B","Defend_B","Defend_B","Zap","Dualcast","Gash","Gash","FTL","Sweeping Beam","All For One","Gash","Echo Form","All For One","FTL","Genetic Algorithm"],"max_hp_per_floor":[75,75,75,75,75,75,75,75,75,75,75,75,75,75,75,75,75,75,75,75,75,75],"relics":["Cracked Core","Matryoshka","Empty Cage","Kunai"],"card_choices":[{"not_picked":["Sweeping Beam","Storm"],"picked":"Heatsinks","floor":1},{"not_picked":["Hologram","Cold Snap"],"picked":"Gash","floor":3},{"not_picked":["Redo","Rebound"],"picked":"Gash","floor":4},{"not_picked":["Conserve Battery","Compile Driver"],"picked":"FTL","floor":5},{"not_picked":["Compile Driver","Stack"],"picked":"Sweeping Beam","floor":7},{"not_picked":["Redo","Loop"],"picked":"All For One","floor":8},{"not_picked":["Conserve Battery","Redo"],"picked":"Gash","floor":10},{"not_picked":["Compile Driver","Barrage","Heatsinks"],"picked":"SKIP","floor":12},{"not_picked":["Redo","Cold Snap"],"picked":"Echo Form","floor":14},{"not_picked":["Amplify","Buffer"],"picked":"All For One","floor":16},{"not_picked":["Tempest+1","Sweeping Beam"],"picked":"FTL","floor":18},{"not_picked":["Redo","Streamline","Turbo"],"picked":"SKIP","floor":19},{"not_picked":["Go for the Eyes","Leap"],"picked":"Genetic Algorithm","floor":21}],"player_experience":691666,"potions_floor_usage":[14,16],"damage_taken":[{"damage":7,"enemies":"Small Slimes","floor":1,"turns":3},{"damage":4,"enemies":"Jaw Worm","floor":3,"turns":4},{"damage":7,"enemies":"2 Louse","floor":4,"turns":2},{"damage":26,"enemies":"Gremlin Gang","floor":5,"turns":4},{"damage":5,"enemies":"2 Fungi Beasts","floor":7,"turns":3},{"damage":1,"enemies":"Exordium Wildlife","floor":8,"turns":3},{"damage":14,"enemies":"3 Louse","floor":10,"turns":2},{"damage":12,"enemies":"Looter","floor":12,"turns":3},{"damage":6,"enemies":"Exordium Thugs","floor":14,"turns":2},{"damage":37,"enemies":"Hexaghost","floor":16,"turns":5},{"damage":12,"enemies":"Chosen","floor":18,"turns":3},{"damage":0,"enemies":"3 Byrds","floor":19,"turns":3},{"damage":0,"enemies":"Snecko","floor":21,"turns":3},{"damage":55,"enemies":"Cultist and Chosen","floor":22,"turns":4}],"relics_obtained":[{"floor":9,"key":"Matryoshka"}],"event_choices":[{"event_name":"Golden Wing","player_choice":"Card Removal","floor":2,"damage_taken":0},{"event_name":"Shining Light","player_choice":"Ignored","floor":13,"damage_taken":0}],"boss_relics":[{"not_picked":["Pandora\u0027s Box","Snecko Eye"],"picked":"Empty Cage"}],"items_purged_floors":[20],"is_endless":false,"potions_floor_spawned":[4,5,12,14,21],"seed_played":"-2090564811329434514","killed_by":"Cultist and Chosen","ascension_level":6,"potions_obtained":[{"floor":4,"key":"SpeedPotion"},{"floor":5,"key":"GamblersBrew"},{"floor":12,"key":"FearPotion"},{"floor":14,"key":"Strength Potion"},{"floor":21,"key":"LiquidBronze"}],"is_trial":false}