{"gold_per_floor":[110,110,128,148,248,248,258,258,284,295,306,333,343,369,369,369],"floor_reached":16,"playtime":2613,"items_purged":[],"score":114,"play_id":"8083e267-162f-4c57-866f-f320119aaa1f","local_time":"20190103123921","is_ascension_mode":false,"campfire_choices":[{"data":"Apotheosis","floor":6,"key":"SMITH"},{"data":"Flex","floor":8,"key":"SMITH"},{"floor":15,"key":"REST"}],"neow_cost":"PERCENT_DAMAGE","seed_source_timestamp":1126606055825610,"circlet_count":0,"master_deck":["Strike_R","Strike_R","Strike_R","Strike_R","Strike_R","Defend_R+1","Defend_R+1","Defend_R+1","Defend_R","Bash","Forethought","Apotheosis+1","Whirlwind+1","Flex+1","Cleave","Flame Barrier","Shockwave","Flex","Armaments","Cleave"],"relics":["Burning Blood","War Paint","Bag of Marbles","Darkstone Periapt"],"potions_floor_usage":[12,16,16],"damage_taken":[{"damage":3,"enemies":"Small Slimes","floor":1,"turns":3},{"damage":6,"enemies":"Cultist","floor":3,"turns":3},{"damage":5,"enemies":"2 Louse","floor":4,"turns":3},{"damage":0,"enemies":"Red Slaver","floor":7,"turns":3},{"damage":0,"enemies":"Large Slime","floor":10,"turns":4},{"damage":33,"enemies":"Exordium Wildlife","floor":11,"turns":4},{"damage":9,"enemies":"Lagavulin","floor":12,"turns":7},{"damage":0,"enemies":"Looter","floor":13,"turns":2},{"damage":20,"enemies":"Gremlin Nob","floor":14,"turns":4},{"damage":56,"enemies":"Slime Boss","floor":16,"turns":8}],"seed_played":"1627231245510704475","potions_obtained":[{"floor":1,"key":"SkillPotion"},{"floor":3,"key":"SkillPotion"},{"floor":10,"key":"LiquidBronze"}],"is_trial":false,"path_per_floor":["M","?","M","M","?","R","M","R","T","M","M","E","M","E","R","B"],"character_chosen":"IRONCLAD","items_purchased":[],"campfire_rested":1,"item_purchase_floors":[],"current_hp_per_floor":[59,43,43,44,44,44,50,50,50,56,29,26,32,18,42,0],"gold":369,"neow_bonus":"RANDOM_COLORLESS_2","is_prod":false,"is_daily":false,"chose_seed":false,"campfire_upgraded":2,"win_rate":0.0,"timestamp":1546547961,"path_taken":["M","?","M","M","?","R","M","R","T","M","M","E","?","E","R","BOSS"],"build_version":"2018-12-20","purchased_purges":0,"victory":false,"max_hp_per_floor":[80,80,80,80,80,80,80,80,80,80,80,80,80,80,80,80],"card_choices":[{"not_picked":["Shrug It Off","Anger"],"picked":"Whirlwind","floor":1},{"not_picked":["True Grit","Metallicize"],"picked":"Flex","floor":3},{"not_picked":["True Grit","Searing Blow","Body Slam"],"picked":"SKIP","floor":4},{"not_picked":["Warcry","True Grit"],"picked":"Cleave","floor":7},{"not_picked":["Shrug It Off","Blood for Blood"],"picked":"Flame Barrier","floor":10},{"not_picked":["Body Slam","Blood for Blood"],"picked":"Shockwave","floor":11},{"not_picked":["Warcry","Carnage"],"picked":"Flex","floor":12},{"not_picked":["Clash","Feed"],"picked":"Armaments","floor":13},{"not_picked":["Disarm","Shrug It Off"],"picked":"Cleave","floor":14}],"player_experience":9462,"relics_obtained":[{"floor":9,"key":"War Paint"},{"floor":12,"key":"Bag of Marbles"},{"floor":14,"key":"Darkstone Periapt"}],"event_choices":[{"damage_healed":0,"gold_gain":0,"player_choice":"Entered Light","damage_taken":16,"max_hp_gain":0,"max_hp_loss":0,"event_name":"Shining Light","floor":2,"gold_loss":0,"cards_upgraded":["Whirlwind","Defend_R"]},{"damage_healed":0,"gold_gain":100,"player_choice":"Pray","damage_taken":0,"max_hp_gain":0,"max_hp_loss":0,"event_name":"Golden Shrine","floor":5,"gold_loss":0}],"is_beta":false,"boss_relics":[],"items_purged_floors":[],"is_endless":false,"potions_floor_spawned":[1,3,10],"killed_by":"Slime Boss","ascension_level":0}