{"gold_per_floor":[118,131,143,143,143,173,173,191,191,191,202,219,236,254,254,354,354,373,406,406,425,524,524,540,556,556,556,568,585,585,596,596,691,691,701,717,734,956,956,956,969,984,984,984],"floor_reached":44,"playtime":3242,"items_purged":[],"score":559,"play_id":"8f09f675-9eaf-453d-a99a-3fb089f3b786","local_time":"20180627211453","is_ascension_mode":true,"campfire_choices":[{"floor":7,"key":"REST"},{"floor":10,"key":"REST"},{"floor":15,"key":"REST"},{"data":"Barricade","floor":23,"key":"SMITH"},{"floor":27,"key":"REST"},{"floor":30,"key":"REST"},{"floor":32,"key":"REST"},{"floor":40,"key":"REST"}],"neow_cost":"NONE","seed_source_timestamp":262326307776286,"circlet_count":0,"master_deck":["Strike_R","Strike_R","Strike_R+1","Strike_R","Strike_R","Defend_R+1","Defend_R","Defend_R+1","Defend_R+1","Bash","Feel No Pain","Headbutt","Body Slam","Warcry","Offering","Body Slam","Body Slam","Iron Wave","Body Slam","Offering","Warcry","Shrug It Off+1","Barricade+1","Body Slam","Metallicize+1","Rupture+1","Warcry+1","Impervious","Iron Wave","Iron Wave","Dark Shackles"],"relics":["Burning Blood","War Paint","Oddly Smooth Stone","Question Card","Sozu","Red Mask","Gremlin Horn","Lizard Tail","Strawberry"],"potions_floor_usage":[2,6,14,16,16],"damage_taken":[{"damage":2,"enemies":"2 Louse","floor":1,"turns":4},{"damage":6,"enemies":"Cultist","floor":2,"turns":3},{"damage":12,"enemies":"Small Slimes","floor":3,"turns":4},{"damage":61,"enemies":"Lagavulin","floor":6,"turns":10},{"damage":11,"enemies":"Looter","floor":8,"turns":2},{"damage":7,"enemies":"Large Slime","floor":11,"turns":5},{"damage":13,"enemies":"Blue Slaver","floor":12,"turns":4},{"damage":6,"enemies":"Lots of Slimes","floor":13,"turns":3},{"damage":11,"enemies":"Looter","floor":14,"turns":3},{"damage":45,"enemies":"The Guardian","floor":16,"turns":13},{"damage":8,"enemies":"Spheric Guardian","floor":18,"turns":3},{"damage":20,"floor":19,"turns":4},{"damage":20,"enemies":"Chosen","floor":21,"turns":6},{"damage":19,"enemies":"Centurion and Healer","floor":24,"turns":4},{"damage":36,"enemies":"Snecko","floor":25,"turns":7},{"damage":17,"enemies":"Chosen and Byrds","floor":28,"turns":6},{"damage":0,"enemies":"Centurion and Healer","floor":29,"turns":4},{"damage":16,"enemies":"Snake Plant","floor":31,"turns":5},{"damage":45,"enemies":"Automaton","floor":33,"turns":11},{"damage":38,"enemies":"3 Darklings","floor":35,"turns":3},{"damage":21,"enemies":"3 Shapes","floor":36,"turns":4},{"damage":30,"enemies":"Maw","floor":37,"turns":8},{"damage":50,"enemies":"4 Shapes","floor":41,"turns":5},{"damage":32,"enemies":"3 Darklings","floor":42,"turns":6},{"damage":34,"enemies":"Sphere and 2 Shapes","floor":44,"turns":5}],"seed_played":"1820964138687389140","potions_obtained":[{"floor":1,"key":"Fruit Juice"},{"floor":3,"key":"BloodPotion"},{"floor":12,"key":"AttackPotion"},{"floor":13,"key":"BloodPotion"},{"floor":14,"key":"LiquidBronze"}],"is_trial":false,"path_per_floor":["M","M","M","?","?","E","R","M","T","R","M","M","M","M","R","B",null,"M","?","?","M","?","R","M","M","T","R","M","M","R","M","R","B",null,"M","M","M","?","?","R","M","M","T"],"character_chosen":"IRONCLAD","items_purchased":[],"campfire_rested":7,"item_purchase_floors":[],"current_hp_per_floor":[80,85,79,79,62,15,40,35,35,60,59,52,52,55,80,41,85,83,69,69,55,55,55,42,12,12,37,26,32,57,47,72,33,85,53,38,14,14,14,39,44,18,25,0],"gold":984,"neow_bonus":"RANDOM_COMMON_RELIC","is_prod":false,"is_daily":false,"chose_seed":false,"campfire_upgraded":1,"win_rate":0,"timestamp":1530148493,"path_taken":["M","M","M","?","?","E","R","?","T","R","M","M","M","M","R","BOSS","M","?","?","M","?","R","M","M","T","R","M","M","R","M","R","BOSS","M","M","M","?","?","R","?","M","T","M"],"build_version":"2018-06-21v2","purchased_purges":0,"victory":false,"max_hp_per_floor":[80,85,85,85,85,85,85,85,85,85,85,85,85,85,85,85,85,85,85,85,85,85,85,85,85,85,85,85,85,85,85,85,85,85,85,85,85,85,85,85,85,85,92,92],"card_choices":[{"not_picked":["Havoc","Iron Wave"],"picked":"Feel No Pain","floor":1},{"not_picked":["Anger","Cleave"],"picked":"Headbutt","floor":2},{"not_picked":["Twin Strike","Feel No Pain"],"picked":"Body Slam","floor":3},{"not_picked":["Sword Boomerang","Combust"],"picked":"Warcry","floor":6},{"not_picked":["True Grit","Clash"],"picked":"Offering","floor":8},{"not_picked":["True Grit","Hemokinesis","Combust"],"picked":"Body Slam","floor":11},{"not_picked":["True Grit","Perfected Strike","Wild Strike"],"picked":"Body Slam","floor":12},{"not_picked":["Dropkick","Pummel","Sword Boomerang"],"picked":"Iron Wave","floor":13},{"not_picked":["Demon Form","True Grit","Uppercut"],"picked":"Body Slam","floor":14},{"not_picked":["Double Tap","Berserk","Demon Form"],"picked":"Offering","floor":16},{"not_picked":["Sword Boomerang","Anger","Uppercut"],"picked":"Warcry","floor":18},{"not_picked":["Metallicize+1","Flex","Twin Strike"],"picked":"Shrug It Off+1","floor":19},{"not_picked":["Iron Wave","Uppercut","True Grit"],"picked":"Barricade","floor":21},{"not_picked":["Sword Boomerang","Twin Strike+1","Evolve","Hemokinesis+1"],"picked":"SKIP","floor":24},{"not_picked":["Disarm","Clash+1","Havoc+1"],"picked":"Body Slam","floor":25},{"not_picked":["Uppercut","Limit Break","Clothesline"],"picked":"Metallicize+1","floor":28},{"not_picked":["Anger+1","Blood for Blood","Body Slam+1"],"picked":"Rupture+1","floor":29},{"not_picked":["Twin Strike","Armaments+1","Corruption"],"picked":"Warcry+1","floor":31},{"not_picked":["Bludgeon","Limit Break","Exhume"],"picked":"Impervious","floor":33},{"not_picked":["Cleave+1","Carnage+1","Whirlwind"],"picked":"Iron Wave","floor":35},{"not_picked":["Body Slam","Headbutt","Fire Breathing+1"],"picked":"Iron Wave","floor":36},{"not_picked":["Cleave","Infernal Blade","Perfected Strike","Armaments"],"picked":"SKIP","floor":37},{"not_picked":["Thinking Ahead","Swift Strike","Finesse"],"picked":"Dark Shackles","floor":39},{"not_picked":["Hemokinesis+1","Dropkick+1","Iron Wave","Twin Strike+1"],"picked":"SKIP","floor":41},{"not_picked":["Second Wind","Intimidate+1","Cleave+1","Feel No Pain+1"],"picked":"SKIP","floor":42}],"player_experience":819677,"relics_obtained":[{"floor":6,"key":"Oddly Smooth Stone"},{"floor":9,"key":"Question Card"},{"floor":19,"key":"Red Mask"},{"floor":26,"key":"Gremlin Horn"},{"floor":43,"key":"Strawberry"}],"event_choices":[{"event_name":"Match and Keep!","player_choice":"0 cards matched","floor":4,"damage_taken":0},{"event_name":"Shining Light","player_choice":"Entered Light","floor":5,"damage_taken":0},{"event_name":"Masked Bandits","player_choice":"Fought over 373 gold","floor":19,"damage_taken":0},{"event_name":"Ghosts","player_choice":"Ignored","floor":20,"damage_taken":0},{"event_name":"Nest","player_choice":"Stole From Cult","floor":22,"damage_taken":0},{"event_name":"Tomb of Lord Red Mask","player_choice":"Wore Mask","floor":38,"damage_taken":0},{"event_name":"SensoryStone","player_choice":"Memory 1","floor":39,"damage_taken":0}],"boss_relics":[{"not_picked":["Tiny House","Busted Crown"],"picked":"Sozu"},{"not_picked":["Philosopher\u0027s Stone","Black Blood"],"picked":"Lizard Tail"}],"items_purged_floors":[],"is_endless":false,"potions_floor_spawned":[1,3,12,13,14,18,19,25,28,31,37],"killed_by":"Sphere and 2 Shapes","ascension_level":4}