{"gold_per_floor":[110,125,139,67,86,86,97,97,122,422,433,433,433,447,447,547,547,519,519,519],"floor_reached":20,"playtime":862,"items_purged":[],"score":266,"play_id":"5dbf8be8-1d94-4dc8-86e6-3e272cc349c3","local_time":"20180720155728","is_ascension_mode":true,"campfire_choices":[{"data":"Zap","floor":6,"key":"SMITH"},{"floor":15,"key":"REST"}],"neow_cost":"NONE","seed_source_timestamp":580215454281438,"circlet_count":0,"master_deck":["Strike_B","Strike_B","Strike_B","Strike_B","Defend_B","Defend_B","Defend_B","Defend_B","Zap+1","Dualcast","AscendersBane","Blizzard","Gash","Hologram","Loop","FTL","Cold Snap","Chill","Redo","Gash","Echo Form"],"relics":["Cracked Core","Ancient Tea Set","Dream Catcher","Old Coin","White Beast Statue"],"potions_floor_usage":[5,11,16,16,20],"damage_taken":[{"damage":1,"enemies":"Cultist","floor":1,"turns":3},{"damage":4,"enemies":"Jaw Worm","floor":2,"turns":4},{"damage":0,"enemies":"2 Louse","floor":3,"turns":1},{"damage":20,"enemies":"Exordium Wildlife","floor":5,"turns":4},{"damage":12,"enemies":"Looter","floor":7,"turns":3},{"damage":0,"enemies":"Large Slime","floor":11,"turns":4},{"damage":9,"enemies":"3 Louse","floor":14,"turns":3},{"damage":28,"enemies":"Hexaghost","floor":16,"turns":11},{"damage":36,"enemies":"2 Thieves","floor":18,"turns":5},{"damage":41,"floor":20,"turns":3}],"seed_played":"-7108705562479271351","potions_obtained":[{"floor":1,"key":"Fire Potion"},{"floor":3,"key":"Explosive Potion"},{"floor":7,"key":"PowerPotion"},{"floor":14,"key":"Weak Potion"},{"floor":18,"key":"Regen Potion"}],"is_trial":false,"path_per_floor":["M","M","M","$","M","R","M","?","T","T","M","?","?","M","R","B",null,"M","?"],"character_chosen":"DEFECT","items_purchased":["Loop"],"campfire_rested":1,"item_purchase_floors":[4],"current_hp_per_floor":[74,70,70,70,50,50,38,20,20,20,20,20,20,11,35,7,63,27,27,0],"gold":519,"neow_bonus":"TEN_PERCENT_HP_BONUS","is_prod":false,"is_daily":false,"chose_seed":false,"campfire_upgraded":1,"win_rate":0,"timestamp":1532116648,"path_taken":["M","M","M","$","M","R","?","?","T","?","M","?","?","M","R","BOSS","M","?","?"],"build_version":"2018-07-19v2","purchased_purges":0,"victory":false,"max_hp_per_floor":[82,82,82,82,82,82,82,82,82,82,82,82,82,82,82,82,82,82,82,82],"card_choices":[{"not_picked":["Chill","Barrage"],"picked":"Blizzard","floor":1},{"not_picked":["Rebound","Barrage"],"picked":"Gash","floor":2},{"not_picked":["White Noise","Rebound"],"picked":"Hologram","floor":3},{"not_picked":["Tempest","Compile Driver"],"picked":"FTL","floor":5},{"not_picked":["Redo","Turbo"],"picked":"Cold Snap","floor":7},{"not_picked":["Barrage","Hologram"],"picked":"Chill","floor":11},{"not_picked":["Hello World","Stack"],"picked":"Redo","floor":14},{"not_picked":["Capacitor","Stack"],"picked":"Gash","floor":15},{"not_picked":["Meteor Strike","Buffer"],"picked":"Echo Form","floor":16},{"not_picked":["Streamline","Heatsinks+1","Sweeping Beam"],"picked":"SKIP","floor":18}],"player_experience":1198031,"relics_obtained":[{"floor":9,"key":"Dream Catcher"},{"floor":10,"key":"Old Coin"}],"event_choices":[{"event_name":"Scrap Ooze","player_choice":"success","floor":8,"damage_taken":18},{"event_name":"Liars Game","player_choice":"disagreed","floor":12,"damage_taken":0},{"event_name":"Shining Light","player_choice":"Ignored","floor":13,"damage_taken":0},{"event_name":"Drug Dealer","player_choice":"Ignored","floor":19,"damage_taken":0},{"event_name":"Masked Bandits","player_choice":"Fought over 519 gold","floor":20,"damage_taken":0}],"is_beta":false,"boss_relics":[{"not_picked":["Pandora\u0027s Box","Busted Crown"],"picked":"White Beast Statue"}],"items_purged_floors":[],"is_endless":false,"potions_floor_spawned":[1,3,7,14,18],"ascension_level":12}