{"gold_per_floor":[217,72,72,72,83,83,115,115,115,134,194,194,194,209,209,311,311,294,294,308,318,328,328,363,363,363,377,377,410,422,442,442,537,537,553,571,571,583,204,204,224,224,224,242,268,268,0,26,26,26,26,26,26,57,57],"floor_reached":56,"playtime":2528,"items_purged":["Strike_R"],"score":1327,"play_id":"7bc75042-cc90-464b-8b24-abe582d48ba4","local_time":"20181212143929","is_ascension_mode":false,"campfire_choices":[{"data":"Inflame","floor":6,"key":"SMITH"},{"data":"Shockwave","floor":8,"key":"SMITH"},{"data":"Disarm","floor":13,"key":"SMITH"},{"data":"Bash","floor":15,"key":"SMITH"},{"data":"Shrug It Off","floor":23,"key":"SMITH"},{"floor":25,"key":"RECALL"},{"data":"Flame Barrier","floor":32,"key":"SMITH"},{"data":"Defend_R","floor":40,"key":"SMITH"},{"data":"Defend_R","floor":42,"key":"SMITH"},{"data":"Defend_R","floor":49,"key":"SMITH"},{"data":"Defend_R","floor":52,"key":"SMITH"}],"neow_cost":"NONE","seed_source_timestamp":1169445363857476,"circlet_count":0,"master_deck":["Strike_R+1","Strike_R+1","Defend_R+1","Defend_R+1","Defend_R+1","Defend_R+1","Bash+1","Disarm+1","Inflame+1","Shockwave+1","Iron Wave+1","Reaper+1","Twin Strike+1","Berserk+1","Hemokinesis+1","Shrug It Off+1","Thunderclap+1","Necronomicurse","Flame Barrier+1","Evolve+1","Cleave+1","Bludgeon+1","Whirlwind+1","Seeing Red+1","Whirlwind+1","Flex+1"],"relics":["Burning Blood","Oddly Smooth Stone","Pear","Molten Egg 2","Potion Belt","FaceOfCleric","Eternal Feather","Turnip","PreservedInsect","Necronomicon","Happy Flower","Velvet Choker","Bottled Flame","Blood Vial","Darkstone Periapt","Red Mask","Smiling Mask","Gremlin Horn"],"potions_floor_usage":[11,22,22,22,24,29,33,33,33,50,50,50,50,55],"damage_taken":[{"damage":15,"enemies":"Jaw Worm","floor":1,"turns":4},{"damage":2,"enemies":"Small Slimes","floor":5,"turns":4},{"damage":48,"enemies":"3 Sentries","floor":7,"turns":8},{"damage":5,"enemies":"2 Louse","floor":10,"turns":3},{"damage":12,"enemies":"Lagavulin Event","floor":11,"turns":5},{"damage":0,"enemies":"Large Slime","floor":14,"turns":5},{"damage":7,"enemies":"Hexaghost","floor":16,"turns":9},{"damage":24,"enemies":"2 Thieves","floor":18,"turns":4},{"damage":17,"enemies":"Chosen","floor":20,"turns":5},{"damage":43,"enemies":"3 Cultists","floor":21,"turns":6},{"damage":10,"enemies":"Centurion and Healer","floor":22,"turns":5},{"damage":42,"enemies":"Gremlin Leader","floor":24,"turns":8},{"damage":27,"enemies":"Snake Plant","floor":27,"turns":5},{"damage":21,"enemies":"Book of Stabbing","floor":29,"turns":4},{"damage":12,"enemies":"Cultist and Chosen","floor":30,"turns":8},{"damage":26,"enemies":"Sentry and Sphere","floor":31,"turns":6},{"damage":66,"enemies":"Automaton","floor":33,"turns":10},{"damage":27,"enemies":"3 Darklings","floor":35,"turns":4},{"damage":7,"enemies":"Orb Walker","floor":36,"turns":3},{"damage":52,"enemies":"Spire Growth","floor":38,"turns":5},{"damage":0,"enemies":"Sphere and 2 Shapes","floor":41,"turns":1},{"damage":13,"enemies":"Transient","floor":44,"turns":5},{"damage":0,"enemies":"Reptomancer","floor":45,"turns":2},{"damage":22,"enemies":"Giant Head","floor":48,"turns":5},{"damage":92,"enemies":"Donu and Deca","floor":50,"turns":7},{"damage":10,"enemies":"Shield and Spear","floor":54,"turns":2},{"damage":97,"enemies":"The Heart","floor":55,"turns":8}],"seed_played":"-8975484298877470086","potions_obtained":[{"floor":1,"key":"Ancient Potion"},{"floor":11,"key":"AttackPotion"},{"floor":14,"key":"AttackPotion"},{"floor":16,"key":"Regen Potion"},{"floor":18,"key":"BloodPotion"},{"floor":21,"key":"Block Potion"},{"floor":27,"key":"Strength Potion"},{"floor":30,"key":"AttackPotion"},{"floor":31,"key":"AttackPotion"},{"floor":35,"key":"SkillPotion"},{"floor":38,"key":"Energy Potion"},{"floor":44,"key":"GamblersBrew"},{"floor":48,"key":"LiquidBronze"}],"is_trial":false,"path_per_floor":["M","$","?","?","M","R","E","R","T","M","?","?","R","M","R","B",null,"M","?","M","M","M","R","E","R","T","M","?","E","M","M","R","B",null,"M","M","?","M","$","R","M","R","T","M","E","T","?","E","R","B",null,"R","$","E","B",null],"character_chosen":"IRONCLAD","items_purchased":["Oddly Smooth Stone","Bottled Flame","PowerPotion"],"campfire_rested":0,"item_purchase_floors":[2,39,39],"current_hp_per_floor":[71,71,55,48,52,52,20,20,20,21,15,15,15,28,28,28,92,75,75,77,57,80,89,82,91,91,78,62,78,78,59,71,22,102,103,103,103,72,72,84,91,103,103,100,107,107,107,93,108,55,110,110,110,107,19],"gold":57,"neow_bonus":"HUNDRED_GOLD","is_prod":false,"is_daily":false,"chose_seed":false,"campfire_upgraded":10,"win_rate":0,"timestamp":1544593169,"path_taken":["M","$","?","?","M","R","E","R","T","M","?","?","R","M","R","BOSS","M","?","M","?","M","R","E","R","T","M","?","E","M","M","R","BOSS","M","M","?","?","$","R","M","R","T","M","E","?","?","E","R","BOSS","R","$","E","BOSS"],"build_version":"2018-12-06","purchased_purges":1,"victory":true,"max_hp_per_floor":[80,80,80,80,80,80,90,90,90,90,90,90,90,91,91,92,92,93,93,94,95,96,96,97,97,97,98,98,99,100,101,101,102,102,103,104,104,105,105,105,106,106,106,107,108,108,108,109,109,110,110,110,110,111,112],"card_choices":[{"not_picked":["Twin Strike","Pommel Strike"],"picked":"Disarm","floor":1},{"not_picked":["Clothesline","Headbutt"],"picked":"Inflame","floor":5},{"not_picked":["Perfected Strike","Spot Weakness"],"picked":"Shockwave","floor":7},{"not_picked":["Infernal Blade","Spot Weakness"],"picked":"Iron Wave+1","floor":10},{"not_picked":["Pommel Strike+1","Feel No Pain"],"picked":"Reaper+1","floor":11},{"not_picked":["Shrug It Off","Power Through"],"picked":"Twin Strike+1","floor":14},{"not_picked":["Juggernaut","Dark Embrace"],"picked":"Berserk","floor":16},{"not_picked":["Rage+1","Clash+1"],"picked":"Hemokinesis+1","floor":18},{"not_picked":["Fire Breathing","Twin Strike+1"],"picked":"Shrug It Off","floor":20},{"not_picked":["Sword Boomerang+1","Twin Strike+1","Evolve"],"picked":"SKIP","floor":21},{"not_picked":["Perfected Strike+1","Shockwave"],"picked":"Thunderclap+1","floor":22},{"not_picked":["Hemokinesis+1","Thunderclap+1","True Grit"],"picked":"SKIP","floor":24},{"not_picked":["Inflame","Shrug It Off","Reckless Charge+1"],"picked":"SKIP","floor":27},{"not_picked":["Sword Boomerang+1","Clash+1"],"picked":"Flame Barrier","floor":29},{"not_picked":["Wild Strike+1","Headbutt+1"],"picked":"Evolve+1","floor":30},{"not_picked":["Body Slam+1","Anger+1"],"picked":"Cleave+1","floor":31},{"not_picked":["Feed+1","Fiend Fire+1"],"picked":"Bludgeon+1","floor":33},{"not_picked":["Pommel Strike+1","True Grit","Rampage+1"],"picked":"SKIP","floor":35},{"not_picked":["Clash+1","Rage","Body Slam+1"],"picked":"SKIP","floor":36},{"not_picked":["Clash+1","Flex"],"picked":"Whirlwind+1","floor":38},{"not_picked":["Thunderclap+1","Clash+1"],"picked":"Seeing Red+1","floor":41},{"not_picked":["Second Wind+1","Pummel+1"],"picked":"Whirlwind+1","floor":44},{"not_picked":["True Grit","Dual Wield+1","Armaments+1"],"picked":"SKIP","floor":45},{"not_picked":["Cleave+1","Iron Wave+1"],"picked":"Flex+1","floor":48},{"not_picked":["Power Through","Fiend Fire+1","Carnage+1"],"picked":"SKIP","floor":54}],"player_experience":159728,"relics_obtained":[{"floor":7,"key":"Pear"},{"floor":9,"key":"Molten Egg 2"},{"floor":11,"key":"Potion Belt"},{"floor":24,"key":"Turnip"},{"floor":26,"key":"PreservedInsect"},{"floor":28,"key":"Necronomicon"},{"floor":29,"key":"Happy Flower"},{"floor":45,"key":"Blood Vial"},{"floor":46,"key":"Darkstone Periapt"},{"floor":48,"key":"Smiling Mask"},{"floor":54,"key":"Gremlin Horn"}],"event_choices":[{"damage_healed":0,"gold_gain":0,"player_choice":"Entered Light","damage_taken":16,"max_hp_gain":0,"max_hp_loss":0,"event_name":"Shining Light","floor":3,"gold_loss":0,"cards_upgraded":["Strike_R","Strike_R"]},{"cards_removed":["Strike_R"],"damage_healed":0,"gold_gain":0,"player_choice":"Card Removal","damage_taken":7,"max_hp_gain":0,"max_hp_loss":0,"event_name":"Golden Wing","floor":4,"gold_loss":0},{"damage_healed":0,"gold_gain":0,"player_choice":"Searched \u00272\u0027 times","damage_taken":0,"max_hp_gain":0,"max_hp_loss":0,"event_name":"Dead Adventurer","floor":11,"gold_loss":0},{"damage_healed":0,"gold_gain":0,"player_choice":"Trade","damage_taken":0,"relics_obtained":["FaceOfCleric"],"max_hp_gain":0,"max_hp_loss":0,"event_name":"FaceTrader","floor":12,"gold_loss":0},{"damage_healed":0,"gold_gain":0,"player_choice":"Forge","damage_taken":0,"max_hp_gain":0,"max_hp_loss":0,"event_name":"Accursed Blacksmith","floor":19,"gold_loss":0,"cards_upgraded":["Berserk"]},{"damage_healed":0,"gold_gain":0,"player_choice":"Obtained Book","damage_taken":16,"max_hp_gain":0,"max_hp_loss":0,"event_name":"Cursed Tome","floor":28,"gold_loss":0},{"cards_removed":["Strike_R"],"damage_healed":0,"gold_gain":0,"player_choice":"Offered Basic","damage_taken":0,"max_hp_gain":0,"max_hp_loss":0,"event_name":"Bonfire Elementals","floor":37,"gold_loss":0},{"damage_healed":0,"gold_gain":0,"player_choice":"Paid","damage_taken":0,"relics_obtained":["Red Mask"],"max_hp_gain":0,"max_hp_loss":0,"event_name":"Tomb of Lord Red Mask","floor":47,"gold_loss":268}],"is_beta":false,"boss_relics":[{"not_picked":["Busted Crown","Fusion Hammer"],"picked":"Eternal Feather"},{"not_picked":["Pandora\u0027s Box","Black Star"],"picked":"Velvet Choker"}],"items_purged_floors":[39],"is_endless":false,"potions_floor_spawned":[1,11,14,16,18,21,27,30,31,35,38,44,48],"ascension_level":0}