{"gold_per_floor":[114,114,114,64,83,83,121,140,165,203,222,241,260,260,260,385,385,404,404,423,522,222,260,279,298,323,323,283,321,340,359,359,484,484,503,125,125,144,144,144,44,63,113,151,1,1,39,58,58,58],"floor_reached":51,"playtime":4144,"items_purged":[],"score":1157,"play_id":"70c9dfe8-6c64-4422-80c4-7c064f71105b","local_time":"20180913141803","daily_mods":["Insanity","Terminal","Hoarder"],"is_ascension_mode":false,"campfire_choices":[{"data":"Seek","floor":6.0,"key":"SMITH"},{"data":"Seek","floor":15.0,"key":"SMITH"},{"floor":27,"key":"DIG"},{"floor":32,"key":"DIG"},{"floor":40,"key":"DIG"},{"floor":46,"key":"DIG"},{"floor":49,"key":"DIG"}],"neow_cost":"","seed_source_timestamp":0,"circlet_count":0,"master_deck":["Glacier","Defragment","BootSequence","All For One","Recycle","Chill","FTL","Go for the Eyes+1","Seek+1","Barrage","Zap","Rainbow","Defend_B","Multi-Cast","Auto Shields","Hologram","Auto Shields","Static Discharge","Gash","Compile Driver","Genetic Algorithm","Electrodynamics","Consume","Hyperbeam","Sunder","Seek+1","Streamline","Static Discharge","Scrape","FTL","Seek+1","Genetic Algorithm","Amplify","Auto Shields","Heatsinks","Dualcast","Aggregate","Compile Driver","Sunder","Cold Snap","Rip and Tear","Cold Snap","Compile Driver","Stack","Static Discharge","Chaos","All For One+1","Meteor Strike","Stack","Reprogram+1","Coolheaded","Coolheaded","Coolheaded","Ball Lightning","Ball Lightning","Ball Lightning","Skim","Skim","Skim","Ball Lightning","Ball Lightning","Ball Lightning","Reprogram","Reprogram","Reprogram","Conserve Battery","Conserve Battery","Conserve Battery","Undo","Undo","Undo","Ball Lightning+1","Ball Lightning","Ball Lightning","Core Surge","Core Surge","Core Surge","Defragment+1","Defragment+1","Defragment+1","Double Energy","Double Energy","Double Energy","Storm+1","Storm+1","Storm+1","Coolheaded","Coolheaded","Coolheaded","Static Discharge+1","Static Discharge+1","Static Discharge+1","Coolheaded","Coolheaded","Coolheaded","Turbo","Turbo","Turbo","Fusion+1","Fusion+1","Fusion+1","Creative AI+1","Creative AI+1","Creative AI+1","Storm+1","Storm+1","Storm+1","Madness","Madness","Madness","Madness","Madness","Madness","Storm+1","Storm+1","Storm+1","Sunder+1","Sunder+1","Sunder+1","Doom and Gloom+1","Doom and Gloom+1","Doom and Gloom+1","Thunder Strike","Thunder Strike","Thunder Strike","Coolheaded+1","Coolheaded+1","Coolheaded+1"],"special_seed":17787,"relics":["Cracked Core","Golden Idol","PreservedInsect","Whetstone","Frozen Egg 2","Inserter","Shovel","Mummified Hand","Juzu Bracelet","Potion Belt","Sundial","Kunai","Coffee Dripper","Unceasing Top","Lantern","DataDisk","Bottled Lightning","Bag of Preparation","Pen Nib","Smiling Mask","FossilizedHelix"],"potions_floor_usage":[24,24,29,33,50,50,50],"damage_taken":[{"damage":0.0,"enemies":"Small Slimes","floor":1.0,"turns":2.0},{"damage":0.0,"enemies":"Jaw Worm","floor":5.0,"turns":2.0},{"damage":0.0,"enemies":"3 Sentries","floor":7.0,"turns":2.0},{"damage":0.0,"enemies":"Cultist","floor":8.0,"turns":2.0},{"damage":0.0,"enemies":"Lagavulin","floor":10.0,"turns":2.0},{"damage":0.0,"enemies":"2 Fungi Beasts","floor":11.0,"turns":2.0},{"damage":0.0,"enemies":"Exordium Wildlife","floor":12.0,"turns":4.0},{"damage":0.0,"enemies":"Gremlin Gang","floor":13.0,"turns":4.0},{"damage":17.0,"enemies":"The Guardian","floor":16.0,"turns":10.0},{"damage":0,"enemies":"Spheric Guardian","floor":18,"turns":3},{"damage":1,"enemies":"Shell Parasite","floor":20,"turns":4},{"damage":5,"enemies":"Gremlin Leader","floor":23,"turns":3},{"damage":5,"enemies":"Snake Plant","floor":24,"turns":3},{"damage":0,"enemies":"Snecko","floor":25,"turns":2},{"damage":2,"enemies":"Book of Stabbing","floor":29,"turns":4},{"damage":0,"enemies":"3 Cultists","floor":30,"turns":3},{"damage":0,"enemies":"Chosen and Byrds","floor":31,"turns":4},{"damage":0,"enemies":"Champ","floor":33,"turns":4},{"damage":0,"enemies":"3 Shapes","floor":35,"turns":3},{"damage":0,"enemies":"3 Darklings","floor":38,"turns":2},{"damage":0,"enemies":"Maw","floor":42,"turns":1},{"damage":0,"enemies":"Nemesis","floor":44,"turns":1},{"damage":0,"enemies":"Giant Head","floor":47,"turns":1},{"damage":0,"enemies":"Reptomancer","floor":48,"turns":1},{"damage":0,"enemies":"Awakened One","floor":50,"turns":4}],"seed_played":"-5730593417143265092","potions_obtained":[{"floor":1.0,"key":"Strength Potion"},{"floor":10.0,"key":"Weak Potion"},{"floor":16.0,"key":"Dexterity Potion"},{"floor":23,"key":"PowerPotion"},{"floor":25,"key":"SpeedPotion"},{"floor":30,"key":"SpeedPotion"},{"floor":31,"key":"Regen Potion"},{"floor":33,"key":"Block Potion"}],"is_trial":false,"path_per_floor":["M","?","?","$","M","R","E","M","T","E","M","M","M","?","R","B",null,"M","$","M","?","$","E","M","M","T","R","?","E","M","M","R","B",null,"M","$","?","M","?","R","$","M","T","E","$","R","E","M","R","B"],"character_chosen":"DEFECT","items_purchased":["Fire Potion","Shovel","Storm+1","Unceasing Top","Weak Potion","PowerPotion","Bag of Preparation"],"campfire_rested":0,"item_purchase_floors":[4,22,36,36,41,41,45],"current_hp_per_floor":[73,72,54,54,54,54,54,54,54,54,54,54,54,54,54,37,57,56,55,54,53,52,47,42,42,42,42,42,40,40,40,40,41,40,39,38,33,33,33,33,33,32,31,30,29,28,27,26,25,24],"gold":58,"neow_bonus":"","is_prod":false,"is_daily":true,"chose_seed":false,"campfire_upgraded":2,"win_rate":0,"timestamp":1536841083,"path_taken":["M","?","?","$","M","R","E","M","T","E","M","?","M","?","R","BOSS","M","$","M","?","$","E","M","M","T","R","?","E","M","M","R","BOSS","M","$","?","M","?","R","$","M","T","E","$","R","E","M","R","BOSS"],"build_version":"2018-09-06","purchased_purges":0,"victory":true,"max_hp_per_floor":[73,72,71,70,69,68,67,66,65,64,63,62,61,60,59,58,57,56,55,54,53,52,51,50,49,48,47,46,45,44,43,42,41,40,39,38,37,36,35,34,33,32,31,30,29,28,27,26,25,24],"card_choices":[{"not_picked":["Steam","Fusion"],"picked":"Coolheaded","floor":1.0},{"not_picked":["Cold Snap","Redo"],"picked":"Ball Lightning","floor":5.0},{"not_picked":["Rebound","Conserve Battery"],"picked":"Skim","floor":7.0},{"not_picked":["Beam Cell","Genetic Algorithm"],"picked":"Ball Lightning","floor":8.0},{"not_picked":["All For One","Darkness"],"picked":"Reprogram","floor":10.0},{"not_picked":["Sweeping Beam","Melter"],"picked":"Conserve Battery","floor":11.0},{"not_picked":["Hologram","Redo"],"picked":"Undo","floor":12.0},{"not_picked":["Chaos","Scrape"],"picked":"Ball Lightning","floor":13.0},{"not_picked":["Meteor Strike","Fission"],"picked":"Core Surge","floor":16.0},{"not_picked":["Barrage+1","Steam"],"picked":"Defragment+1","floor":18},{"not_picked":["Redo","Rebound"],"picked":"Double Energy","floor":20},{"not_picked":["Tempest","Coolheaded+1"],"picked":"Storm+1","floor":23},{"not_picked":["Barrage","Gash+1"],"picked":"Coolheaded","floor":24},{"not_picked":["Streamline","Undo+1"],"picked":"Static Discharge+1","floor":25},{"not_picked":["Barrage","Rebound"],"picked":"Coolheaded","floor":29},{"not_picked":["Steam+1","Streamline"],"picked":"Turbo","floor":30},{"not_picked":["Hologram+1","Beam Cell"],"picked":"Fusion+1","floor":31},{"not_picked":["Seek","Hyperbeam"],"picked":"Creative AI+1","floor":33},{"not_picked":["Go for the Eyes+1","Steam+1","Double Energy"],"picked":"SKIP","floor":35},{"not_picked":["Leap+1","Rip and Tear+1"],"picked":"Storm+1","floor":38},{"not_picked":["Beam Cell+1","Ball Lightning+1"],"picked":"Sunder+1","floor":42},{"not_picked":["Loop+1","Sweeping Beam"],"picked":"Doom and Gloom+1","floor":44},{"not_picked":["Reprogram","Gash"],"picked":"Thunder Strike","floor":47},{"not_picked":["Barrage","Conserve Battery"],"picked":"Coolheaded+1","floor":48}],"player_experience":1431468,"relics_obtained":[{"floor":7.0,"key":"PreservedInsect"},{"floor":9.0,"key":"Whetstone"},{"floor":10.0,"key":"Frozen Egg 2"},{"floor":23,"key":"Mummified Hand"},{"floor":26,"key":"Juzu Bracelet"},{"floor":27,"key":"Potion Belt"},{"floor":29,"key":"Sundial"},{"floor":32,"key":"Kunai"},{"floor":40,"key":"Lantern"},{"floor":43,"key":"DataDisk"},{"floor":44,"key":"Bottled Lightning"},{"floor":46,"key":"Pen Nib"},{"floor":47,"key":"Smiling Mask"},{"floor":49,"key":"FossilizedHelix"}],"event_choices":[{"event_name":"The Cleric","player_choice":"Leave","floor":2.0,"damage_taken":0.0},{"event_name":"Golden Idol","player_choice":"Take Damage","floor":3.0,"damage_taken":0.0},{"event_name":"Accursed Blacksmith","player_choice":"Forge","floor":14.0,"damage_taken":0.0},{"event_name":"Nest","player_choice":"Stole From Cult","floor":21,"damage_taken":0},{"event_name":"Designer","player_choice":"Upgrade 2 Random Cards","floor":28,"damage_taken":0},{"event_name":"Winding Halls","player_choice":"Embrace Madness","floor":37,"damage_taken":0},{"event_name":"Tomb of Lord Red Mask","player_choice":"Ignored","floor":39,"damage_taken":0}],"is_beta":false,"boss_relics":[{"not_picked":["Busted Crown","Ectoplasm"],"picked":"Inserter"},{"not_picked":["Runic Dome","Eternal Feather"],"picked":"Coffee Dripper"}],"items_purged_floors":[],"is_endless":false,"potions_floor_spawned":[1,10,16,23,25,30,31,33,42],"ascension_level":0}