{"gold_per_floor":[117,13,29,41,41,67,67,396,396,408,42,57,7,7,7,81,81,98,98,9,26,36,36,36,36,82,97,97,110,110],"floor_reached":30,"playtime":1360,"items_purged":[],"score":444,"play_id":"07e3a753-c1c6-46ce-a1f8-e4ffc13c8cc5","local_time":"20181217160617","is_ascension_mode":true,"campfire_choices":[{"data":"Buffer","floor":7.0,"key":"SMITH"},{"floor":15.0,"key":"REST"},{"floor":23.0,"key":"REST"},{"floor":28.0,"key":"REST"}],"neow_cost":"NONE","seed_source_timestamp":137350168038733,"circlet_count":0,"master_deck":["AscendersBane","Strike_B+1","Strike_B+1","Defend_B+1","Defend_B+1","Defend_B+1","Defend_B+1","Zap","Dualcast","Coolheaded","Leap","Loop","Steam","Buffer+1","Beam Cell","Gash","Steam","Seek","Quick Slash","Gash","Burst","Iron Wave","Capacitor","Dodge and Roll","Sweeping Beam","Expertise","The Bomb"],"special_seed":0,"relics":["Cracked Core","NeowsBlessing","Juzu Bracelet","Old Coin","Gremlin Horn","PrismaticShard","Empty Cage","Art of War"],"potions_floor_usage":[29],"damage_taken":[{"damage":0.0,"enemies":"Cultist","floor":1.0,"turns":1.0},{"damage":0.0,"enemies":"2 Louse","floor":3.0,"turns":1.0},{"damage":0.0,"enemies":"Jaw Worm","floor":4.0,"turns":1.0},{"damage":24.0,"enemies":"Gremlin Nob","floor":6.0,"turns":5.0},{"damage":14.0,"enemies":"Lagavulin","floor":8.0,"turns":9.0},{"damage":6.0,"enemies":"Blue Slaver","floor":10.0,"turns":3.0},{"damage":3.0,"enemies":"Exordium Wildlife","floor":12.0,"turns":4.0},{"damage":31.0,"enemies":"The Guardian","floor":16.0,"turns":15.0},{"damage":12.0,"enemies":"Chosen","floor":18.0,"turns":7.0},{"damage":2.0,"enemies":"2 Thieves","floor":21.0,"turns":4.0},{"damage":21.0,"enemies":"Snecko","floor":22.0,"turns":8.0},{"damage":38.0,"enemies":"Sentry and Sphere","floor":27.0,"turns":10.0},{"damage":42,"enemies":"Chosen and Byrds","floor":29,"turns":9},{"damage":16,"enemies":"Centurion and Healer","floor":30,"turns":4}],"seed_played":"-8092734510188361185","potions_obtained":[{"floor":3.0,"key":"Explosive Potion"},{"floor":4.0,"key":"Block Potion"},{"floor":12.0,"key":"Strength Potion"},{"floor":16.0,"key":"Explosive Potion"},{"floor":18.0,"key":"Block Potion"},{"floor":27.0,"key":"Regen Potion"}],"is_trial":false,"path_per_floor":["M","$","M","M","?","E","R","E","T","M","$","M","$","?","R","B",null,"M","?","$","M","M","R","?","T","T","M","R","M","M"],"character_chosen":"DEFECT","items_purchased":["Leap","Loop","PrismaticShard","Seek","Gash","Capacitor"],"campfire_rested":3,"item_purchase_floors":[2,2,11,11,13,20],"current_hp_per_floor":[64,64,64,64,69,45,45,31,31,25,25,22,22,22,44,13,60,48,48,48,46,25,47,62,62,62,24,46,16,0],"gold":110,"neow_bonus":"THREE_ENEMY_KILL","is_prod":false,"is_daily":false,"chose_seed":false,"campfire_upgraded":1,"win_rate":0,"timestamp":1545080777,"path_taken":["M","$","M","?","?","E","R","E","T","M","$","M","?","?","R","BOSS","M","?","$","M","M","R","?","?","T","M","R","M","M"],"build_version":"2018-12-13","purchased_purges":0,"victory":false,"max_hp_per_floor":[71,71,71,71,76,76,76,76,76,76,76,76,76,76,76,76,76,76,76,76,76,76,76,76,76,76,76,76,76,76],"card_choices":[{"not_picked":["Conserve Battery","Cold Snap"],"picked":"Coolheaded","floor":1.0},{"not_picked":["Hologram","Stack"],"picked":"Steam","floor":3.0},{"not_picked":["Streamline","Sweeping Beam"],"picked":"Buffer","floor":4.0},{"not_picked":["Fission","Redo"],"picked":"Beam Cell","floor":6.0},{"not_picked":["Fusion","Steam"],"picked":"Gash","floor":8.0},{"not_picked":["Turbo","Darkness"],"picked":"Steam","floor":10.0},{"not_picked":["Madness","Outmaneuver"],"picked":"Quick Slash","floor":12.0},{"not_picked":["Sadistic Nature","Offering"],"picked":"Burst","floor":16.0},{"not_picked":["Underhanded Strike","Steam Power+1"],"picked":"Iron Wave","floor":18.0},{"not_picked":["Leap","Headbutt"],"picked":"Dodge and Roll","floor":21.0},{"not_picked":["Steam","Wild Strike"],"picked":"Sweeping Beam","floor":22.0},{"not_picked":["Ball Lightning","Cleave"],"picked":"Expertise","floor":27.0},{"not_picked":["Beam Cell","Predator"],"picked":"The Bomb","floor":29}],"player_experience":1920738,"relics_obtained":[{"floor":6.0,"key":"Juzu Bracelet"},{"floor":8.0,"key":"Old Coin"},{"floor":9.0,"key":"Gremlin Horn"},{"floor":26.0,"key":"Art of War"}],"event_choices":[{"damage_healed":0.0,"max_hp_gain":5.0,"max_hp_loss":0.0,"gold_gain":0.0,"event_name":"Big Fish","player_choice":"Donut","floor":5.0,"gold_loss":0.0,"damage_taken":0.0},{"damage_healed":0.0,"max_hp_gain":0.0,"max_hp_loss":0.0,"gold_gain":0.0,"event_name":"The Cleric","player_choice":"Leave","floor":14.0,"gold_loss":0.0,"damage_taken":0.0},{"damage_healed":0.0,"max_hp_gain":0.0,"max_hp_loss":0.0,"gold_gain":0.0,"event_name":"Back to Basics","player_choice":"Simplicity","floor":19.0,"gold_loss":0.0,"damage_taken":0.0,"cards_upgraded":["Strike_B","Strike_B","Defend_B","Defend_B","Defend_B","Defend_B"]},{"damage_healed":15.0,"max_hp_gain":0.0,"max_hp_loss":0.0,"gold_gain":0.0,"event_name":"The Library","player_choice":"Heal","floor":24.0,"gold_loss":0.0,"damage_taken":0.0}],"is_beta":false,"boss_relics":[{"not_picked":["Snecko Eye","Ectoplasm"],"picked":"Empty Cage"}],"items_purged_floors":[],"is_endless":false,"potions_floor_spawned":[3,4,12,16,18,27],"killed_by":"Centurion and Healer","ascension_level":17}