{"gold_per_floor":[113,126,27,27,27,55,66,81,163,198,198,216,216,228,228,228],"floor_reached":16,"playtime":602,"items_purged":[],"score":185,"play_id":"705b9f7b-864c-4670-a059-1fcc5a7d7485","local_time":"20180720083511","is_ascension_mode":true,"campfire_choices":[{"data":"Bash","floor":13,"key":"SMITH"},{"floor":15,"key":"DIG"}],"neow_cost":"NONE","seed_source_timestamp":553942599159613,"circlet_count":0,"master_deck":["Strike_R","Strike_R","Strike_R","Strike_R","Defend_R","Defend_R","Defend_R","Defend_R","Bash+1","Clash","Carnage","Clash","Thunderclap","Flex","Battle Trance","Anger","Fiend Fire","Disarm","Clash"],"relics":["Burning Blood","NeowsBlessing","Shovel","Question Card","Art of War","CultistMask","Lantern"],"potions_floor_usage":[8,10,16,16],"damage_taken":[{"damage":0,"enemies":"Cultist","floor":1,"turns":1},{"damage":0,"enemies":"Small Slimes","floor":2,"turns":1},{"damage":0,"enemies":"Lagavulin","floor":6,"turns":1},{"damage":12,"enemies":"Jaw Worm","floor":7,"turns":2},{"damage":18,"enemies":"Large Slime","floor":8,"turns":2},{"damage":12,"enemies":"Gremlin Nob","floor":10,"turns":3},{"damage":13,"enemies":"Blue Slaver","floor":12,"turns":2},{"damage":11,"enemies":"Looter","floor":14,"turns":2},{"damage":46,"enemies":"The Guardian","floor":16,"turns":11}],"seed_played":"-7989145758660202250","potions_obtained":[{"floor":2,"key":"FearPotion"},{"floor":7,"key":"Regen Potion"},{"floor":8,"key":"Dexterity Potion"},{"floor":12,"key":"Dexterity Potion"}],"is_trial":false,"path_per_floor":["M","M","$","?","?","E","M","M","T","E","?","M","R","M","R"],"character_chosen":"IRONCLAD","items_purchased":["Clash","Thunderclap"],"campfire_rested":0,"item_purchase_floors":[3,3],"current_hp_per_floor":[78,80,80,80,80,80,74,62,62,56,56,49,49,44,44,0],"gold":228,"neow_bonus":"THREE_ENEMY_KILL","is_prod":false,"is_daily":false,"chose_seed":false,"campfire_upgraded":1,"win_rate":0,"timestamp":1532090111,"path_taken":["M","?","$","?","?","E","M","M","T","E","?","M","R","M","R","BOSS"],"build_version":"2018-07-12","purchased_purges":0,"victory":false,"max_hp_per_floor":[80,80,80,80,80,80,80,80,80,80,80,80,80,80,80,80],"card_choices":[{"not_picked":["Sentinel","Fire Breathing"],"picked":"Clash","floor":1},{"not_picked":["Infernal Blade","Anger"],"picked":"Carnage","floor":2},{"not_picked":["Perfected Strike","Warcry"],"picked":"Flex","floor":6},{"not_picked":["Intimidate","Armaments"],"picked":"Battle Trance","floor":7},{"not_picked":["Second Wind","Wild Strike"],"picked":"Anger","floor":8},{"not_picked":["Clothesline","Wild Strike","Flex"],"picked":"Fiend Fire","floor":10},{"not_picked":["Clothesline","Rampage","True Grit"],"picked":"Disarm","floor":12},{"not_picked":["Wild Strike","Flex","Cleave"],"picked":"Clash","floor":14}],"player_experience":1176413,"relics_obtained":[{"floor":6,"key":"Shovel"},{"floor":9,"key":"Question Card"},{"floor":10,"key":"Art of War"},{"floor":15,"key":"Lantern"}],"event_choices":[{"event_name":"Living Wall","player_choice":"Forget","floor":4,"damage_taken":0},{"event_name":"The Cleric","player_choice":"Leave","floor":5,"damage_taken":0},{"event_name":"FaceTrader","player_choice":"Trade","floor":11,"damage_taken":0}],"boss_relics":[],"items_purged_floors":[],"is_endless":false,"potions_floor_spawned":[2,7,8,12],"killed_by":"The Guardian","ascension_level":7}