{"gold_per_floor":[115,7,18,118,118,144,156,18,92,92,92,105,105,138,138,261,261,275,175,175,175,193,228,228,228,279,297,314,314,314,324,324,422,422,438,438,456,456,467,501,501],"floor_reached":41,"playtime":1889,"items_purged":["Strike_R"],"score":612,"play_id":"fca6629b-f540-4c27-9197-daf98778a3b7","local_time":"20180727134709","is_ascension_mode":true,"campfire_choices":[{"floor":7,"key":"REST"},{"floor":10,"key":"REST"},{"data":"Spot Weakness","floor":15,"key":"SMITH"},{"floor":24,"key":"REST"},{"data":"Demon Form","floor":30,"key":"SMITH"},{"floor":32,"key":"REST"}],"neow_cost":"NONE","seed_source_timestamp":158006748138228,"circlet_count":0,"master_deck":["Strike_R","Defend_R","Defend_R","Defend_R","Defend_R","Bash","Twin Strike","Spot Weakness+1","Armaments","Flex","Pummel","Shrug It Off","Impervious","Whirlwind","Injury","True Grit","Clash","Demon Form+1","Flex+1","Shrug It Off","Body Slam","True Grit+1","Shrug It Off","Barricade","Cleave","Twin Strike","Battle Trance","Limit Break","Body Slam+1","Headbutt+1","Offering"],"relics":["Burning Blood","Dream Catcher","MawBank","Singing Bowl","Bloody Idol","Odd Mushroom","Sozu","Happy Flower","Strawberry","Lantern","Empty Cage","Unceasing Top","Letter Opener","Incense Burner"],"potions_floor_usage":[16,16,16,16,22,23,35],"damage_taken":[{"damage":18,"enemies":"Small Slimes","floor":1,"turns":4},{"damage":6,"enemies":"Cultist","floor":3,"turns":3},{"damage":53,"enemies":"Lagavulin","floor":6,"turns":7},{"damage":2,"enemies":"2 Louse","floor":12,"turns":2},{"damage":4,"floor":14,"turns":4},{"damage":40,"enemies":"The Guardian","floor":16,"turns":10},{"damage":7,"enemies":"Chosen","floor":18,"turns":4},{"damage":14,"enemies":"Shell Parasite","floor":22,"turns":5},{"damage":49,"enemies":"Slavers","floor":23,"turns":5},{"damage":23,"enemies":"Snecko","floor":27,"turns":5},{"damage":12,"enemies":"3 Cultists","floor":28,"turns":4},{"damage":16,"enemies":"Centurion and Healer","floor":31,"turns":6},{"damage":25,"enemies":"Champ","floor":33,"turns":9},{"damage":39,"enemies":"Flame Bruiser 1 Orb","floor":35,"turns":8},{"damage":2,"floor":36,"turns":8},{"damage":0,"enemies":"Orb Walker","floor":37,"turns":2},{"damage":1,"enemies":"Flame Bruiser 2 Orb","floor":39,"turns":3},{"damage":73,"enemies":"2 Orb Walkers","floor":40,"turns":6},{"damage":26,"enemies":"Maw","floor":41,"turns":4}],"seed_played":"-4133504790615161825","potions_obtained":[{"floor":1,"key":"Energy Potion"},{"floor":13,"key":"EntropicBrew"},{"floor":13,"key":"Strength Potion"},{"floor":16,"key":"Energy Potion"}],"is_trial":false,"path_per_floor":["M","$","M","?","?","E","R","$","T","R","?","M","?","?","R","B",null,"M","$","?","?","M","E","R","?","T","M","M","?","R","M","R","B",null,"M","?","M","T","M","E"],"character_chosen":"IRONCLAD","items_purchased":["Spot Weakness","Armaments","Impervious","Shrug It Off"],"campfire_rested":4,"item_purchase_floors":[2,2,8,19],"current_hp_per_floor":[60,60,60,60,60,13,37,37,37,61,61,65,65,67,67,33,68,67,67,67,67,64,26,50,50,62,50,49,49,49,46,72,58,81,53,59,70,70,82,20,0],"gold":501,"neow_bonus":"RANDOM_COMMON_RELIC","is_prod":false,"is_daily":false,"chose_seed":false,"campfire_upgraded":2,"win_rate":0,"timestamp":1532713629,"path_taken":["M","$","M","?","?","E","R","$","T","R","?","?","?","?","R","BOSS","M","$","?","?","M","E","R","?","T","?","M","?","R","M","R","BOSS","M","?","M","?","M","E","?"],"build_version":"2018-07-26","purchased_purges":1,"victory":false,"max_hp_per_floor":[80,80,80,80,80,80,80,80,80,80,80,80,80,80,80,80,80,80,80,80,80,80,80,80,80,87,87,87,87,87,89,89,89,89,89,91,91,91,93,93,93],"card_choices":[{"not_picked":["Hemokinesis","Reckless Charge"],"picked":"Twin Strike","floor":1},{"not_picked":["Warcry","Carnage"],"picked":"Flex","floor":3},{"not_picked":["Headbutt","Shockwave"],"picked":"Pummel","floor":6},{"not_picked":["Thunderclap","Flex"],"picked":"Shrug It Off","floor":7},{"not_picked":["Wild Strike","Shrug It Off"],"picked":"Whirlwind","floor":10},{"not_picked":["Thunderclap","Havoc"],"picked":"True Grit","floor":12},{"not_picked":["Berserk","Combust"],"picked":"Clash","floor":14},{"not_picked":["Reaper","Immolate"],"picked":"Demon Form","floor":16},{"not_picked":["Anger+1","Corruption"],"picked":"Flex+1","floor":18},{"not_picked":["Clothesline","Thunderclap+1"],"picked":"Body Slam","floor":22},{"not_picked":["Twin Strike","Sword Boomerang"],"picked":"True Grit+1","floor":23},{"not_picked":["Clash+1","Uppercut+1"],"picked":"Shrug It Off","floor":24},{"not_picked":["Seeing Red+1","Pommel Strike"],"picked":"Cleave","floor":27},{"not_picked":["Fire Breathing+1","Havoc"],"picked":"Twin Strike","floor":28},{"not_picked":["Combust","True Grit","Sentinel"],"picked":"Singing Bowl","floor":31},{"not_picked":["Pommel Strike","Brutality"],"picked":"Battle Trance","floor":32},{"not_picked":["Dark Embrace","Berserk"],"picked":"Limit Break","floor":33},{"not_picked":["Ghostly Armor","True Grit+1"],"picked":"Body Slam+1","floor":35},{"not_picked":["Thunderclap+1","Warcry","Corruption"],"picked":"Singing Bowl","floor":36},{"not_picked":["Flame Barrier+1","Anger+1"],"picked":"Headbutt+1","floor":37},{"not_picked":["Rupture+1","Feel No Pain","Blood for Blood+1"],"picked":"Singing Bowl","floor":39},{"not_picked":["Iron Wave","Flex+1"],"picked":"Offering","floor":40}],"player_experience":1337502,"relics_obtained":[{"floor":6,"key":"MawBank"},{"floor":9,"key":"Singing Bowl"},{"floor":14,"key":"Odd Mushroom"},{"floor":23,"key":"Happy Flower"},{"floor":26,"key":"Strawberry"},{"floor":36,"key":"Unceasing Top"},{"floor":38,"key":"Letter Opener"},{"floor":40,"key":"Incense Burner"}],"event_choices":[{"event_name":"Golden Shrine","player_choice":"Pray","floor":4,"damage_taken":0},{"event_name":"Liars Game","player_choice":"disagreed","floor":5,"damage_taken":0},{"event_name":"Golden Idol","player_choice":"Take Wound","floor":11,"damage_taken":0},{"event_name":"The Lab","player_choice":"Got Potions","floor":13,"damage_taken":0},{"event_name":"Mushrooms","player_choice":"Fought Mushrooms","floor":14,"damage_taken":0},{"event_name":"Back to Basics","player_choice":"Elegance","floor":20,"damage_taken":0},{"event_name":"Forgotten Altar","player_choice":"Gave Idol","floor":21,"damage_taken":0},{"event_name":"The Library","player_choice":"Read","floor":25,"damage_taken":0},{"event_name":"The Mausoleum","player_choice":"Yes","floor":29,"damage_taken":0},{"event_name":"MindBloom","player_choice":"Fight","floor":36,"damage_taken":0}],"is_beta":false,"boss_relics":[{"not_picked":["White Beast Statue","Calling Bell"],"picked":"Sozu"},{"not_picked":["Coffee Dripper","Philosopher\u0027s Stone"],"picked":"Empty Cage"}],"items_purged_floors":[19],"is_endless":false,"potions_floor_spawned":[1,14,16,18,23,27,33,36,40],"killed_by":"Maw","ascension_level":8}