{"gold_per_floor":[117,192,192,32,45,77,103,103,126,126,143,153,153,153,153,231,231,249,153,153,168,168,168,168,168,168,185,195,195,85,96,96,96],"floor_reached":33,"playtime":1401,"items_purged":[],"score":548,"play_id":"ba55c4e7-3484-42ff-b869-e6379c2a6108","local_time":"20190204154750","is_ascension_mode":true,"campfire_choices":[{"data":"Echo Form","floor":8.0,"key":"SMITH"},{"data":"Defragment","floor":10.0,"key":"SMITH"},{"floor":13.0,"key":"REST"},{"floor":15.0,"key":"REST"},{"floor":23.0,"key":"REST"},{"floor":25.0,"key":"REST"},{"floor":32.0,"key":"REST"}],"neow_cost":"NONE","seed_source_timestamp":0,"circlet_count":0,"master_deck":["AscendersBane","Defend_B","Defend_B","Defend_B","Defend_B+1","Zap","Dualcast","Defragment+1","Redo","Conserve Battery","Echo Form+1","Rip and Tear","Leap","Capacitor","Coolheaded","Machine Learning","Cold Snap","Defragment","Conserve Battery","Writhe","BootSequence","Force Field","Hologram","Barrage","Core Surge","Bite","Bite","Bite","Bite","Bite","Force Field","Consume"],"special_seed":0,"relics":["Cracked Core","NeowsBlessing","Letter Opener","Dream Catcher","Odd Mushroom","Centennial Puzzle","Philosopher\u0027s Stone","Mango","Bottled Lightning"],"potions_floor_usage":[33],"damage_taken":[{"damage":0.0,"enemies":"Jaw Worm","floor":1.0,"turns":1.0},{"damage":0.0,"enemies":"2 Louse","floor":5.0,"turns":1.0},{"damage":0.0,"enemies":"Lagavulin","floor":6.0,"turns":1.0},{"damage":12.0,"enemies":"The Mushroom Lair","floor":7.0,"turns":4.0},{"damage":5.0,"enemies":"Cultist","floor":11.0,"turns":4.0},{"damage":20.0,"enemies":"3 Louse","floor":12.0,"turns":4.0},{"damage":47.0,"enemies":"Slime Boss","floor":16.0,"turns":8.0},{"damage":46.0,"enemies":"2 Thieves","floor":18.0,"turns":4.0},{"damage":21.0,"enemies":"Shell Parasite","floor":21.0,"turns":6.0},{"damage":22.0,"enemies":"Shelled Parasite and Fungi","floor":27.0,"turns":7.0},{"damage":24.0,"enemies":"Centurion and Healer","floor":28.0,"turns":9.0},{"damage":7.0,"enemies":"Snecko","floor":31.0,"turns":7.0},{"damage":58,"enemies":"Collector","floor":33,"turns":5}],"seed_played":"-5920447733955053218","potions_obtained":[{"floor":6.0,"key":"Ancient Potion"},{"floor":7.0,"key":"Regen Potion"},{"floor":16.0,"key":"FocusPotion"},{"floor":21.0,"key":"Ancient Potion"},{"floor":31.0,"key":"FearPotion"}],"is_trial":false,"path_per_floor":["M","?","?","$","M","E","?","R","T","R","M","M","R","?","R","B",null,"M","$","?","M","?","R","?","R","T","M","M","?","?","M","R","B"],"character_chosen":"DEFECT","items_purchased":["Blood Vial","Defragment","Conserve Battery"],"campfire_rested":5,"item_purchase_floors":[4,19,19],"current_hp_per_floor":[64,53,48,48,50,52,42,42,42,42,39,26,47,37,58,13,57,13,13,27,8,8,33,33,58,58,38,16,16,16,25,50,0],"gold":96,"neow_bonus":"THREE_ENEMY_KILL","is_prod":false,"is_daily":false,"chose_seed":false,"campfire_upgraded":2,"win_rate":0,"timestamp":1549313270,"path_taken":["M","?","?","$","M","E","?","R","T","R","?","M","R","?","R","BOSS","M","$","?","M","?","R","?","R","T","?","M","?","?","M","R","BOSS"],"build_version":"2019-01-23","purchased_purges":0,"victory":false,"max_hp_per_floor":[71,71,71,71,71,71,71,71,71,71,71,71,71,71,71,71,71,71,71,85,85,85,85,85,85,85,85,85,85,85,85,85,85],"card_choices":[{"not_picked":["Cold Snap","Chill"],"picked":"Defragment","floor":1.0},{"not_picked":["Turbo","Double Energy"],"picked":"Redo","floor":5.0},{"not_picked":["Cold Snap","Steam"],"picked":"Conserve Battery","floor":6.0},{"not_picked":["Coolheaded","Sweeping Beam"],"picked":"Echo Form","floor":7.0},{"not_picked":["Rebound","Aggregate"],"picked":"Rip and Tear","floor":11.0},{"not_picked":["Steam","Stack"],"picked":"Leap","floor":12.0},{"not_picked":["Loop","Ball Lightning"],"picked":"Capacitor","floor":13.0},{"not_picked":["Steam Power","Auto Shields"],"picked":"Coolheaded","floor":15.0},{"not_picked":["All For One","Seek"],"picked":"Machine Learning","floor":16.0},{"not_picked":["Rip and Tear","Redo"],"picked":"Cold Snap","floor":18.0},{"not_picked":["Stack","Streamline"],"picked":"BootSequence","floor":21.0},{"not_picked":["Go for the Eyes","White Noise"],"picked":"Force Field","floor":23.0},{"not_picked":["Stack+1","Streamline+1"],"picked":"Hologram","floor":25.0},{"not_picked":["Genetic Algorithm","Rebound"],"picked":"Barrage","floor":27.0},{"not_picked":["Gash","Rebound"],"picked":"Core Surge","floor":28.0},{"not_picked":["Genetic Algorithm","Stack"],"picked":"Force Field","floor":31.0},{"not_picked":["Rebound","Streamline+1"],"picked":"Consume","floor":32.0}],"player_experience":2312748,"relics_obtained":[{"floor":6.0,"key":"Dream Catcher"},{"floor":7.0,"key":"Odd Mushroom"},{"floor":9.0,"key":"Centennial Puzzle"},{"floor":26.0,"key":"Bottled Lightning"}],"event_choices":[{"damage_healed":0.0,"max_hp_gain":0.0,"max_hp_loss":0.0,"gold_gain":75.0,"event_name":"World of Goop","player_choice":"Gather Gold","floor":2.0,"gold_loss":0.0,"damage_taken":11.0},{"damage_healed":0.0,"max_hp_gain":0.0,"max_hp_loss":0.0,"gold_gain":0.0,"event_name":"Scrap Ooze","player_choice":"Success","floor":3.0,"gold_loss":0.0,"damage_taken":5.0,"relics_obtained":["Letter Opener"]},{"damage_healed":0.0,"max_hp_gain":0.0,"max_hp_loss":0.0,"gold_gain":0.0,"event_name":"Mushrooms","player_choice":"Fought Mushrooms","floor":7.0,"gold_loss":0.0,"damage_taken":0.0},{"damage_healed":0.0,"max_hp_gain":0.0,"max_hp_loss":0.0,"gold_gain":0.0,"event_name":"Wheel of Change","player_choice":"Damaged","floor":14.0,"gold_loss":0.0,"damage_taken":10.0},{"damage_healed":0.0,"max_hp_gain":0.0,"max_hp_loss":0.0,"gold_gain":0.0,"event_name":"The Mausoleum","player_choice":"Opened","floor":20.0,"gold_loss":0.0,"damage_taken":0.0,"relics_obtained":["Mango"],"cards_obtained":["Writhe"]},{"damage_healed":0.0,"max_hp_gain":0.0,"max_hp_loss":0.0,"gold_gain":0.0,"event_name":"Cursed Tome","player_choice":"Ignored","floor":22.0,"gold_loss":0.0,"damage_taken":0.0},{"damage_healed":0.0,"max_hp_gain":0.0,"max_hp_loss":0.0,"gold_gain":0.0,"event_name":"Forgotten Altar","player_choice":"Smashed Altar","floor":24.0,"gold_loss":0.0,"damage_taken":0.0,"cards_obtained":["Decay"]},{"damage_healed":0.0,"max_hp_gain":0.0,"max_hp_loss":0.0,"gold_gain":0.0,"event_name":"Vampires","player_choice":"Became a vampire (Vial)","floor":29.0,"relics_lost":["Blood Vial"],"gold_loss":0.0,"damage_taken":0.0,"cards_obtained":["Bite","Bite","Bite","Bite","Bite"]},{"cards_removed":["Decay"],"damage_healed":0.0,"max_hp_gain":0.0,"max_hp_loss":0.0,"gold_gain":0.0,"event_name":"Designer","player_choice":"Upgrade and Remove","floor":30.0,"gold_loss":110.0,"damage_taken":0.0,"cards_upgraded":["Defend_B"]}],"is_beta":false,"boss_relics":[{"not_picked":["Calling Bell","Black Star"],"picked":"Philosopher\u0027s Stone"}],"items_purged_floors":[],"is_endless":false,"potions_floor_spawned":[6,7,16,21,28,31],"killed_by":"Collector","ascension_level":19}