{"gold_per_floor":[118,118,136,136,156,156,184,184,184,202,202,221,221,240,240,343,343,355,355,369,379,391,391,408,169,169,189,206,220,220,220,220,220],"floor_reached":33,"playtime":2040,"items_purged":["Reckless Charge"],"score":342,"play_id":"cb57a6e5-9d31-4154-b39a-e16935871f93","local_time":"20180717201618","is_ascension_mode":true,"campfire_choices":[{"floor":6.0,"key":"REST"},{"floor":13.0,"key":"REST"},{"floor":15.0,"key":"REST"},{"floor":23,"key":"REST"},{"floor":32,"key":"REST"}],"neow_cost":"","seed_source_timestamp":0,"circlet_count":0,"master_deck":["Strike_R","Strike_R","Defend_R","Defend_R","Defend_R","Defend_R","Bash","Clothesline","Thunderclap","Battle Trance","Flex","Dropkick+1","Reaper","Clash+1","True Grit","Disarm","Pommel Strike","Clash+1","Reaper"],"special_seed":0,"relics":["Burning Blood","Singing Bowl","Art of War","Red Skull","Fusion Hammer","Ornamental Fan"],"potions_floor_usage":[18,28,28,33,33],"damage_taken":[{"damage":5.0,"enemies":"2 Louse","floor":1.0,"turns":4.0},{"damage":15.0,"enemies":"Small Slimes","floor":3.0,"turns":4.0},{"damage":12.0,"enemies":"Jaw Worm","floor":5.0,"turns":3.0},{"damage":39.0,"enemies":"3 Sentries","floor":7.0,"turns":7.0},{"damage":9.0,"enemies":"2 Fungi Beasts","floor":10.0,"turns":3.0},{"damage":18.0,"enemies":"Exordium Thugs","floor":12.0,"turns":3.0},{"damage":15.0,"enemies":"Gremlin Gang","floor":14.0,"turns":3.0},{"damage":33.0,"enemies":"Slime Boss","floor":16.0,"turns":8.0},{"damage":8,"enemies":"Chosen","floor":18,"turns":3},{"damage":27,"enemies":"Spheric Guardian","floor":20,"turns":4},{"damage":30,"enemies":"Centurion and Healer","floor":21,"turns":6},{"damage":17,"enemies":"Cultist and Chosen","floor":22,"turns":6},{"damage":20,"enemies":"Snake Plant","floor":24,"turns":5},{"damage":14,"enemies":"Centurion and Healer","floor":27,"turns":7},{"damage":3,"enemies":"Snecko","floor":28,"turns":4},{"damage":22,"enemies":"Cultist and Chosen","floor":29,"turns":7},{"damage":103,"enemies":"Champ","floor":33,"turns":12}],"seed_played":"-769158183802862301","potions_obtained":[{"floor":3.0,"key":"LiquidBronze"},{"floor":7.0,"key":"Swift Potion"},{"floor":10.0,"key":"Ancient Potion"},{"floor":11.0,"key":"Swift Potion"},{"floor":11.0,"key":"Strength Potion"},{"floor":21,"key":"LiquidBronze"},{"floor":24,"key":"Swift Potion"},{"floor":27,"key":"LiquidBronze"},{"floor":29,"key":"SkillPotion"}],"is_trial":false,"path_per_floor":["M","?","M","?","M","R","E","?","T","M","?","M","R","M","R","B",null,"M","?","M","M","M","R","M","$","T","M","M","M","?","?","R"],"character_chosen":"IRONCLAD","items_purchased":["Reaper"],"campfire_rested":5,"item_purchase_floors":[25],"current_hp_per_floor":[73,66,57,50,44,68,35,35,35,34,34,22,46,39,64,37,72,79,79,58,42,38,63,53,53,53,57,72,76,76,76,90,0],"gold":220,"neow_bonus":"","is_prod":false,"is_daily":false,"chose_seed":false,"campfire_upgraded":0,"win_rate":0,"timestamp":1531872978,"path_taken":["M","?","M","?","M","R","E","?","T","M","?","M","R","?","R","BOSS","M","?","?","M","?","R","M","$","T","M","M","M","?","?","R","BOSS"],"build_version":"2018-07-12","purchased_purges":1,"victory":false,"max_hp_per_floor":[80,80,80,80,80,80,80,80,80,82,82,82,82,84,84,84,84,84,84,84,84,84,84,84,84,84,86,88,90,90,90,90,90],"card_choices":[{"not_picked":["Anger","Intimidate"],"picked":"Clothesline","floor":1.0},{"not_picked":["Perfected Strike","Pommel Strike"],"picked":"Thunderclap","floor":3.0},{"not_picked":["Carnage","Flex"],"picked":"Battle Trance","floor":5.0},{"not_picked":["Second Wind","Entrench"],"picked":"Flex","floor":7.0},{"not_picked":["Battle Trance","Armaments","Dual Wield"],"picked":"Singing Bowl","floor":10.0},{"not_picked":["Clothesline","Warcry"],"picked":"Dropkick","floor":12.0},{"not_picked":["Iron Wave","Anger","Combust"],"picked":"Singing Bowl","floor":14.0},{"not_picked":["Exhume","Dark Embrace"],"picked":"Reaper","floor":16.0},{"not_picked":["Clothesline","Combust"],"picked":"Clash+1","floor":18},{"not_picked":["Iron Wave","Twin Strike"],"picked":"True Grit","floor":20},{"not_picked":["Anger+1","Armaments+1"],"picked":"Disarm","floor":21},{"not_picked":["Clothesline","Exhume"],"picked":"Pommel Strike","floor":22},{"not_picked":["Corruption+1","Havoc"],"picked":"Clash+1","floor":24},{"not_picked":["Wild Strike","Thunderclap+1","Bloodletting"],"picked":"Singing Bowl","floor":27},{"not_picked":["Clothesline","Iron Wave+1","Havoc"],"picked":"Singing Bowl","floor":28},{"not_picked":["Metallicize","True Grit","Cleave"],"picked":"Singing Bowl","floor":29}],"player_experience":1163608,"relics_obtained":[{"floor":7.0,"key":"Art of War"},{"floor":9.0,"key":"Red Skull"},{"floor":26,"key":"Ornamental Fan"}],"event_choices":[{"event_name":"Scrap Ooze","player_choice":"success","floor":2.0,"damage_taken":7.0},{"event_name":"Golden Wing","player_choice":"Card Removal","floor":4.0,"damage_taken":0.0},{"event_name":"Transmorgrifier","player_choice":"Transform","floor":8.0,"damage_taken":0.0},{"event_name":"The Lab","player_choice":"Got Potions","floor":11.0,"damage_taken":0.0},{"event_name":"Accursed Blacksmith","player_choice":"Forge","floor":19,"damage_taken":0},{"event_name":"Bonfire Elementals","player_choice":"BASIC","floor":30,"damage_taken":0},{"event_name":"The Woman in Blue","player_choice":"Bought 0 Potions","floor":31,"damage_taken":0}],"boss_relics":[{"not_picked":["Lizard Tail","Runic Cube"],"picked":"Fusion Hammer"}],"items_purged_floors":[25],"is_endless":false,"potions_floor_spawned":[3,7,10,14,21,24,27,29],"killed_by":"Champ","ascension_level":7}