{"gold_per_floor":[114,44,58,74,87,122,133,144,229,240,240,253,253,253,253,350,350,364,378,293,293,10,21,47,57,84,84,97,97,17,17,17,17],"floor_reached":33,"playtime":2273,"items_purged":["Strike_B","Strike_B"],"score":341,"play_id":"4387a634-eb3b-4ed9-b997-abf4211e229d","local_time":"20190130113824","is_ascension_mode":false,"campfire_choices":[{"data":"Blind","floor":11,"key":"SMITH"},{"data":"Zap","floor":13,"key":"SMITH"},{"floor":15,"key":"REST"},{"data":"Hologram","floor":27,"key":"SMITH"},{"data":"Ball Lightning","floor":29,"key":"SMITH"},{"data":"Conserve Battery","floor":32,"key":"SMITH"}],"neow_cost":"NONE","seed_source_timestamp":76571903907573,"circlet_count":0,"master_deck":["Strike_B","Strike_B","Defend_B","Defend_B","Defend_B","Defend_B","Zap+1","Dualcast","Blind+1","Redo","Steam","Ball Lightning+1","Melter","Conserve Battery+1","Hologram+1","Sweeping Beam+1","Sweeping Beam+1","FTL+1","Stack","Ball Lightning+1","Machine Learning","Steam+1","Sunder+1","FTL+1","Leap","Sweeping Beam+1"],"relics":["Cracked Core","Molten Egg 2","Tiny Chest","Runic Pyramid","Oddly Smooth Stone","The Courier","ClockworkSouvenir","Dodecahedron","Juzu Bracelet"],"potions_floor_usage":[16,16,16,19,23,24,31],"damage_taken":[{"damage":0,"enemies":"Cultist","floor":1,"turns":3},{"damage":0,"enemies":"Small Slimes","floor":3,"turns":2},{"damage":0,"enemies":"2 Louse","floor":4,"turns":2},{"damage":10,"enemies":"Exordium Wildlife","floor":5,"turns":3},{"damage":27,"enemies":"Gremlin Nob","floor":6,"turns":4},{"damage":12,"enemies":"Lots of Slimes","floor":7,"turns":2},{"damage":0,"enemies":"Large Slime","floor":8,"turns":4},{"damage":9,"enemies":"Gremlin Gang","floor":10,"turns":3},{"damage":4,"enemies":"2 Fungi Beasts","floor":12,"turns":2},{"damage":0,"enemies":"Slime Boss","floor":16,"turns":5},{"damage":36,"enemies":"2 Thieves","floor":18,"turns":4},{"damage":10,"enemies":"3 Byrds","floor":19,"turns":4},{"damage":0,"enemies":"Sentry and Sphere","floor":23,"turns":2},{"damage":3,"enemies":"Gremlin Leader","floor":24,"turns":6},{"damage":6,"enemies":"Cultist and Chosen","floor":25,"turns":4},{"damage":0,"enemies":"Chosen and Byrds","floor":28,"turns":3},{"damage":0,"enemies":"Slavers","floor":31,"turns":1},{"damage":31,"enemies":"Automaton","floor":33,"turns":6}],"seed_played":"3712391671855873125","potions_obtained":[{"floor":4,"key":"Ancient Potion"},{"floor":7,"key":"Strength Potion"},{"floor":10,"key":"SteroidPotion"},{"floor":16,"key":"Fruit Juice"},{"floor":18,"key":"Strength Potion"},{"floor":23,"key":"Swift Potion"},{"floor":24,"key":"LiquidBronze"},{"floor":25,"key":"SmokeBomb"}],"is_trial":false,"path_per_floor":["M","$","M","M","M","E","M","M","T","M","R","M","R","?","R","B",null,"M","M","?","T","$","M","E","M","T","R","M","R","$","E","R","B"],"character_chosen":"DEFECT","items_purchased":["Steam","Ball Lightning","ClockworkSouvenir","FTL+1"],"campfire_rested":1,"item_purchase_floors":[2,2,22,22],"current_hp_per_floor":[75,75,75,75,65,38,26,26,26,17,17,13,13,13,35,35,75,39,34,34,34,34,34,31,25,25,25,25,25,25,25,25,0],"gold":17,"neow_bonus":"RANDOM_COLORLESS","is_prod":false,"is_daily":false,"chose_seed":false,"campfire_upgraded":5,"win_rate":0,"timestamp":1548877104,"path_taken":["M","?","M","M","M","E","M","M","T","?","R","M","R","?","R","BOSS","M","M","?","?","$","M","E","?","T","R","M","R","$","E","R","BOSS"],"build_version":"2019-01-23","purchased_purges":2,"victory":false,"max_hp_per_floor":[75,75,75,75,75,75,75,75,75,75,75,75,75,75,75,75,75,75,80,80,80,80,80,80,80,80,80,80,80,80,80,80,80],"card_choices":[{"not_picked":["Beam Cell","Rebound"],"picked":"Redo","floor":1},{"not_picked":["Redo","Storm"],"picked":"Melter","floor":3},{"not_picked":["Go for the Eyes","Rebound"],"picked":"Conserve Battery","floor":4},{"not_picked":["Rip and Tear","Doom and Gloom"],"picked":"Hologram","floor":5},{"not_picked":["Stack","Barrage"],"picked":"Sweeping Beam","floor":6},{"not_picked":["Turbo","Aggregate"],"picked":"Sweeping Beam+1","floor":7},{"not_picked":["Gash+1","Fission"],"picked":"FTL+1","floor":8},{"not_picked":["Compile Driver+1","Gash+1"],"picked":"Stack","floor":10},{"not_picked":["Blizzard+1","Consume"],"picked":"Ball Lightning+1","floor":12},{"not_picked":["Biased Cognition","Thunder Strike+1"],"picked":"Machine Learning","floor":16},{"not_picked":["Streamline+1","Hologram"],"picked":"Steam+1","floor":18},{"not_picked":["Ball Lightning+1","Hello World"],"picked":"Sunder+1","floor":19},{"not_picked":["Stack","Steam Power+1","Recycle"],"picked":"SKIP","floor":23},{"not_picked":["Storm","Blizzard+1","Rebound+1"],"picked":"SKIP","floor":24},{"not_picked":["Ball Lightning+1","Barrage+1"],"picked":"Leap","floor":25},{"not_picked":["Creative AI","Ball Lightning+1"],"picked":"Sweeping Beam+1","floor":28}],"player_experience":171477,"relics_obtained":[{"floor":6,"key":"Molten Egg 2"},{"floor":9,"key":"Tiny Chest"},{"floor":21,"key":"The Courier"},{"floor":24,"key":"Dodecahedron"},{"floor":26,"key":"Juzu Bracelet"}],"event_choices":[{"damage_healed":0,"gold_gain":0,"player_choice":"Ignored","damage_taken":0,"max_hp_gain":0,"max_hp_loss":0,"event_name":"Shining Light","floor":14,"gold_loss":0},{"damage_healed":0,"gold_gain":0,"player_choice":"Obtained Relic","damage_taken":0,"relics_obtained":["Oddly Smooth Stone"],"max_hp_gain":0,"max_hp_loss":0,"event_name":"Addict","floor":20,"gold_loss":85}],"is_beta":false,"boss_relics":[{"not_picked":["Busted Crown","Snecko Eye"],"picked":"Runic Pyramid"}],"items_purged_floors":[22,30],"is_endless":false,"potions_floor_spawned":[4,7,10,12,16,18,23,24,25,31],"killed_by":"Automaton","ascension_level":0}