{"gold_per_floor":[115,134,151,164,164,164,164,195,243,258,43,59,59,69,69,146,146,159,159,159,159,179,179,198,198,198,209,222,222,239,255,255,255],"floor_reached":33,"playtime":1192,"items_purged":[],"score":518,"play_id":"8e12f81c-11eb-4800-bdaf-21ea44acc8a6","local_time":"20190215093253","is_ascension_mode":true,"campfire_choices":[{"data":"Perfected Strike","floor":6.0,"key":"SMITH"},{"data":"Perfected Strike","floor":13,"key":"SMITH"},{"floor":15,"key":"REST"},{"floor":23,"key":"REST"},{"floor":25,"key":"REST"},{"floor":29,"key":"REST"},{"floor":32,"key":"REST"}],"neow_cost":"NONE","seed_source_timestamp":107561273443537,"circlet_count":0,"master_deck":["AscendersBane","Strike_R+1","Strike_R+1","Strike_R+1","Strike_R+1","Strike_R+1","Defend_R+1","Defend_R+1","Defend_R+1","Defend_R+1","Bash","Clothesline","Perfected Strike+1","Perfected Strike+1","Metallicize","Impervious","Inflame","Perfected Strike+1","Uppercut","Pommel Strike","Feed","Spot Weakness","Juggernaut","Shrug It Off","Perfected Strike","Shrug It Off","Limit Break"],"special_seed":0,"relics":["Burning Blood","Regal Pillow","Pantograph","Centennial Puzzle","DollysMirror","Runic Pyramid","Enchiridion","Paper Frog","Letter Opener"],"potions_floor_usage":[16,16,22,33],"damage_taken":[{"damage":16.0,"enemies":"Jaw Worm","floor":1.0,"turns":5.0},{"damage":7.0,"enemies":"Small Slimes","floor":2.0,"turns":3.0},{"damage":3.0,"enemies":"2 Louse","floor":3.0,"turns":4.0},{"damage":4.0,"enemies":"2 Fungi Beasts","floor":4.0,"turns":3.0},{"damage":29.0,"enemies":"Lagavulin","floor":8.0,"turns":6.0},{"damage":5.0,"enemies":"Blue Slaver","floor":10.0,"turns":3.0},{"damage":6,"enemies":"Looter","floor":12,"turns":2},{"damage":24,"enemies":"Exordium Wildlife","floor":14,"turns":3},{"damage":7,"enemies":"The Guardian","floor":16,"turns":9},{"damage":9,"enemies":"Chosen","floor":18,"turns":3},{"damage":53,"enemies":"3 Byrds","floor":22,"turns":7},{"damage":27,"enemies":"Centurion and Healer","floor":24,"turns":7},{"damage":42,"enemies":"3 Cultists","floor":27,"turns":8},{"damage":10,"enemies":"Sentry and Sphere","floor":28,"turns":6},{"damage":10,"enemies":"Snecko","floor":30,"turns":3},{"damage":30,"enemies":"Snake Plant","floor":31,"turns":4},{"damage":117,"enemies":"Automaton","floor":33,"turns":10}],"seed_played":"3936669028558998488","potions_obtained":[{"floor":1.0,"key":"FearPotion"},{"floor":2.0,"key":"EssenceOfSteel"},{"floor":16,"key":"SkillPotion"},{"floor":22,"key":"Weak Potion"},{"floor":27,"key":"Explosive Potion"}],"is_trial":false,"path_per_floor":["M","M","M","M","?","R","?","E","T","M","$","M","R","M","R","B",null,"M","?","?","T","M","R","M","R","T","M","M","R","M","M","R","B"],"character_chosen":"IRONCLAD","items_purchased":["DollysMirror"],"campfire_rested":5,"item_purchase_floors":[11],"current_hp_per_floor":[58,57,60,62,67,67,67,44,44,45,45,45,45,27,66,79,80,80,80,59,59,15,55,37,78,78,45,44,87,86,62,98,0],"gold":255,"neow_bonus":"RANDOM_COMMON_RELIC","is_prod":false,"is_daily":false,"chose_seed":false,"campfire_upgraded":2,"win_rate":0,"timestamp":1550241173,"path_taken":["M","M","M","M","?","R","?","E","T","M","$","M","R","M","R","BOSS","M","?","?","?","M","R","M","R","T","M","M","R","M","M","R","BOSS"],"build_version":"2019-01-23","purchased_purges":0,"victory":false,"max_hp_per_floor":[75,75,75,75,80,80,80,80,80,80,80,80,80,80,80,80,80,83,83,83,83,86,86,89,89,89,92,95,95,98,98,98,98],"card_choices":[{"not_picked":["Carnage","Second Wind"],"picked":"Clothesline","floor":1.0},{"not_picked":["Body Slam","Twin Strike"],"picked":"Perfected Strike","floor":2.0},{"not_picked":["Anger","Sword Boomerang"],"picked":"Perfected Strike","floor":3.0},{"not_picked":["Flame Barrier","Inflame"],"picked":"Metallicize","floor":4.0},{"not_picked":["Havoc","True Grit"],"picked":"Impervious","floor":8.0},{"not_picked":["Hemokinesis","Clash"],"picked":"Inflame","floor":10.0},{"not_picked":["Flex","Feel No Pain"],"picked":"Uppercut","floor":12},{"not_picked":["Clash","Power Through"],"picked":"Pommel Strike","floor":14},{"not_picked":["Limit Break","Barricade"],"picked":"Feed","floor":16},{"not_picked":["Thunderclap","Shrug It Off"],"picked":"Spot Weakness","floor":18},{"not_picked":["Headbutt","Iron Wave"],"picked":"Juggernaut","floor":22},{"not_picked":["Combust","Second Wind"],"picked":"Shrug It Off","floor":24},{"not_picked":["Flame Barrier","Heavy Blade"],"picked":"Perfected Strike","floor":27},{"not_picked":["Shockwave","Dropkick"],"picked":"Shrug It Off","floor":28},{"not_picked":["Spot Weakness","Headbutt","Cleave"],"picked":"SKIP","floor":30},{"not_picked":["Armaments","Anger"],"picked":"Limit Break","floor":31}],"player_experience":2433427,"relics_obtained":[{"floor":8.0,"key":"Pantograph"},{"floor":9.0,"key":"Centennial Puzzle"},{"floor":20,"key":"Enchiridion"},{"floor":21,"key":"Paper Frog"},{"floor":26,"key":"Letter Opener"}],"event_choices":[{"damage_healed":0.0,"max_hp_gain":5.0,"max_hp_loss":0.0,"gold_gain":0.0,"event_name":"Big Fish","player_choice":"Donut","floor":5.0,"gold_loss":0.0,"damage_taken":0.0},{"damage_healed":0.0,"max_hp_gain":0.0,"max_hp_loss":0.0,"gold_gain":0.0,"event_name":"Golden Idol","player_choice":"Ignored","floor":7.0,"gold_loss":0.0,"damage_taken":0.0},{"damage_healed":0,"gold_gain":0,"player_choice":"Simplicity","damage_taken":0,"max_hp_gain":0,"max_hp_loss":0,"event_name":"Back to Basics","floor":19,"gold_loss":0,"cards_upgraded":["Strike_R","Strike_R","Strike_R","Strike_R","Strike_R","Defend_R","Defend_R","Defend_R","Defend_R"]},{"damage_healed":0,"gold_gain":0,"player_choice":"Obtained Book","damage_taken":21,"max_hp_gain":0,"max_hp_loss":0,"event_name":"Cursed Tome","floor":20,"gold_loss":0}],"is_beta":false,"boss_relics":[{"not_picked":["Pandora\u0027s Box","White Beast Statue"],"picked":"Runic Pyramid"}],"items_purged_floors":[],"is_endless":false,"potions_floor_spawned":[1,2,12,16,22,27,30],"killed_by":"Automaton","ascension_level":17}