{"gold_per_floor":[129,129,159,6,21,21,36,36,86,86,101,131,34,209,209,309,309,324,324,230,245,260,290,305,305,305,305,320,335,335,365,365,465,465,480,480,495,510,525,525,555,570,570,585,600,181,196,211,211,211],"floor_reached":51,"playtime":914,"items_purged":[],"score":1400,"play_id":"5dbaee2d-8c2a-443c-88cf-8c712596f217","local_time":"20180821161616","daily_mods":["Allstar","Night Terrors","Hoarder"],"is_ascension_mode":false,"campfire_choices":[{"data":"Mind Blast","floor":6,"key":"SMITH"},{"data":"Mind Blast","floor":8,"key":"SMITH"},{"data":"Mind Blast","floor":15,"key":"SMITH"},{"data":"Apotheosis","floor":25,"key":"SMITH"},{"data":"Apotheosis","floor":30,"key":"SMITH"},{"floor":32,"key":"REST"},{"data":"Apotheosis","floor":40,"key":"SMITH"},{"floor":49,"key":"REST"}],"neow_cost":"","seed_source_timestamp":0,"circlet_count":0,"master_deck":["Strike_B","Strike_B+1","Strike_B","Strike_B","Defend_B","Defend_B","Defend_B","Defend_B","Zap","Dualcast","Transmutation","Transmutation","Transmutation","Apotheosis+1","Apotheosis+1","Apotheosis+1","Jack Of All Trades","Jack Of All Trades","Jack Of All Trades","Enlightenment","Enlightenment","Enlightenment","Blind","Blind","Blind","Aggregate","Aggregate","Aggregate","Conserve Battery","Conserve Battery","Conserve Battery","Mind Blast+1","Mind Blast+1","Mind Blast+1","Cold Snap","Cold Snap+1","Cold Snap","Stack","Stack","Stack","Go for the Eyes","Go for the Eyes","Go for the Eyes","Rebound+1","Rebound+1","Rebound+1","Hologram","Hologram","Hologram","Hologram","Hologram","Hologram","Steam","Steam","Steam","Doubt","Doubt","Doubt","Hyperbeam+1","Hyperbeam+1","Hyperbeam+1","Hologram","Hologram","Hologram","Double Energy","Double Energy","Double Energy","Sweeping Beam+1","Sweeping Beam+1","Sweeping Beam+1","Steam","Steam","Steam","Gash+1","Gash+1","Gash+1","FTL+1","FTL+1","FTL+1","Hologram","Hologram","Hologram","Steam Power","Steam Power","Steam Power","Undo","Undo","Undo","White Noise","White Noise","White Noise","Core Surge+1","Core Surge+1","Core Surge+1","BootSequence","BootSequence","BootSequence","RitualDagger+1","RitualDagger+1","RitualDagger+1","Gash+1","Gash+1","Gash+1","Leap+1","Leap+1","Leap+1","Gash+1","Gash+1","Gash+1","Leap","Leap","Leap","All For One+1","All For One+1","All For One+1","Go for the Eyes+1","Go for the Eyes+1","Go for the Eyes+1","Mind Blast+1","Mind Blast+1","Mind Blast+1","Transmutation","Transmutation","Transmutation","Madness","Madness","Madness","Sweeping Beam+1","Sweeping Beam+1","Sweeping Beam+1","Gash+1","Gash+1","Gash+1","Hologram","Hologram","Hologram","Turbo","Turbo","Turbo","Undo","Undo","Undo","Hologram+1","Hologram+1","Hologram+1","Coolheaded+1","Coolheaded+1","Coolheaded+1","Loop","Loop","Loop","Skim","Skim","Skim","Tempest","Tempest","Tempest","Blizzard+1","Blizzard+1","Blizzard+1","Sunder+1","Sunder+1","Sunder+1","Madness","Madness","Madness","Gash+1","Gash+1","Gash+1","Aggregate","Aggregate","Aggregate","Rebound+1","Rebound+1","Rebound+1"],"special_seed":17764,"relics":["Cracked Core","Bag of Marbles","Molten Egg 2","Pear","Orrery","CultistMask","Whetstone","Gambling Chip","Dream Catcher","Sozu","Incense Burner","Symbiotic Virus"],"potions_floor_usage":[],"damage_taken":[{"damage":5,"enemies":"Small Slimes","floor":1,"turns":3},{"damage":5,"enemies":"2 Louse","floor":3,"turns":2},{"damage":0,"enemies":"Cultist","floor":5,"turns":1},{"damage":3,"enemies":"3 Louse","floor":7,"turns":3},{"damage":0,"enemies":"Looter","floor":11,"turns":1},{"damage":0,"enemies":"Gremlin Nob","floor":12,"turns":1},{"damage":0,"enemies":"Slime Boss","floor":16,"turns":1},{"damage":0,"enemies":"3 Byrds","floor":18,"turns":1},{"damage":0,"enemies":"Spheric Guardian","floor":21,"turns":1},{"damage":0,"enemies":"Snake Plant","floor":22,"turns":1},{"damage":0,"enemies":"Book of Stabbing","floor":23,"turns":1},{"damage":0,"enemies":"Centurion and Healer","floor":24,"turns":1},{"damage":0,"enemies":"3 Cultists","floor":28,"turns":1},{"damage":0,"enemies":"Cultist and Chosen","floor":29,"turns":1},{"damage":0,"enemies":"Gremlin Leader","floor":31,"turns":1},{"damage":0,"enemies":"Automaton","floor":33,"turns":1},{"damage":0,"enemies":"3 Shapes","floor":35,"turns":1},{"damage":0,"enemies":"Flame Bruiser 1 Orb","floor":37,"turns":1},{"damage":0,"enemies":"3 Darklings","floor":38,"turns":1},{"damage":0,"enemies":"Sphere and 2 Shapes","floor":39,"turns":1},{"damage":0,"enemies":"Giant Head","floor":41,"turns":1},{"damage":0,"enemies":"Transient","floor":42,"turns":5},{"damage":0,"enemies":"Spire Growth","floor":44,"turns":1},{"damage":0,"enemies":"3 Darklings","floor":45,"turns":1},{"damage":0,"enemies":"Sphere and 2 Shapes","floor":47,"turns":1},{"damage":0,"enemies":"4 Shapes","floor":48,"turns":1},{"damage":0,"enemies":"Donu and Deca","floor":50,"turns":1}],"seed_played":"-3893326877167468496","potions_obtained":[{"floor":3,"key":"Ancient Potion"},{"floor":11,"key":"FearPotion"},{"floor":18,"key":"SteroidPotion"}],"is_trial":false,"path_per_floor":["M","$","M","$","M","R","M","R","T","?","M","E","$","?","R","B",null,"M","?","$","M","M","E","M","R","T","?","M","M","R","E","R","B",null,"M","?","M","M","M","R","E","M","T","M","M","$","M","M","R","B"],"character_chosen":"DEFECT","items_purchased":["Mind Blast","Cold Snap","Hologram","Steam","Hologram","Steam Power","Loop","Skim","Tempest","Blizzard+1","Sunder+1","Madness"],"campfire_rested":2,"item_purchase_floors":[4,4,13,13,20,20,46,46,46,46,46,46],"current_hp_per_floor":[70,70,65,65,65,65,62,62,62,50,50,60,60,60,60,60,85,85,85,85,85,85,85,85,85,85,79,79,79,79,79,80,80,80,80,70,70,70,70,70,70,70,70,70,70,70,70,70,75,75],"gold":211,"neow_bonus":"","is_prod":false,"is_daily":true,"chose_seed":false,"campfire_upgraded":6,"win_rate":0,"timestamp":1534860976,"path_taken":["M","$","M","$","M","R","M","R","T","?","M","E","?","?","R","BOSS","M","?","$","M","M","E","M","R","T","?","M","?","R","E","R","BOSS","M","?","M","M","?","R","E","M","T","M","M","$","M","M","R","BOSS"],"build_version":"2018-08-16","purchased_purges":0,"victory":true,"max_hp_per_floor":[75,75,75,75,75,75,75,75,75,75,75,85,85,85,85,85,85,85,85,85,85,85,85,85,85,85,85,85,85,85,85,80,80,80,80,80,80,80,80,80,80,80,80,80,80,80,80,80,75,75],"card_choices":[{"not_picked":["Reprogram","BootSequence"],"picked":"Aggregate","floor":1},{"not_picked":["Beam Cell","Compile Driver"],"picked":"Conserve Battery","floor":3},{"not_picked":["Hologram","Genetic Algorithm"],"picked":"Stack","floor":5},{"not_picked":["Steam Power","Redo"],"picked":"Go for the Eyes","floor":7},{"not_picked":["Stack","Recycle"],"picked":"Rebound+1","floor":11},{"not_picked":["Barrage+1","Biased Cognition"],"picked":"Hologram","floor":12},{"not_picked":["Rainbow","Thunder Strike+1"],"picked":"Hyperbeam+1","floor":16},{"not_picked":["Conserve Battery","Beam Cell+1"],"picked":"Hologram","floor":17},{"not_picked":["Static Discharge","Barrage+1"],"picked":"Double Energy","floor":17},{"not_picked":["Lockon+1","Redo"],"picked":"Sweeping Beam+1","floor":17},{"not_picked":["Rebound+1","Consume"],"picked":"Steam","floor":17},{"not_picked":["Reinforced Body","Rebound+1"],"picked":"Gash+1","floor":17},{"not_picked":["Storm","Turbo"],"picked":"FTL+1","floor":18},{"not_picked":["Capacitor","Rebound+1"],"picked":"Undo","floor":21},{"not_picked":["Meteor Strike+1","Streamline+1"],"picked":"White Noise","floor":22},{"not_picked":["Compile Driver+1","Multi-Cast"],"picked":"Core Surge+1","floor":23},{"not_picked":["Self Repair+1","Sweeping Beam+1"],"picked":"BootSequence","floor":24},{"not_picked":["Rebound+1","Defragment+1"],"picked":"Gash+1","floor":28},{"not_picked":["Compile Driver+1","Tempest"],"picked":"Leap+1","floor":29},{"not_picked":["Steam","Coolheaded+1"],"picked":"Gash+1","floor":31},{"not_picked":["Chaos+1","Fusion"],"picked":"Leap","floor":32},{"not_picked":["Buffer","Amplify"],"picked":"All For One+1","floor":33},{"not_picked":["Redo","Blizzard+1"],"picked":"Go for the Eyes+1","floor":35},{"not_picked":["Blind","Panacea"],"picked":"Mind Blast+1","floor":36},{"not_picked":["Enlightenment","Dramatic Entrance+1"],"picked":"Transmutation","floor":36},{"not_picked":["Secret Technique","Impatience"],"picked":"Madness","floor":36},{"not_picked":["Ball Lightning+1","Redo"],"picked":"Sweeping Beam+1","floor":37},{"not_picked":["Recycle+1","Chaos+1"],"picked":"Gash+1","floor":38},{"not_picked":["Cold Snap+1","Meteor Strike+1"],"picked":"Hologram","floor":39},{"not_picked":["Recycle","Force Field"],"picked":"Turbo","floor":41},{"not_picked":["Tempest+1","Beam Cell+1"],"picked":"Undo","floor":42},{"not_picked":["Beam Cell+1","Streamline+1"],"picked":"Hologram+1","floor":44},{"not_picked":["Undo+1","Double Energy"],"picked":"Coolheaded+1","floor":45},{"not_picked":["Sweeping Beam+1","Streamline+1"],"picked":"Gash+1","floor":47},{"not_picked":["Lockon+1","Reinforced Body+1"],"picked":"Aggregate","floor":48},{"not_picked":["Static Discharge+1","Consume"],"picked":"Rebound+1","floor":49}],"player_experience":1330960,"relics_obtained":[{"floor":9,"key":"Bag of Marbles"},{"floor":12,"key":"Pear"},{"floor":23,"key":"Whetstone"},{"floor":26,"key":"Gambling Chip"},{"floor":31,"key":"Dream Catcher"},{"floor":41,"key":"Incense Burner"},{"floor":43,"key":"Symbiotic Virus"}],"event_choices":[{"event_name":"Scrap Ooze","player_choice":"success","floor":10,"damage_taken":12},{"event_name":"Liars Game","player_choice":"agreed","floor":14,"damage_taken":0},{"event_name":"FaceTrader","player_choice":"Trade","floor":19,"damage_taken":0},{"event_name":"Nest","player_choice":"Joined the Cult","floor":27,"damage_taken":0},{"event_name":"SensoryStone","player_choice":"Memory 3","floor":36,"damage_taken":0}],"is_beta":false,"boss_relics":[{"not_picked":["Nuclear Battery","FrozenCore"],"picked":"Orrery"},{"not_picked":["Eternal Feather","White Beast Statue"],"picked":"Sozu"}],"items_purged_floors":[],"is_endless":false,"potions_floor_spawned":[3,11,18,21,23,31,42,44,45,48],"ascension_level":0}