{"gold_per_floor":[111,126,201,56,66,66,78,106,133,165,9,29,29,61,61,165,165,175,175,186,186,111,171,23,58,58,58,68,86,86,41,41,41],"floor_reached":33,"playtime":2242,"items_purged":["Injury"],"score":424,"play_id":"0013789f-147c-4125-95dd-4adc07531469","local_time":"20180703010532","is_ascension_mode":true,"campfire_choices":[{"data":"Neutralize","floor":6,"key":"SMITH"},{"data":"Noxious Fumes","floor":15,"key":"SMITH"},{"floor":27,"key":"REST"},{"floor":32,"key":"REST"}],"neow_cost":"NONE","seed_source_timestamp":530692251342456,"circlet_count":0,"master_deck":["Defend_G+1","Defend_G+1","Defend_G+1","Defend_G+1","Defend_G+1","Strike_G+1","Strike_G+1","Strike_G+1","Strike_G+1","Strike_G+1","Survivor","Neutralize+1","All Out Attack","Well Laid Plans","Underhanded Strike","Skewer","Noxious Fumes+1","Crippling Poison","Adrenaline","Cloak And Dagger","Sucker Punch+1","Setup+1","Parasite","Leg Sweep+1","Skewer","Backflip"],"relics":["Cursed Key","Orichalcum","Art of War","Potion Belt","Vajra","Mercury Hourglass","Snecko Eye","Tiny Chest","Oddly Smooth Stone","Boot","Bottled Flame"],"potions_floor_usage":[2,14,20,25,28,33,33],"damage_taken":[{"damage":4,"enemies":"Jaw Worm","floor":1,"turns":4},{"damage":0,"enemies":"Cultist","floor":2,"turns":3},{"damage":0,"enemies":"2 Louse","floor":5,"turns":2},{"damage":10,"enemies":"Gremlin Gang","floor":7,"turns":3},{"damage":9,"enemies":"3 Sentries","floor":8,"turns":4},{"damage":10,"enemies":"Gremlin Nob","floor":10,"turns":4},{"damage":9,"enemies":"3 Louse","floor":12,"turns":4},{"damage":9,"enemies":"Lagavulin","floor":14,"turns":4},{"damage":47,"enemies":"The Guardian","floor":16,"turns":12},{"damage":20,"enemies":"2 Thieves","floor":18,"turns":4},{"damage":7,"enemies":"3 Byrds","floor":20,"turns":3},{"damage":23,"enemies":"Slavers","floor":23,"turns":4},{"damage":3,"enemies":"Gremlin Leader","floor":25,"turns":8},{"damage":13,"enemies":"Snake Plant","floor":28,"turns":4},{"damage":0,"enemies":"Snecko","floor":29,"turns":5},{"damage":48,"enemies":"Champ","floor":33,"turns":11}],"seed_played":"4577577174233094565","potions_obtained":[{"floor":1,"key":"GamblersBrew"},{"floor":2,"key":"Ancient Potion"},{"floor":7,"key":"Explosive Potion"},{"floor":14,"key":"Ancient Potion"},{"floor":23,"key":"Energy Potion"},{"floor":25,"key":"AttackPotion"}],"is_trial":false,"path_per_floor":["M","M","?","$","M","R","M","E","T","E","$","M","?","E","R","B",null,"M","?","M","?","$","E","$","E","T","R","M","M","?","$","R"],"character_chosen":"THE_SILENT","items_purchased":["Sucker Punch","Predator","FearPotion","Vajra","Oddly Smooth Stone","Backflip"],"campfire_rested":2,"item_purchase_floors":[4,4,4,11,24,31],"current_hp_per_floor":[59,59,48,48,48,48,38,29,29,19,19,10,70,61,61,14,56,36,36,29,29,29,6,6,3,3,24,11,11,11,11,32,0],"gold":41,"neow_bonus":"BOSS_RELIC","is_prod":false,"is_daily":false,"chose_seed":false,"campfire_upgraded":2,"win_rate":0,"timestamp":1530597932,"path_taken":["M","M","?","?","M","R","M","E","T","E","$","M","?","E","R","BOSS","M","?","M","?","$","E","$","E","T","R","M","M","?","?","R","BOSS"],"build_version":"2018-06-29","purchased_purges":1,"victory":false,"max_hp_per_floor":[70,70,70,70,70,70,70,70,70,70,70,70,70,70,70,70,70,70,70,70,70,70,70,70,70,70,70,70,70,70,70,70,70],"card_choices":[{"not_picked":["Prepared","Distraction"],"picked":"All Out Attack","floor":1},{"not_picked":["Dodge and Roll","Blur"],"picked":"Well Laid Plans","floor":2},{"not_picked":["Slice","Outmaneuver"],"picked":"Underhanded Strike","floor":5},{"not_picked":["Bane","Prepared"],"picked":"Skewer","floor":7},{"not_picked":["Catalyst","Corpse Explosion","Outmaneuver"],"picked":"SKIP","floor":8},{"not_picked":["Expertise","Bane","Accuracy"],"picked":"SKIP","floor":10},{"not_picked":["Acrobatics","Prepared"],"picked":"Noxious Fumes","floor":12},{"not_picked":["Sucker Punch","Poisoned Stab"],"picked":"Crippling Poison","floor":14},{"not_picked":["Burst","Tactician"],"picked":"Adrenaline","floor":16},{"not_picked":["Deadly Poison","Dodge and Roll"],"picked":"Cloak And Dagger","floor":18},{"not_picked":["Dagger Throw","Endless Agony","Concentrate"],"picked":"SKIP","floor":20},{"not_picked":["Grand Finale","All Out Attack"],"picked":"Sucker Punch+1","floor":23},{"not_picked":["Glass Knife","Concentrate+1"],"picked":"Setup+1","floor":25},{"not_picked":["Blade Dance","Bane"],"picked":"Leg Sweep+1","floor":28},{"not_picked":["Dagger Throw","Outmaneuver"],"picked":"Skewer","floor":29}],"player_experience":249775,"relics_obtained":[{"floor":8,"key":"Orichalcum"},{"floor":9,"key":"Art of War"},{"floor":10,"key":"Potion Belt"},{"floor":14,"key":"Mercury Hourglass"},{"floor":23,"key":"Tiny Chest"},{"floor":25,"key":"Boot"},{"floor":26,"key":"Bottled Flame"}],"event_choices":[{"event_name":"World of Goop","player_choice":"Gather Gold","floor":3,"damage_taken":0},{"event_name":"Bonfire Elementals","player_choice":"UNCOMMON","floor":13,"damage_taken":0},{"event_name":"Drug Dealer","player_choice":"Ignored","floor":19,"damage_taken":0},{"event_name":"Back to Basics","player_choice":"Simplicity","floor":21,"damage_taken":0},{"event_name":"Purifier","player_choice":"One Purge","floor":30,"damage_taken":0}],"boss_relics":[{"not_picked":["Runic Dome","Eternal Feather"],"picked":"Snecko Eye"}],"items_purged_floors":[22],"is_endless":false,"potions_floor_spawned":[1,2,7,14,23,25],"killed_by":"Champ","ascension_level":8}