{"gold_per_floor":[114,189,202,212,212,212,240,240,240,275,291,0,13,32,32,106,106,116,116,132,143,160,160,185,185,212,245,445,460,471,386,386,465,465,484,537,488,488,34,34,51,51,51,79,90,90,90,103,103,103],"floor_reached":51,"playtime":3170,"items_purged":["Strike_G"],"score":1322,"play_id":"2c560df6-50b4-477c-b926-d4b656bff0dc","local_time":"20180730163150","is_ascension_mode":true,"campfire_choices":[{"data":"Neutralize","floor":6,"key":"SMITH"},{"data":"Crippling Poison","floor":8,"key":"SMITH"},{"floor":15,"key":"REST"},{"floor":23,"key":"REST"},{"data":"Noxious Fumes","floor":25,"key":"SMITH"},{"floor":32,"key":"REST"},{"floor":40,"key":"REST"},{"floor":42,"key":"REST"},{"data":"After Image","floor":47,"key":"SMITH"},{"floor":49,"key":"REST"}],"neow_cost":"NONE","seed_source_timestamp":56449169204148,"circlet_count":0,"master_deck":["Defend_G","Defend_G","Defend_G","Defend_G","Strike_G","Strike_G","Strike_G","Strike_G","Survivor","Neutralize+1","AscendersBane","Sucker Punch","Leg Sweep","Crippling Poison+1","After Image+1","Noxious Fumes+1","Backflip","Sucker Punch+1","Cloak And Dagger","Prepared","Die Die Die+1","Decay","PiercingWail","Dagger Spray+1","Backflip","Envenom+1","Backflip","Slice+1","Well Laid Plans+1","Dodge and Roll+1","PiercingWail","Infinite Blades+1","PiercingWail","Madness","Madness"],"relics":["Ring of the Snake","StoneCalendar","Molten Egg 2","Blue Candle","Unceasing Top","Paper Crane","Busted Crown","Mummified Hand","Omamori","Frozen Egg 2","Calipers","Orrery","Torii","Shuriken","Kunai","Letter Opener"],"potions_floor_usage":[],"damage_taken":[{"damage":4,"enemies":"Small Slimes","floor":1,"turns":4},{"damage":0,"enemies":"2 Louse","floor":3,"turns":3},{"damage":0,"enemies":"Jaw Worm","floor":4,"turns":6},{"damage":2,"enemies":"3 Sentries","floor":7,"turns":7},{"damage":14,"enemies":"Lagavulin","floor":10,"turns":10},{"damage":10,"enemies":"Lots of Slimes","floor":11,"turns":4},{"damage":1,"enemies":"Exordium Thugs","floor":13,"turns":5},{"damage":3,"enemies":"Exordium Wildlife","floor":14,"turns":4},{"damage":8,"enemies":"Slime Boss","floor":16,"turns":11},{"damage":4,"enemies":"Shell Parasite","floor":18,"turns":6},{"damage":8,"enemies":"2 Thieves","floor":20,"turns":3},{"damage":5,"enemies":"Centurion and Healer","floor":21,"turns":7},{"damage":1,"enemies":"3 Cultists","floor":22,"turns":4},{"damage":1,"enemies":"Book of Stabbing","floor":24,"turns":7},{"damage":8,"enemies":"Slavers","floor":27,"turns":7},{"damage":6,"enemies":"Snecko","floor":29,"turns":5},{"damage":10,"enemies":"Slaver and Parasite","floor":30,"turns":6},{"damage":6,"enemies":"Collector","floor":33,"turns":13},{"damage":25,"enemies":"3 Shapes","floor":35,"turns":5},{"damage":16,"floor":36,"turns":5},{"damage":0,"enemies":"Orb Walker","floor":41,"turns":5},{"damage":1,"enemies":"Nemesis","floor":44,"turns":7},{"damage":0,"enemies":"Flame Bruiser 2 Orb","floor":45,"turns":5},{"damage":8,"enemies":"Transient","floor":48,"turns":5},{"damage":8,"enemies":"Awakened One","floor":50,"turns":15}],"seed_played":"1567203857521025940","potions_obtained":[{"floor":14,"key":"FairyPotion"}],"is_trial":false,"path_per_floor":["M","?","M","M","T","R","E","R","T","E","M","$","M","M","R","B",null,"M","?","M","M","M","R","E","R","T","E","?","M","M","?","R","B",null,"M","?","$","?","$","R","M","R","T","E","M","?","R","M","R","B"],"character_chosen":"THE_SILENT","items_purchased":["Paper Crane","Sucker Punch+1","PiercingWail","Shuriken","Infinite Blades+1","PiercingWail"],"campfire_rested":6,"item_purchase_floors":[12,12,37,39,39,39],"current_hp_per_floor":[55,44,44,44,44,44,42,42,42,28,18,18,17,14,33,25,56,52,52,44,39,38,57,56,56,56,48,48,42,32,32,51,45,61,36,20,20,20,20,39,39,58,58,57,57,45,45,37,56,48],"gold":103,"neow_bonus":"THREE_SMALL_POTIONS","is_prod":false,"is_daily":false,"chose_seed":false,"campfire_upgraded":4,"win_rate":0,"timestamp":1532961110,"path_taken":["M","?","?","M","?","R","E","R","T","E","M","?","M","M","R","BOSS","M","?","?","M","M","R","E","R","T","E","?","M","?","?","R","BOSS","M","?","$","?","$","R","M","R","T","E","?","?","R","M","R","BOSS"],"build_version":"2018-07-26","purchased_purges":1,"victory":true,"max_hp_per_floor":[66,66,66,66,66,66,66,66,66,66,66,66,66,66,66,66,66,66,66,66,66,66,66,66,66,66,66,66,66,66,66,66,66,66,66,66,66,66,66,66,66,66,66,66,66,66,66,66,66,66],"card_choices":[{"not_picked":["Acrobatics","Bane"],"picked":"Sucker Punch","floor":1},{"not_picked":["PiercingWail","Dagger Throw"],"picked":"Leg Sweep","floor":3},{"not_picked":["Concentrate","Deadly Poison"],"picked":"Crippling Poison","floor":4},{"not_picked":["Well Laid Plans","PiercingWail"],"picked":"After Image","floor":7},{"not_picked":["Dagger Throw+1","Venomology"],"picked":"Noxious Fumes","floor":10},{"not_picked":["Bane+1","Slice+1"],"picked":"Backflip","floor":11},{"not_picked":["Backflip","Poisoned Stab+1"],"picked":"Cloak And Dagger","floor":13},{"not_picked":["Storm of Steel","Dagger Throw+1"],"picked":"Prepared","floor":14},{"not_picked":["Night Terror","Envenom"],"picked":"Die Die Die+1","floor":16},{"not_picked":["Terror"],"picked":"SKIP","floor":18},{"not_picked":[],"picked":"PiercingWail","floor":20},{"not_picked":[],"picked":"Dagger Spray+1","floor":21},{"not_picked":["Outmaneuver"],"picked":"SKIP","floor":22},{"not_picked":["Deadly Poison"],"picked":"SKIP","floor":24},{"not_picked":[],"picked":"Backflip","floor":27},{"not_picked":["Slice+1"],"picked":"SKIP","floor":29},{"not_picked":["Quick Slash+1"],"picked":"SKIP","floor":30},{"not_picked":[],"picked":"Envenom+1","floor":33},{"not_picked":[],"picked":"Backflip","floor":34},{"not_picked":[],"picked":"Slice+1","floor":34},{"not_picked":[],"picked":"Well Laid Plans+1","floor":35},{"not_picked":[],"picked":"Dodge and Roll+1","floor":36},{"not_picked":["Poisoned Stab+1"],"picked":"SKIP","floor":41},{"not_picked":["Reflex+1"],"picked":"SKIP","floor":44},{"not_picked":["Choke+1"],"picked":"SKIP","floor":45},{"not_picked":["Flying Knee+1"],"picked":"SKIP","floor":48}],"player_experience":1191168,"relics_obtained":[{"floor":5,"key":"StoneCalendar"},{"floor":7,"key":"Molten Egg 2"},{"floor":9,"key":"Blue Candle"},{"floor":10,"key":"Unceasing Top"},{"floor":24,"key":"Mummified Hand"},{"floor":26,"key":"Omamori"},{"floor":27,"key":"Frozen Egg 2"},{"floor":36,"key":"Torii"},{"floor":43,"key":"Kunai"},{"floor":44,"key":"Letter Opener"}],"event_choices":[{"event_name":"World of Goop","player_choice":"Gather Gold","floor":2,"damage_taken":0},{"event_name":"Forgotten Altar","player_choice":"Smashed Altar","floor":19,"damage_taken":0},{"event_name":"Wheel of Change","player_choice":"Gold","floor":28,"damage_taken":0},{"event_name":"Addict","player_choice":"Obtained Relic","floor":31,"damage_taken":0},{"event_name":"Mysterious Sphere","player_choice":"Fight","floor":36,"damage_taken":0},{"event_name":"Falling","player_choice":"Removed Skill","floor":38,"damage_taken":0},{"event_name":"Winding Halls","player_choice":"Embrace Madness","floor":46,"damage_taken":0}],"is_beta":false,"boss_relics":[{"not_picked":["Empty Cage","Tiny House"],"picked":"Busted Crown"},{"not_picked":["Fusion Hammer","HoveringKite"],"picked":"Orrery"}],"items_purged_floors":[39],"is_endless":false,"potions_floor_spawned":[7,11,13,14,18,20,22,41,44],"ascension_level":15}