{"gold_per_floor":[216,216,230,244,38,38,49,59,59,25,42,42,60,74,74,171,171,191,191,106,106,106,106,119,119,119,129,129,152,167,12,12,12],"floor_reached":33,"playtime":1694,"items_purged":[],"score":239,"play_id":"46f8e3ca-ddf1-4953-a30f-45d0b67f20f9","local_time":"20190112202813","is_ascension_mode":false,"campfire_choices":[{"data":"Skewer","floor":6,"key":"SMITH"},{"data":"Skewer","floor":15,"key":"SMITH"},{"data":"Riddle With Holes","floor":23,"key":"SMITH"},{"data":"Tools of the Trade","floor":25,"key":"SMITH"},{"floor":28,"key":"REST"},{"data":"Corpse Explosion","floor":32,"key":"SMITH"}],"neow_cost":"NONE","seed_source_timestamp":97137244750897,"circlet_count":0,"master_deck":["Defend_G","Defend_G","Defend_G","Defend_G","Defend_G","Strike_G","Strike_G","Strike_G","Strike_G","Strike_G","Survivor","Neutralize","Skewer+1","Riddle With Holes+1","Skewer+1","PiercingWail","PiercingWail","Caltrops","PiercingWail","Tools of the Trade+1","Writhe","Writhe","Footwork","Concentrate","Corpse Explosion+1"],"relics":["Ring of the Snake","Membership Card","Ancient Tea Set","Calling Bell","Omamori","Ninja Scroll","Bird Faced Urn","MutagenicStrength","Vajra","Bottled Tornado","Anchor","Bronze Scales","Oddly Smooth Stone"],"potions_floor_usage":[16,16,18,33,33,33],"damage_taken":[{"damage":2,"enemies":"Small Slimes","floor":1,"turns":4},{"damage":0,"enemies":"Cultist","floor":3,"turns":4},{"damage":0,"enemies":"2 Louse","floor":4,"turns":2},{"damage":6,"enemies":"Lots of Slimes","floor":7,"turns":5},{"damage":9,"enemies":"Exordium Wildlife","floor":8,"turns":3},{"damage":10,"enemies":"Blue Slaver","floor":11,"turns":3},{"damage":7,"enemies":"Looter","floor":13,"turns":2},{"damage":8,"enemies":"Lots of Slimes","floor":14,"turns":5},{"damage":20,"enemies":"Hexaghost","floor":16,"turns":9},{"damage":41,"enemies":"Spheric Guardian","floor":18,"turns":6},{"damage":6,"enemies":"Chosen","floor":24,"turns":6},{"damage":36,"enemies":"Shelled Parasite and Fungi","floor":27,"turns":7},{"damage":0,"enemies":"Snake Plant","floor":30,"turns":1},{"damage":92,"enemies":"Automaton","floor":33,"turns":12}],"seed_played":"2791459547769348069","potions_obtained":[{"floor":4,"key":"Strength Potion"},{"floor":11,"key":"SteroidPotion"},{"floor":13,"key":"GamblersBrew"},{"floor":16,"key":"PowerPotion"},{"floor":27,"key":"Regen Potion"},{"floor":30,"key":"GhostInAJar"}],"is_trial":false,"path_per_floor":["M","?","M","M","$","R","M","M","T","$","M","?","M","M","R","B",null,"M","?","?","?","?","R","M","R","T","M","R","T","M","$","R","B"],"character_chosen":"THE_SILENT","items_purchased":["Membership Card","Caltrops","Bronze Scales","Oddly Smooth Stone"],"campfire_rested":1,"item_purchase_floors":[5,10,31,31],"current_hp_per_floor":[68,61,61,61,61,61,55,46,46,46,36,59,52,44,44,24,70,33,33,33,56,56,56,54,54,54,24,45,45,47,47,47,0],"gold":12,"neow_bonus":"HUNDRED_GOLD","is_prod":false,"is_daily":false,"chose_seed":false,"campfire_upgraded":5,"win_rate":0.0,"timestamp":1547353693,"path_taken":["M","?","?","M","$","R","M","M","T","?","M","?","M","M","R","BOSS","M","?","?","?","?","R","?","R","T","M","R","?","M","$","R","BOSS"],"build_version":"2019-01-10","purchased_purges":0,"victory":false,"max_hp_per_floor":[70,70,70,70,70,70,70,70,70,70,70,70,70,70,70,70,70,70,70,70,70,70,70,70,70,70,70,70,70,70,70,70,70],"card_choices":[{"not_picked":["Outmaneuver","Calculated Gamble"],"picked":"Skewer","floor":1},{"not_picked":["Bane","Acrobatics"],"picked":"Riddle With Holes","floor":3},{"not_picked":["Underhanded Strike","Accuracy"],"picked":"Skewer","floor":4},{"not_picked":["Bane","Outmaneuver"],"picked":"PiercingWail","floor":7},{"not_picked":["Acrobatics","Slice"],"picked":"PiercingWail","floor":8},{"not_picked":["Sucker Punch","Acrobatics","Underhanded Strike"],"picked":"SKIP","floor":11},{"not_picked":["All Out Attack","Dodge and Roll"],"picked":"PiercingWail","floor":13},{"not_picked":["Endless Agony","Underhanded Strike","Backflip"],"picked":"SKIP","floor":14},{"not_picked":["Venomology","Doppelganger"],"picked":"Tools of the Trade","floor":16},{"not_picked":["Finisher+1","Underhanded Strike"],"picked":"Footwork","floor":18},{"not_picked":["Dodge and Roll","Deflect","Slice+1"],"picked":"SKIP","floor":24},{"not_picked":["Masterful Stab","Bouncing Flask"],"picked":"Concentrate","floor":27},{"not_picked":["Poisoned Stab","Outmaneuver+1"],"picked":"Corpse Explosion","floor":30}],"player_experience":119993,"relics_obtained":[{"floor":9,"key":"Ancient Tea Set"},{"floor":17,"key":"Omamori"},{"floor":17,"key":"Ninja Scroll"},{"floor":17,"key":"Bird Faced Urn"},{"floor":26,"key":"Bottled Tornado"},{"floor":29,"key":"Anchor"}],"event_choices":[{"damage_healed":0,"gold_gain":0,"player_choice":"Damaged","damage_taken":7,"max_hp_gain":0,"max_hp_loss":0,"event_name":"Wheel of Change","floor":2,"gold_loss":0},{"damage_healed":23,"gold_gain":0,"player_choice":"Banana","damage_taken":0,"max_hp_gain":0,"max_hp_loss":0,"event_name":"Big Fish","floor":12,"gold_loss":0},{"damage_healed":0,"gold_gain":0,"player_choice":"Inject Mutagens","damage_taken":0,"relics_obtained":["MutagenicStrength"],"max_hp_gain":0,"max_hp_loss":0,"event_name":"Drug Dealer","floor":19,"gold_loss":0},{"damage_healed":0,"gold_gain":0,"player_choice":"Obtained Relic","damage_taken":0,"relics_obtained":["Vajra"],"max_hp_gain":0,"max_hp_loss":0,"event_name":"Addict","floor":20,"gold_loss":85},{"damage_healed":23,"gold_gain":0,"player_choice":"Heal","damage_taken":0,"max_hp_gain":0,"max_hp_loss":0,"event_name":"The Library","floor":21,"gold_loss":0},{"cards_removed":["Decay"],"damage_healed":0,"gold_gain":0,"player_choice":"Purged","damage_taken":0,"max_hp_gain":0,"max_hp_loss":0,"event_name":"Purifier","floor":22,"gold_loss":0}],"is_beta":false,"boss_relics":[{"not_picked":["Black Star","Coffee Dripper"],"picked":"Calling Bell"}],"items_purged_floors":[],"is_endless":false,"potions_floor_spawned":[4,11,13,16,27,30],"killed_by":"Automaton","ascension_level":0}