{"gold_per_floor":[113,129,142,153,173,173,200,200,282,301,301,313,313,313,313,410,410,398,98,98,115,128,128,146,162,162,162,162,178,178],"floor_reached":30,"playtime":1267,"items_purged":["Strike_B"],"score":400,"play_id":"00b4a899-37e2-44f5-b03a-7ee1ffc5dace","local_time":"20180706104954","is_ascension_mode":true,"campfire_choices":[{"floor":6,"key":"REST"},{"floor":8,"key":"REST"},{"data":"Streamline","floor":11,"key":"SMITH"},{"floor":15,"key":"REST"},{"floor":23,"key":"REST"},{"floor":27,"key":"REST"}],"neow_cost":"NONE","seed_source_timestamp":221938048411566,"circlet_count":0,"master_deck":["Defend_B","Defend_B","Defend_B","Defend_B+1","Zap+1","Dualcast","Hologram+1","Sweeping Beam","Cold Snap","Blizzard","Streamline+1","Melter","Go for the Eyes","Gash","Redo","All For One","Beam Cell","Coolheaded","Sunder","Steam Power","Glacier+1","Scrape","Genetic Algorithm","Redo","Leap+1"],"relics":["Cracked Core","War Paint","Ornamental Fan","Eternal Feather","Pen Nib","Dream Catcher"],"potions_floor_usage":[5,7,16,22,24],"damage_taken":[{"damage":3,"enemies":"2 Louse","floor":1,"turns":2},{"damage":10,"enemies":"Small Slimes","floor":2,"turns":3},{"damage":0,"enemies":"Cultist","floor":3,"turns":3},{"damage":4,"enemies":"Exordium Wildlife","floor":4,"turns":2},{"damage":16,"enemies":"3 Louse","floor":5,"turns":3},{"damage":23,"enemies":"Lagavulin","floor":7,"turns":6},{"damage":8,"enemies":"Exordium Thugs","floor":10,"turns":4},{"damage":5,"enemies":"2 Fungi Beasts","floor":12,"turns":3},{"damage":0,"enemies":"Slime Boss","floor":16,"turns":7},{"damage":15,"enemies":"2 Thieves","floor":18,"turns":4},{"damage":8,"enemies":"Shell Parasite","floor":21,"turns":3},{"damage":23,"enemies":"Centurion and Healer","floor":22,"turns":5},{"damage":18,"enemies":"Snake Plant","floor":24,"turns":5},{"damage":12,"enemies":"Chosen and Byrds","floor":25,"turns":6},{"damage":34,"enemies":"Centurion and Healer","floor":29,"turns":9},{"damage":39,"enemies":"Slavers","floor":30,"turns":4}],"seed_played":"-4034239974280514513","potions_obtained":[{"floor":2,"key":"Block Potion"},{"floor":4,"key":"Fruit Juice"},{"floor":7,"key":"FocusPotion"},{"floor":10,"key":"Block Potion"},{"floor":18,"key":"Strength Potion"},{"floor":25,"key":"SteroidPotion"}],"is_trial":false,"path_per_floor":["M","M","M","M","M","R","E","R","T","M","R","M","?","?","R","B",null,"M","$","?","M","M","R","M","M","T","R","?","M"],"character_chosen":"DEFECT","items_purchased":["Beam Cell","Pen Nib","Coolheaded"],"campfire_rested":5,"item_purchase_floors":[19,19,19],"current_hp_per_floor":[65,55,55,51,40,64,41,65,65,57,57,52,52,52,76,76,79,64,64,64,56,33,65,47,35,35,67,67,33,0],"gold":178,"neow_bonus":"UPGRADE_CARD","is_prod":false,"is_daily":false,"chose_seed":false,"campfire_upgraded":1,"win_rate":0,"timestamp":1530888594,"path_taken":["M","M","M","M","M","R","E","R","T","M","R","M","?","?","R","BOSS","M","$","?","M","M","R","M","M","T","R","?","M","E"],"build_version":"2018-07-05","purchased_purges":1,"victory":false,"max_hp_per_floor":[75,75,75,75,80,80,80,80,80,80,80,80,80,80,80,80,80,80,80,80,80,80,80,80,80,80,80,80,80,80],"card_choices":[{"not_picked":["Streamline","Go for the Eyes"],"picked":"Hologram","floor":1},{"not_picked":["Conserve Battery","Turbo"],"picked":"Sweeping Beam","floor":2},{"not_picked":["Rebound","Hyperbeam"],"picked":"Cold Snap","floor":3},{"not_picked":["Double Energy","Steam"],"picked":"Blizzard","floor":4},{"not_picked":["Beam Cell","Go for the Eyes"],"picked":"Streamline","floor":5},{"not_picked":["Sweeping Beam","Core Surge"],"picked":"Melter","floor":7},{"not_picked":["Rip and Tear","Turbo"],"picked":"Go for the Eyes","floor":10},{"not_picked":["Hologram","Leap"],"picked":"Gash","floor":12},{"not_picked":["Buffer","Core Surge"],"picked":"All For One","floor":16},{"not_picked":["Blizzard","Sweeping Beam","Conserve Battery"],"picked":"SKIP","floor":18},{"not_picked":["Turbo","Redo"],"picked":"Sunder","floor":21},{"not_picked":["Compile Driver","Sweeping Beam+1"],"picked":"Steam Power","floor":22},{"not_picked":["Leap","Ball Lightning"],"picked":"Glacier+1","floor":24},{"not_picked":["Stack+1","Fusion"],"picked":"Scrape","floor":25},{"not_picked":["Rebound","Sweeping Beam"],"picked":"Genetic Algorithm","floor":27},{"not_picked":["Barrage","Thunder Strike"],"picked":"Leap+1","floor":29}],"player_experience":966119,"relics_obtained":[{"floor":7,"key":"War Paint"},{"floor":9,"key":"Ornamental Fan"},{"floor":26,"key":"Dream Catcher"}],"event_choices":[{"event_name":"Golden Idol","player_choice":"Ignored","floor":13,"damage_taken":0},{"event_name":"Transmorgrifier","player_choice":"Transform","floor":14,"damage_taken":0},{"event_name":"Purifier","player_choice":"One Purge","floor":20,"damage_taken":0},{"event_name":"Transmorgrifier","player_choice":"Transform","floor":28,"damage_taken":0}],"boss_relics":[{"not_picked":["Black Star","Runic Dome"],"picked":"Eternal Feather"}],"items_purged_floors":[19],"is_endless":false,"potions_floor_spawned":[2,4,7,10,18,25],"killed_by":"Slavers","ascension_level":8}