{"gold_per_floor":[116,135,154,3,13,13,13,13,13,113,148,165,180,180,180,276,276,292,307,318,318,60,60,73,73,73,73,3,34,34,34,34,139,139,150,150,169,169],"floor_reached":38,"playtime":2213,"items_purged":[],"score":419,"play_id":"08dfe614-20ee-4147-a7a3-b0c08abe03d9","local_time":"20190126175635","is_ascension_mode":false,"campfire_choices":[{"floor":6,"key":"REST"},{"data":"Rainbow","floor":8,"key":"SMITH"},{"floor":15,"key":"REST"},{"floor":23,"key":"REST"},{"floor":25,"key":"REST"},{"floor":32,"key":"REST"}],"neow_cost":"NONE","seed_source_timestamp":1226289873697913,"circlet_count":0,"master_deck":["Defend_B","Defend_B","Defend_B","Zap","Dualcast","Double Energy","Hello World","Rainbow+1","Chaos+1","Tempest","FTL","Electrodynamics","Buffer+1","Doom and Gloom+1","Machine Learning+1","Static Discharge","Glacier+1","Defragment","Apotheosis","FTL","Barrage","Fusion","Capacitor","Rainbow","Bite","Bite","Bite","Bite","Bite","Multi-Cast","Double Energy","Redo+1"],"relics":["Cracked Core","Happy Flower","Dodecahedron","Ornamental Fan","Torii","Pen Nib","Astrolabe","WingedGreaves","Potion Belt","Lizard Tail"],"potions_floor_usage":[],"damage_taken":[{"damage":7,"enemies":"2 Louse","floor":1,"turns":3},{"damage":1,"enemies":"Jaw Worm","floor":2,"turns":3},{"damage":6,"enemies":"Cultist","floor":3,"turns":3},{"damage":14,"enemies":"Exordium Wildlife","floor":5,"turns":5},{"damage":17,"enemies":"3 Sentries","floor":11,"turns":6},{"damage":3,"enemies":"Blue Slaver","floor":12,"turns":4},{"damage":7,"enemies":"Red Slaver","floor":13,"turns":3},{"damage":26,"enemies":"Slime Boss","floor":16,"turns":9},{"damage":14,"enemies":"Shell Parasite","floor":18,"turns":6},{"damage":2,"enemies":"Chosen","floor":19,"turns":4},{"damage":13,"enemies":"Shelled Parasite and Fungi","floor":20,"turns":8},{"damage":30,"enemies":"Sentry and Sphere","floor":24,"turns":4},{"damage":36,"enemies":"Gremlin Leader","floor":29,"turns":5},{"damage":50,"enemies":"Automaton","floor":33,"turns":9},{"damage":40,"enemies":"3 Shapes","floor":35,"turns":4},{"damage":44,"enemies":"Orb Walker","floor":37,"turns":5},{"damage":25,"enemies":"Transient","floor":38,"turns":3}],"seed_played":"-2976314270945200230","potions_obtained":[{"floor":1,"key":"Dexterity Potion"},{"floor":5,"key":"Dexterity Potion"},{"floor":16,"key":"SkillPotion"},{"floor":19,"key":"Ancient Potion"}],"is_trial":false,"path_per_floor":["M","M","M","$","M","R","?","R","T","?","E","M","M","T","R","B",null,"M","M","M","?","$","R","M","R","T","?","$","E","$","?","R","B",null,"M","?","M","M"],"character_chosen":"DEFECT","items_purchased":["Happy Flower","Apotheosis","FTL","Capacitor"],"campfire_rested":5,"item_purchase_floors":[4,22,22,28],"current_hp_per_floor":[75,74,68,68,54,78,71,71,71,71,54,51,44,44,68,42,82,68,66,53,53,53,77,47,71,71,71,71,35,35,35,52,23,57,29,29,22,0],"gold":169,"neow_bonus":"TEN_PERCENT_HP_BONUS","is_prod":false,"is_daily":false,"chose_seed":false,"campfire_upgraded":1,"win_rate":0.0,"timestamp":1548496595,"path_taken":["M","M","M","$","M","R","?","R","T","?","E","M","?","?","R","BOSS","M","M","M","?","$","R","?","R","T","?","$","E","?","?","R","BOSS","M","?","M","M"],"build_version":"2019-01-23","purchased_purges":0,"victory":false,"max_hp_per_floor":[82,82,82,82,82,82,82,82,82,82,82,82,82,82,82,82,82,82,82,82,82,82,82,82,82,82,82,82,82,82,57,57,57,57,57,57,57,57],"card_choices":[{"not_picked":["Chaos","Gash"],"picked":"Double Energy","floor":1},{"not_picked":["Hologram","Heatsinks"],"picked":"Hello World","floor":2},{"not_picked":["Cold Snap","Sweeping Beam"],"picked":"Rainbow","floor":3},{"not_picked":["Aggregate","Sweeping Beam"],"picked":"Chaos","floor":5},{"not_picked":["Darkness","Ball Lightning"],"picked":"Tempest","floor":11},{"not_picked":["Conserve Battery","Glacier"],"picked":"Compile Driver","floor":12},{"not_picked":["Hologram","Heatsinks"],"picked":"FTL","floor":13},{"not_picked":["All For One","Machine Learning"],"picked":"Electrodynamics","floor":16},{"not_picked":["Streamline","Steam"],"picked":"Static Discharge","floor":18},{"not_picked":["Gash+1","Go for the Eyes"],"picked":"Glacier+1","floor":19},{"not_picked":["Cold Snap","Steam"],"picked":"Defragment","floor":20},{"not_picked":["Coolheaded+1","Redo+1"],"picked":"Barrage","floor":24},{"not_picked":["FTL+1","Streamline+1"],"picked":"Rainbow","floor":29},{"not_picked":["Rainbow","All For One"],"picked":"Multi-Cast","floor":33},{"not_picked":["Gash","Barrage"],"picked":"Double Energy","floor":35},{"not_picked":["Ball Lightning","Hologram+1"],"picked":"Redo+1","floor":37}],"player_experience":5019,"relics_obtained":[{"floor":9,"key":"Ornamental Fan"},{"floor":11,"key":"Torii"},{"floor":14,"key":"Pen Nib"},{"floor":26,"key":"WingedGreaves"},{"floor":29,"key":"Potion Belt"}],"event_choices":[{"damage_healed":0,"gold_gain":0,"player_choice":"Success","damage_taken":7,"relics_obtained":["Dodecahedron"],"max_hp_gain":0,"max_hp_loss":0,"event_name":"Scrap Ooze","floor":7,"gold_loss":0},{"damage_healed":0,"gold_gain":100,"player_choice":"Pray","damage_taken":0,"max_hp_gain":0,"max_hp_loss":0,"event_name":"Golden Shrine","floor":10,"gold_loss":0},{"damage_healed":0,"gold_gain":0,"player_choice":"Forge","damage_taken":0,"max_hp_gain":0,"max_hp_loss":0,"event_name":"Accursed Blacksmith","floor":21,"gold_loss":0,"cards_upgraded":["Chaos"]},{"damage_healed":0,"gold_gain":0,"player_choice":"Read","damage_taken":0,"max_hp_gain":0,"max_hp_loss":0,"event_name":"The Library","floor":27,"gold_loss":0,"cards_obtained":["Fusion"]},{"damage_healed":0,"gold_gain":0,"player_choice":"Became a vampire","damage_taken":0,"max_hp_gain":0,"max_hp_loss":25,"event_name":"Vampires","floor":31,"gold_loss":0,"cards_obtained":["Bite","Bite","Bite","Bite","Bite"]},{"cards_removed":["Compile Driver"],"damage_healed":0,"gold_gain":0,"player_choice":"Removed Attack","damage_taken":0,"max_hp_gain":0,"max_hp_loss":0,"event_name":"Falling","floor":36,"gold_loss":0}],"is_beta":false,"boss_relics":[{"not_picked":["Eternal Feather","Runic Dome"],"picked":"Astrolabe"},{"not_picked":["Inserter","Empty Cage"],"picked":"Lizard Tail"}],"items_purged_floors":[],"is_endless":false,"potions_floor_spawned":[1,5,16,19,24,37],"killed_by":"Transient","ascension_level":0}