{"path_per_floor":["M","$","?","?","M","R","?","M","T","$","M","M","M","?","R","B",null,"M","M"],"character_chosen":"THE_SILENT","items_purchased":["Bouncing Flask","Terror"],"gold_per_floor":[110,30,30,30,40,40,40,57,57,22,32,47,58,58,58,158,188,205,216,216],"floor_reached":20,"campfire_rested":0,"playtime":1217,"item_purchase_floors":[2,10],"current_hp_per_floor":[68,68,68,68,67,67,53,48,48,48,43,36,24,70,70,46,75,28,23,0],"items_purged":[],"gold":216,"score":166,"play_id":"c261d3a6-e151-486d-8a7e-f38e899519c6","local_time":"20180524214620","is_prod":false,"is_daily":false,"chose_seed":false,"is_ascension_mode":false,"campfire_upgraded":1,"win_rate":0.0,"timestamp":1527212780,"campfire_choices":[{"data":"Poisoned Stab","floor":6,"key":"SMITH"},{"data":"Strike_G","floor":15,"key":"PURGE"}],"path_taken":["M","$","?","?","M","R","?","M","T","$","M","M","M","?","R","BOSS","M","M","?"],"build_version":"2018-05-24","seed_source_timestamp":324446151952553,"purchased_purges":0,"victory":false,"master_deck":["Defend_G+1","Defend_G","Defend_G","Defend_G+1","Defend_G","Strike_G+1","Strike_G","Strike_G","Survivor","Neutralize","Poisoned Stab+1","Bouncing Flask+1","Blur","Deadly Poison","Noxious Fumes","Quick Slash","Footwork","After Image","Dagger Spray","Expertise","Quick Slash+1"],"max_hp_per_floor":[70,70,70,70,70,70,70,70,70,70,70,70,70,70,70,70,75,75,75,75],"relics":["Ring of the Snake","Peace Pipe","Tiny House"],"card_choices":[{"not_picked":["PiercingWail","Predator"],"picked":"Poisoned Stab","floor":1},{"not_picked":["Slice","Acrobatics"],"picked":"Blur","floor":5},{"not_picked":["Well Laid Plans","Backflip"],"picked":"Deadly Poison","floor":8},{"not_picked":["Sucker Punch","Cloak And Dagger"],"picked":"Noxious Fumes","floor":11},{"not_picked":["Reflex","Infinite Blades"],"picked":"Quick Slash","floor":12},{"not_picked":["Sucker Punch","Cloak And Dagger"],"picked":"Footwork","floor":13},{"not_picked":["Tools of the Trade","Bullet Time"],"picked":"After Image","floor":16},{"not_picked":["Flying Knee","Dodge and Roll"],"picked":"Dagger Spray","floor":17},{"not_picked":["Dodge and Roll+1","Cloak And Dagger+1"],"picked":"Expertise","floor":18},{"not_picked":["Outmaneuver","Underhanded Strike+1"],"picked":"Quick Slash+1","floor":19}],"player_experience":115373,"potions_floor_usage":[16,16,18,19],"damage_taken":[{"damage":2,"enemies":"Small Slimes","floor":1,"turns":4},{"damage":1,"enemies":"Cultist","floor":5,"turns":3},{"damage":5,"enemies":"2 Louse","floor":8,"turns":2},{"damage":5,"enemies":"Large Slime","floor":11,"turns":6},{"damage":7,"enemies":"Looter","floor":12,"turns":2},{"damage":12,"enemies":"2 Fungi Beasts","floor":13,"turns":3},{"damage":24,"enemies":"Hexaghost","floor":16,"turns":7},{"damage":47,"enemies":"2 Thieves","floor":18,"turns":4},{"damage":5,"enemies":"Chosen","floor":19,"turns":4},{"damage":23,"enemies":"Masked Bandits","floor":20,"turns":2}],"relics_obtained":[{"floor":9,"key":"Peace Pipe"}],"event_choices":[{"event_name":"Upgrade Shrine","player_choice":"Upgraded","floor":3,"damage_taken":0},{"event_name":"Scrap Ooze","player_choice":"unsuccessful","floor":4,"damage_taken":0},{"event_name":"Shining Light","player_choice":"Entered Light","floor":7,"damage_taken":0},{"event_name":"Bonfire Elementals","player_choice":"UNCOMMON","floor":14,"damage_taken":0},{"event_name":"Masked Bandits","player_choice":"Fought over 216 gold","floor":20,"damage_taken":0}],"boss_relics":[{"not_picked":["Velvet Choker","Lizard Tail"],"picked":"Tiny House"}],"items_purged_floors":[],"potions_floor_spawned":[5,8,16,19],"seed_played":"6720609786822955666","killed_by":"Masked Bandits","ascension_level":0,"potions_obtained":[{"floor":5,"key":"Ancient Potion"},{"floor":8,"key":"SneckoOil"},{"floor":16,"key":"SteroidPotion"},{"floor":17,"key":"Poison Potion"},{"floor":19,"key":"Strength Potion"}],"is_trial":false}