{"path_per_floor":["M","?","?","$","?","R","E","R","T","M","E","R","M","?","R","B",null,"M","M","$","?","M","E","M","R","T","R","M","R","$","?","R","B",null,"M","M","M","$","M","M","?","M","T","R","M","M","R","M","R","B"],"character_chosen":"DEFECT","items_purchased":["Beam Cell","Blood Vial","Centennial Puzzle"],"gold_per_floor":[110,60,60,11,11,11,42,42,94,112,145,145,158,158,158,256,256,275,287,55,55,71,101,114,114,114,114,133,133,133,133,133,233,233,243,262,273,12,27,44,44,57,57,57,67,87,87,99,99,99],"floor_reached":51,"campfire_rested":2,"playtime":4537,"item_purchase_floors":[4,20,38],"current_hp_per_floor":[68,68,68,68,68,68,47,47,47,53,25,25,24,17,37,17,68,63,59,59,59,44,38,39,39,39,39,39,39,39,39,68,40,68,55,60,62,62,52,34,59,56,56,56,47,42,42,47,47,15],"items_purged":["Strike_B"],"gold":99,"score":654,"play_id":"c6e31d08-5bdf-41c2-a241-fedbec419700","local_time":"20180531151545","is_prod":false,"is_daily":false,"chose_seed":false,"is_ascension_mode":false,"campfire_upgraded":9,"win_rate":0.0,"timestamp":1527772545,"campfire_choices":[{"data":"Zap","floor":6,"key":"SMITH"},{"data":"Dualcast","floor":8,"key":"SMITH"},{"data":"Redo","floor":12,"key":"SMITH"},{"floor":15,"key":"REST"},{"data":"Electrodynamics","floor":25,"key":"SMITH"},{"data":"White Noise","floor":27,"key":"SMITH"},{"data":"Loop","floor":29,"key":"SMITH"},{"floor":32,"key":"REST"},{"data":"Buffer","floor":44,"key":"SMITH"},{"data":"Loop","floor":47,"key":"SMITH"},{"data":"Chill","floor":49,"key":"SMITH"}],"path_taken":["M","?","?","$","?","R","E","R","T","M","E","R","?","?","R","BOSS","M","?","$","?","?","E","M","R","T","R","M","R","$","?","R","BOSS","M","M","M","$","M","M","?","M","T","R","M","?","R","M","R","BOSS"],"build_version":"2018-05-28","seed_source_timestamp":0,"purchased_purges":1,"victory":true,"master_deck":["Defend_B","Zap+1","Dualcast+1","Leap","White Noise+1","Go for the Eyes","Beam Cell","Chill+1","Redo+1","Cold Snap","Loop+1","Electrodynamics+1","Scrape+1","Reboot+1","Go for the Eyes+1","Ball Lightning+1","Static Discharge+1","Loop+1","Streamline+1","Static Discharge+1","Self Repair","Ball Lightning","Buffer+1","Ball Lightning+1","Beam Cell+1","Heatsinks","Thunder Strike","Beam Cell","Beam Cell+1"],"max_hp_per_floor":[68,68,68,68,68,68,68,68,68,68,68,68,68,68,68,68,68,68,68,68,68,68,68,68,68,68,68,68,68,68,68,68,68,68,68,68,68,68,68,68,59,59,59,59,59,59,59,59,59,59],"relics":["Cracked Core","Vajra","Oddly Smooth Stone","Bronze Scales","Calipers","Astrolabe","Blood Vial","Question Card","Bottled Tornado","Regal Pillow","Inserter","Centennial Puzzle","Meat on the Bone"],"card_choices":[{"not_picked":["Blizzard","Leap"],"picked":"Go for the Eyes","floor":1.0},{"not_picked":["Steam","Compile Driver"],"picked":"Chill","floor":7},{"not_picked":["Darkness","Beam Cell"],"picked":"Redo","floor":10},{"not_picked":["Go for the Eyes","Auto Shields"],"picked":"Cold Snap","floor":11},{"not_picked":["Compile Driver","FTL"],"picked":"Loop","floor":13},{"not_picked":["Thunder Strike","Multi-Cast"],"picked":"Electrodynamics","floor":16},{"not_picked":["Beam Cell","Glacier"],"picked":"Ball Lightning+1","floor":18},{"not_picked":["Steam Power","Lockon"],"picked":"Static Discharge+1","floor":19},{"not_picked":["Stack+1","Go for the Eyes"],"picked":"Streamline+1","floor":22},{"not_picked":["Conserve Battery","Compile Driver+1"],"picked":"Static Discharge+1","floor":23},{"not_picked":["Steam Power","Compile Driver+1","Doom and Gloom"],"picked":"Self Repair","floor":24},{"not_picked":["Leap+1","Compile Driver","Stack"],"picked":"Ball Lightning","floor":28},{"not_picked":["Multi-Cast","Rainbow","Electrodynamics"],"picked":"Buffer","floor":33},{"not_picked":["Aggregate+1","Self Repair","Fusion+1"],"picked":"Ball Lightning+1","floor":35},{"not_picked":["Ball Lightning","Go for the Eyes","Cold Snap"],"picked":"Beam Cell+1","floor":36},{"not_picked":["Go for the Eyes","Scrape","Leap+1"],"picked":"Heatsinks","floor":37},{"not_picked":["Steam+1","Streamline","Hologram+1","Compile Driver+1"],"picked":"SKIP","floor":39},{"not_picked":["Coolheaded","Reprogram","Steam"],"picked":"Thunder Strike","floor":40},{"not_picked":["Ball Lightning+1","Darkness","Sweeping Beam+1"],"picked":"Beam Cell","floor":42},{"not_picked":["Coolheaded+1","Compile Driver","Steam+1","Streamline+1"],"picked":"SKIP","floor":45},{"not_picked":["Redo","Reinforced Body","Barrage+1"],"picked":"Beam Cell+1","floor":46},{"not_picked":["Skim","Compile Driver+1","Sweeping Beam+1","Coolheaded+1"],"picked":"SKIP","floor":48}],"player_experience":12240,"potions_floor_usage":[16,22,37,37,45,50,50],"damage_taken":[{"damage":0.0,"enemies":"Cultist","floor":1.0,"turns":3.0},{"damage":28,"enemies":"Lagavulin","floor":7,"turns":7},{"damage":1,"enemies":"Jaw Worm","floor":10,"turns":3},{"damage":28,"enemies":"3 Sentries","floor":11,"turns":9},{"damage":1,"enemies":"2 Louse","floor":13,"turns":2},{"damage":20,"enemies":"The Guardian","floor":16,"turns":12},{"damage":5,"enemies":"Chosen","floor":18,"turns":3},{"damage":4,"enemies":"Shell Parasite","floor":19,"turns":3},{"damage":17,"enemies":"Centurion and Healer","floor":22,"turns":3},{"damage":8,"enemies":"Gremlin Leader","floor":23,"turns":4},{"damage":1,"enemies":"Snake Plant","floor":24,"turns":3},{"damage":2,"enemies":"Snecko","floor":28,"turns":3},{"damage":28,"enemies":"Collector","floor":33,"turns":3},{"damage":13,"enemies":"3 Darklings","floor":35,"turns":3},{"damage":4,"enemies":"3 Shapes","floor":36,"turns":4},{"damage":0,"enemies":"Transient","floor":37,"turns":5},{"damage":12,"enemies":"Maw","floor":39,"turns":5},{"damage":20,"enemies":"Spire Growth","floor":40,"turns":4},{"damage":3,"enemies":"Transient","floor":42,"turns":5},{"damage":30,"enemies":"Flame Bruiser 2 Orb","floor":45,"turns":3},{"damage":7,"enemies":"Sphere and 2 Shapes","floor":46,"turns":4},{"damage":16,"enemies":"Spire Growth","floor":48,"turns":4},{"damage":46,"enemies":"Donu and Deca","floor":50,"turns":5}],"relics_obtained":[{"floor":7,"key":"Oddly Smooth Stone"},{"floor":9,"key":"Bronze Scales"},{"floor":11,"key":"Calipers"},{"floor":23,"key":"Question Card"},{"floor":26,"key":"Bottled Tornado"},{"floor":43,"key":"Meat on the Bone"}],"event_choices":[{"event_name":"The Cleric","player_choice":"Card Removal","floor":2.0,"damage_taken":0.0},{"event_name":"Big Fish","player_choice":"Box","floor":3.0,"damage_taken":0.0},{"event_name":"Liars Game","player_choice":"disagreed","floor":5,"damage_taken":0},{"event_name":"Golden Wing","player_choice":"Card Removal","floor":14,"damage_taken":0},{"event_name":"The Library","player_choice":"Read","floor":21,"damage_taken":0},{"event_name":"The Mausoleum","player_choice":"Yes","floor":31,"damage_taken":0},{"event_name":"The Moai Head","player_choice":"Heal","floor":41,"damage_taken":0}],"boss_relics":[{"not_picked":["Snecko Eye","Runic Pyramid"],"picked":"Astrolabe"},{"not_picked":["Cursed Key","Orrery"],"picked":"Inserter"}],"items_purged_floors":[20],"potions_floor_spawned":[1,11,13,24,28,36,39,40],"seed_played":"-3316162125119572221","ascension_level":0,"potions_obtained":[{"floor":1.0,"key":"Ancient Potion"},{"floor":11,"key":"SpeedPotion"},{"floor":13,"key":"AttackPotion"},{"floor":24,"key":"SneckoOil"},{"floor":28,"key":"Poison Potion"},{"floor":36,"key":"Poison Potion"},{"floor":39,"key":"EssenceOfSteel"},{"floor":40,"key":"SpeedPotion"}],"is_trial":false}