{"gold_per_floor":[118,68,68,87,110,110,149,149,149,173,173,198,198,217,217,340,340,353,353,347,347,40,40,40,40,40,58,78,11,11],"floor_reached":30,"playtime":1510,"items_purged":[],"score":355,"play_id":"d45ad4a5-eaa9-4925-bed2-abaa220f4387","local_time":"20180715142621","is_ascension_mode":false,"campfire_choices":[{"floor":6,"key":"REST"},{"data":"Zap","floor":8,"key":"SMITH"},{"data":"Darkness","floor":11,"key":"SMITH"},{"floor":15,"key":"REST"},{"floor":23,"key":"REST"},{"data":"Echo Form","floor":25,"key":"SMITH"}],"neow_cost":"","seed_source_timestamp":0,"circlet_count":0,"master_deck":["Strike_B","Strike_B","Defend_B","Defend_B","Defend_B","Defend_B","Zap+1","Dualcast","Cold Snap","Cold Snap","Coolheaded","Darkness+1","Echo Form+1","Coolheaded","Cold Snap","Fission","Multi-Cast","Barrage","Sweeping Beam","Sweeping Beam","Sweeping Beam","Capacitor","Sweeping Beam+1","Leap","Consume"],"relics":["Cracked Core","Golden Idol","Blue Candle","Strawberry","Orrery","FaceOfCleric","Sundial","Singing Bowl"],"potions_floor_usage":[7,16,16,27,30,30],"damage_taken":[{"damage":4,"enemies":"Small Slimes","floor":1,"turns":4},{"damage":6,"enemies":"Jaw Worm","floor":4,"turns":3},{"damage":0,"enemies":"2 Louse","floor":5,"turns":2},{"damage":8,"enemies":"3 Sentries","floor":7,"turns":8},{"damage":3,"enemies":"Exordium Thugs","floor":10,"turns":4},{"damage":6,"enemies":"2 Fungi Beasts","floor":12,"turns":3},{"damage":21,"enemies":"Exordium Wildlife","floor":14,"turns":4},{"damage":20,"enemies":"Hexaghost","floor":16,"turns":10},{"damage":31,"enemies":"Shell Parasite","floor":18,"turns":9},{"damage":30,"enemies":"2 Thieves","floor":20,"turns":4},{"damage":28,"enemies":"Sentry and Sphere","floor":27,"turns":5},{"damage":21,"enemies":"Snecko","floor":28,"turns":6},{"damage":15,"enemies":"3 Cultists","floor":30,"turns":3}],"seed_played":"8383461731093326549","potions_obtained":[{"floor":4,"key":"Explosive Potion"},{"floor":5,"key":"Strength Potion"},{"floor":7,"key":"SkillPotion"},{"floor":14,"key":"FairyPotion"},{"floor":20,"key":"EntropicBrew"},{"floor":27,"key":"Strength Potion"},{"floor":28,"key":"PowerPotion"}],"is_trial":true,"path_per_floor":["M","?","?","M","M","R","E","R","T","M","R","M","?","M","R","B",null,"M","?","M","?","$","R","$","R","T","M","M","$"],"character_chosen":"DEFECT","items_purchased":["Sundial","Consume"],"campfire_rested":3,"item_purchase_floors":[22,29],"current_hp_per_floor":[71,71,53,47,47,69,61,61,68,65,65,59,52,31,55,35,82,51,51,22,22,22,46,46,46,46,19,11,11,0],"gold":11,"neow_bonus":"","is_prod":false,"is_daily":false,"chose_seed":false,"campfire_upgraded":3,"win_rate":0,"timestamp":1531679181,"path_taken":["M","?","?","M","?","R","E","R","T","M","R","M","?","M","R","BOSS","M","?","M","?","$","R","$","R","T","?","M","?","M"],"build_version":"2018-07-12","purchased_purges":0,"victory":false,"max_hp_per_floor":[75,75,75,75,75,75,75,75,82,82,82,82,82,82,82,82,82,82,82,83,83,83,83,83,83,83,84,87,87,87],"card_choices":[{"not_picked":["Conserve Battery","Heatsinks"],"picked":"Cold Snap","floor":1},{"not_picked":["Leap","Lockon"],"picked":"Cold Snap","floor":4},{"not_picked":["Redo","Sweeping Beam"],"picked":"Coolheaded","floor":5},{"not_picked":["Sweeping Beam","Ball Lightning"],"picked":"Darkness","floor":7},{"not_picked":["Rip and Tear","Hologram"],"picked":"Echo Form","floor":10},{"not_picked":["Stack","Cold Snap"],"picked":"Coolheaded","floor":12},{"not_picked":["Beam Cell","Fusion"],"picked":"Cold Snap","floor":14},{"not_picked":["Rainbow","Meteor Strike"],"picked":"Fission","floor":16},{"not_picked":["Doom and Gloom","Recycle"],"picked":"Multi-Cast","floor":17},{"not_picked":["Steam","Go for the Eyes"],"picked":"Barrage","floor":17},{"not_picked":["Turbo","Aggregate"],"picked":"Sweeping Beam","floor":17},{"not_picked":["Rip and Tear","Beam Cell"],"picked":"Sweeping Beam","floor":17},{"not_picked":["Go for the Eyes","Stack"],"picked":"Sweeping Beam","floor":17},{"not_picked":["Leap+1","Aggregate"],"picked":"Capacitor","floor":18},{"not_picked":["Rebound","Ball Lightning"],"picked":"Sweeping Beam+1","floor":20},{"not_picked":["Turbo","Sweeping Beam"],"picked":"Leap","floor":27},{"not_picked":["Recycle+1","Streamline","Hello World+1"],"picked":"Singing Bowl","floor":28}],"player_experience":1118247,"relics_obtained":[{"floor":7,"key":"Blue Candle"},{"floor":9,"key":"Strawberry"},{"floor":26,"key":"Singing Bowl"}],"event_choices":[{"event_name":"The Cleric","player_choice":"Card Removal","floor":2,"damage_taken":0},{"event_name":"Golden Idol","player_choice":"Take Damage","floor":3,"damage_taken":0},{"event_name":"Golden Wing","player_choice":"Card Removal","floor":13,"damage_taken":0},{"event_name":"FaceTrader","player_choice":"Trade","floor":19,"damage_taken":0},{"event_name":"Vampires","player_choice":"Ignored","floor":21,"damage_taken":0}],"boss_relics":[{"not_picked":["Black Star","Astrolabe"],"picked":"Orrery"}],"items_purged_floors":[],"is_endless":true,"potions_floor_spawned":[4,5,7,14,20,27,28],"killed_by":"3 Cultists","ascension_level":0}