{"path_per_floor":["M","?","M","M","?","E","R","$","T","R","M","M","E","?","R","B",null,"M","?","M","$","?","R","E","?","T","R","E","M","R","?","R","B",null,"M","M","?","?","M","R","?","M","T","R","E","M","E","M","R","B"],"character_chosen":"THE_SILENT","items_purchased":["Juzu Bracelet","Apotheosis"],"gold_per_floor":[110,185,195,207,207,235,235,3,57,57,69,84,114,114,114,211,211,229,229,246,56,56,56,85,85,154,154,189,204,204,204,204,299,299,314,334,334,334,344,344,0,10,10,10,43,59,87,105,105,105],"floor_reached":51,"campfire_rested":2,"playtime":6832,"item_purchase_floors":[],"current_hp_per_floor":[68,57,44,44,44,22,28,28,28,32,32,32,26,26,53,45,75,63,63,63,63,63,71,58,58,58,66,44,36,44,69,75,75,75,75,74,65,65,62,72,72,64,64,75,75,75,62,51,75,40],"items_purged":["Defend_G"],"gold":105,"score":728,"play_id":"ecb6b1c4-57e9-44e5-a624-08e67a8952b2","local_time":"20180606022733","is_prod":false,"is_daily":false,"chose_seed":false,"is_ascension_mode":false,"campfire_upgraded":8,"win_rate":0,"timestamp":1528244853,"campfire_choices":[{"data":"Neutralize","floor":7.0,"key":"SMITH"},{"data":"Dodge and Roll","floor":10.0,"key":"SMITH"},{"floor":15.0,"key":"REST"},{"data":"Apotheosis","floor":23.0,"key":"SMITH"},{"data":"After Image","floor":27.0,"key":"SMITH"},{"data":"Adrenaline","floor":30.0,"key":"SMITH"},{"data":"Footwork","floor":32.0,"key":"SMITH"},{"data":"Calculated Gamble","floor":40.0,"key":"SMITH"},{"data":"Outmaneuver","floor":44.0,"key":"SMITH"},{"floor":49,"key":"REST"}],"path_taken":["M","?","M","M","?","E","R","$","T","R","M","M","E","?","R","BOSS","M","?","M","$","?","R","E","?","T","R","E","M","R","?","R","BOSS","M","M","?","?","M","R","?","M","T","R","E","M","E","M","R","BOSS"],"build_version":"2018-05-30v2","seed_source_timestamp":273229473341783,"purchased_purges":1,"victory":true,"master_deck":["Defend_G","Defend_G","Defend_G","Strike_G","Strike_G","Strike_G","Survivor","Neutralize+1","Outmaneuver+1","Dodge and Roll+1","Slice","Flying Knee","Quick Slash","After Image+1","Footwork+1","Adrenaline+1","Prepared+1","Blur","Calculated Gamble+1","Apotheosis+1","Phantasmal Killer+1","PiercingWail+1","Acrobatics+1","A Thousand Cuts+1","Prepared+1","Underhanded Strike+1","Madness+1","Madness+1","Terror+1","Acrobatics+1","Noxious Fumes+1","Predator+1","Blur+1","Underhanded Strike+1"],"max_hp_per_floor":[70,70,70,70,70,70,70,70,70,70,70,70,70,70,70,75,75,75,75,75,75,75,75,75,75,75,75,75,75,75,75,75,75,75,75,75,75,75,75,75,75,75,75,75,75,75,75,75,75,75],"relics":["Eternal Feather","Bronze Scales","Juzu Bracelet","Toolbox","Black Star","Nloth\u0027s Gift","Toxic Egg 2","Centennial Puzzle","Happy Flower","Frozen Egg 2","Darkstone Periapt","Dodecahedron","Lizard Tail","Red Mask","Meat on the Bone","Gremlin Horn","Ornamental Fan","Shuriken","Bottled Lightning"],"card_choices":[{"not_picked":["Flechettes","Prepared"],"picked":"Outmaneuver","floor":1.0},{"not_picked":["Prepared","Bouncing Flask"],"picked":"Dodge and Roll","floor":3.0},{"not_picked":["Prepared","Underhanded Strike"],"picked":"Slice","floor":4.0},{"not_picked":["Finisher","Leg Sweep"],"picked":"Flying Knee","floor":6.0},{"not_picked":["Deadly Poison","Bouncing Flask"],"picked":"Quick Slash","floor":11.0},{"not_picked":["Sucker Punch","Skewer"],"picked":"After Image","floor":12.0},{"not_picked":["Acrobatics","Sucker Punch"],"picked":"Footwork","floor":13.0},{"not_picked":["Venomology","Corpse Explosion"],"picked":"Adrenaline","floor":16.0},{"not_picked":["Deflect+1","Terror"],"picked":"Prepared+1","floor":18.0},{"not_picked":["Predator","Quick Slash"],"picked":"Calculated Gamble","floor":20.0},{"not_picked":["Underhanded Strike","Poisoned Stab"],"picked":"Phantasmal Killer","floor":24.0},{"not_picked":["Underhanded Strike","Flying Knee"],"picked":"PiercingWail+1","floor":28.0},{"not_picked":["Endless Agony","Dagger Spray"],"picked":"Acrobatics+1","floor":29.0},{"not_picked":["Envenom+1","Wraith Form v2+1"],"picked":"A Thousand Cuts+1","floor":33.0},{"not_picked":["Poisoned Stab+1","Sucker Punch+1"],"picked":"Prepared+1","floor":35.0},{"not_picked":["Quick Slash","Malaise+1"],"picked":"Underhanded Strike+1","floor":36.0},{"not_picked":["Unload","Quick Slash+1"],"picked":"Terror+1","floor":39.0},{"not_picked":["Slice+1","Dash+1"],"picked":"Acrobatics+1","floor":42.0},{"not_picked":["Dagger Throw","PiercingWail+1"],"picked":"Noxious Fumes+1","floor":45.0},{"not_picked":["Flying Knee","Slice+1"],"picked":"Predator+1","floor":46.0},{"not_picked":["Envenom+1","Quick Slash"],"picked":"Blur+1","floor":47},{"not_picked":["Slice","Deadly Poison+1"],"picked":"Underhanded Strike+1","floor":48}],"player_experience":37096,"potions_floor_usage":[47],"damage_taken":[{"damage":2.0,"enemies":"Small Slimes","floor":1.0,"turns":5.0},{"damage":13.0,"enemies":"Jaw Worm","floor":3.0,"turns":9.0},{"damage":0.0,"enemies":"Cultist","floor":4.0,"turns":5.0},{"damage":22.0,"enemies":"3 Sentries","floor":6.0,"turns":16.0},{"damage":0.0,"enemies":"Looter","floor":11.0,"turns":3.0},{"damage":0.0,"enemies":"2 Fungi Beasts","floor":12.0,"turns":3.0},{"damage":6.0,"enemies":"Lagavulin","floor":13.0,"turns":8.0},{"damage":13.0,"enemies":"Slime Boss","floor":16.0,"turns":19.0},{"damage":12.0,"enemies":"Shell Parasite","floor":18.0,"turns":8.0},{"damage":0.0,"enemies":"Spheric Guardian","floor":20.0,"turns":5.0},{"damage":13.0,"enemies":"Slavers","floor":24.0,"turns":9.0},{"damage":22.0,"enemies":"Gremlin Leader","floor":28.0,"turns":8.0},{"damage":8.0,"enemies":"Cultist and Chosen","floor":29.0,"turns":10.0},{"damage":2.0,"enemies":"Automaton","floor":33.0,"turns":14.0},{"damage":0.0,"enemies":"Flame Bruiser 1 Orb","floor":35.0,"turns":5.0},{"damage":1.0,"enemies":"3 Darklings","floor":36.0,"turns":5.0},{"damage":3.0,"enemies":"Maw","floor":39.0,"turns":8.0},{"damage":8.0,"enemies":"4 Shapes","floor":42.0,"turns":9.0},{"damage":0.0,"enemies":"Nemesis","floor":45.0,"turns":7.0},{"damage":0.0,"enemies":"Spire Growth","floor":46.0,"turns":6.0},{"damage":22,"enemies":"2 Orb Walkers","floor":47,"turns":6},{"damage":11,"enemies":"3 Darklings","floor":48,"turns":4},{"damage":35,"enemies":"Time Eater","floor":50,"turns":10}],"relics_obtained":[{"floor":6.0,"key":"Bronze Scales"},{"floor":9.0,"key":"Ancient Tea Set"},{"floor":13.0,"key":"Toolbox"},{"floor":24.0,"key":"Toxic Egg 2"},{"floor":24.0,"key":"Centennial Puzzle"},{"floor":26.0,"key":"Frozen Egg 2"},{"floor":28.0,"key":"Darkstone Periapt"},{"floor":28.0,"key":"Dodecahedron"},{"floor":43.0,"key":"Meat on the Bone"},{"floor":45.0,"key":"Gremlin Horn"},{"floor":45.0,"key":"Ornamental Fan"},{"floor":47,"key":"Shuriken"},{"floor":47,"key":"Bottled Lightning"}],"event_choices":[{"event_name":"World of Goop","player_choice":"Gather Gold","floor":2.0,"damage_taken":0.0},{"event_name":"Bonfire Elementals","player_choice":"BASIC","floor":5.0,"damage_taken":0.0},{"event_name":"The Lab","player_choice":"Got Potions","floor":14.0,"damage_taken":0.0},{"event_name":"Transmorgrifier","player_choice":"Transform","floor":19.0,"damage_taken":0.0},{"event_name":"N\u0027loth","player_choice":"Traded a Ancient Tea Set","floor":22.0,"damage_taken":0.0},{"event_name":"The Mausoleum","player_choice":"Yes","floor":25.0,"damage_taken":0.0},{"event_name":"The Library","player_choice":"Heal","floor":31.0,"damage_taken":0.0},{"event_name":"Winding Halls","player_choice":"Embrace Madness","floor":37.0,"damage_taken":0.0},{"event_name":"Tomb of Lord Red Mask","player_choice":"Paid","floor":41.0,"damage_taken":0.0}],"boss_relics":[],"items_purged_floors":[],"potions_floor_spawned":[1,3,11,24,28,29,35,42,45,46],"seed_played":"5588321322103012196","ascension_level":0,"potions_obtained":[{"floor":1.0,"key":"Swift Potion"},{"floor":3.0,"key":"Block Potion"},{"floor":11.0,"key":"Strength Potion"},{"floor":14.0,"key":"EssenceOfSteel"},{"floor":14.0,"key":"Fruit Juice"},{"floor":24.0,"key":"Regen Potion"},{"floor":28.0,"key":"SteroidPotion"},{"floor":29.0,"key":"Fire Potion"},{"floor":35.0,"key":"Dexterity Potion"},{"floor":42.0,"key":"Block Potion"},{"floor":45.0,"key":"Swift Potion"},{"floor":46.0,"key":"Regen Potion"}],"is_trial":false}