{"path_per_floor":["M","?","M","M","$","R","M","R","T","M","M","?","T","M","R","B",null,"M","?","?","?","M","R","M","$","T","R","M","M","$"],"character_chosen":"DEFECT","items_purchased":["Cold Snap","Apotheosis","Defragment"],"gold_per_floor":[109,59,72,85,33,33,52,52,52,63,81,109,136,153,153,249,249,261,261,261,261,280,280,298,31,58,58,70,90,15,15],"floor_reached":31,"campfire_rested":1,"playtime":1627,"item_purchase_floors":[5,25,25],"current_hp_per_floor":[75,75,75,75,75,75,70,70,70,70,63,60,60,41,63,18,80,80,80,80,80,64,64,66,66,66,66,45,16,16,0],"items_purged":["Strike_B+1"],"gold":15,"score":263,"play_id":"655e676a-d086-4ec9-955e-fc90282ec920","local_time":"20180614205213","is_prod":false,"is_daily":false,"chose_seed":false,"is_ascension_mode":true,"campfire_upgraded":4,"win_rate":0,"timestamp":1529023933,"campfire_choices":[{"data":"Dualcast","floor":6,"key":"SMITH"},{"data":"Echo Form","floor":8,"key":"SMITH"},{"floor":15,"key":"REST"},{"data":"Defragment","floor":23,"key":"SMITH"},{"data":"Apotheosis","floor":27,"key":"SMITH"}],"path_taken":["M","?","M","?","$","R","M","R","T","M","M","?","?","M","R","BOSS","M","?","?","?","M","R","M","$","T","R","M","M","?","M"],"build_version":"2018-06-07v3","seed_source_timestamp":61664214661449,"purchased_purges":1,"victory":false,"master_deck":["Strike_B+1","Defend_B+1","Defend_B+1","Defend_B+1","Defend_B+1","Zap","Dualcast+1","Blizzard","Stack","Cold Snap","Echo Form+1","Coolheaded","Chill","Electrodynamics","Defragment+1","Capacitor","Apotheosis+1","Defragment","Decay","Streamline+1","Cold Snap+1"],"max_hp_per_floor":[75,75,75,75,75,75,75,75,75,75,75,75,75,75,75,80,80,80,80,80,80,80,80,80,80,80,80,80,80,80,80],"relics":["Cracked Core","Mercury Hourglass","Odd Mushroom","Blood Vial","Cursed Key","Bag of Marbles"],"card_choices":[{"not_picked":["Steam","Beam Cell"],"picked":"Blizzard","floor":1},{"not_picked":["Tempest","Barrage"],"picked":"Stack","floor":3},{"not_picked":["Storm","Barrage","Rebound"],"picked":"SKIP","floor":4},{"not_picked":["Hologram","Redo"],"picked":"Echo Form","floor":7},{"not_picked":["Beam Cell","Turbo"],"picked":"Coolheaded","floor":10},{"not_picked":["BootSequence","Cold Snap"],"picked":"Chill","floor":11},{"not_picked":["Storm","Compile Driver","Turbo"],"picked":"SKIP","floor":14},{"not_picked":["Multi-Cast","Biased Cognition"],"picked":"Electrodynamics","floor":16},{"not_picked":["Barrage","Go for the Eyes+1","Compile Driver"],"picked":"SKIP","floor":18},{"not_picked":["Redo","Gash+1"],"picked":"Capacitor","floor":22},{"not_picked":["Beam Cell+1","Sweeping Beam","White Noise"],"picked":"SKIP","floor":24},{"not_picked":["Force Field+1","Gash"],"picked":"Streamline+1","floor":28},{"not_picked":["Streamline","Ball Lightning"],"picked":"Cold Snap+1","floor":29}],"player_experience":546910,"potions_floor_usage":[14,16,16,16],"damage_taken":[{"damage":0,"enemies":"Small Slimes","floor":1,"turns":3},{"damage":0,"enemies":"2 Louse","floor":3,"turns":3},{"damage":0,"enemies":"Cultist","floor":4,"turns":3},{"damage":5,"enemies":"Red Slaver","floor":7,"turns":4},{"damage":0,"enemies":"Large Slime","floor":10,"turns":6},{"damage":7,"enemies":"Looter","floor":11,"turns":3},{"damage":3,"floor":12,"turns":4},{"damage":21,"enemies":"3 Louse","floor":14,"turns":3},{"damage":52,"enemies":"Hexaghost","floor":16,"turns":15},{"damage":0,"enemies":"Spheric Guardian","floor":18,"turns":4},{"damage":16,"enemies":"Chosen","floor":22,"turns":6},{"damage":0,"enemies":"Snecko","floor":24,"turns":5},{"damage":23,"enemies":"Centurion and Healer","floor":28,"turns":4},{"damage":31,"enemies":"Cultist and Chosen","floor":29,"turns":6},{"damage":22,"enemies":"Snake Plant","floor":31,"turns":2}],"relics_obtained":[{"floor":9,"key":"Mercury Hourglass"},{"floor":12,"key":"Odd Mushroom"},{"floor":13,"key":"Blood Vial"},{"floor":26,"key":"Bag of Marbles"}],"event_choices":[{"event_name":"The Cleric","player_choice":"Card Removal","floor":2,"damage_taken":0},{"event_name":"Mushrooms","player_choice":"Fought Mushrooms","floor":12,"damage_taken":0},{"event_name":"Back to Basics","player_choice":"Simplicity","floor":19,"damage_taken":0},{"event_name":"The Library","player_choice":"Read","floor":20,"damage_taken":0},{"event_name":"The Woman in Blue","player_choice":"Bought 0 Potions","floor":21,"damage_taken":0}],"boss_relics":[{"not_picked":["Velvet Choker","Calling Bell"],"picked":"Cursed Key"}],"items_purged_floors":[30],"potions_floor_spawned":[3,7,12,14,28,29],"seed_played":"4120627327784636336","killed_by":"Snake Plant","ascension_level":3,"potions_obtained":[{"floor":3,"key":"PowerPotion"},{"floor":7,"key":"Weak Potion"},{"floor":12,"key":"Weak Potion"},{"floor":14,"key":"Fruit Juice"},{"floor":28,"key":"SpeedPotion"},{"floor":29,"key":"SteroidPotion"}],"is_trial":false}