{"path_per_floor":["M","?","M","M","M","R","M","M","T","$","?","E","$","M","R","B",null,"M","?","?","$","M","R","E","R","T","$","E","$","R","M","R","B",null,"M","M","$","?","M","M","?","R","T","R","M","M","M","M","R","B"],"character_chosen":"THE_SILENT","items_purchased":["Noxious Fumes","Oddly Smooth Stone","Block Potion"],"gold_per_floor":[219,219,229,243,255,255,266,284,284,27,27,57,57,77,77,173,173,185,365,280,180,192,192,222,222,222,46,77,77,77,91,91,196,196,210,220,70,119,136,146,146,146,146,146,156,171,183,193,193,193],"floor_reached":51,"campfire_rested":3,"playtime":10120,"item_purchase_floors":[10,10,27],"current_hp_per_floor":[70,70,70,68,67,67,55,55,55,55,55,55,55,53,53,65,70,40,19,19,19,19,40,19,40,40,40,40,40,40,40,40,21,70,67,67,67,47,47,42,42,42,42,42,42,14,14,8,29,42],"items_purged":["Defend_G","Strike_G","Strike_G","Strike_G"],"gold":193,"score":691,"play_id":"14ed0847-c449-42dc-82bf-fb291e315671","local_time":"20180625034357","is_prod":false,"is_daily":false,"chose_seed":false,"is_ascension_mode":false,"campfire_upgraded":6,"win_rate":0.0,"timestamp":1529916237,"campfire_choices":[{"data":"Doppelganger","floor":6,"key":"SMITH"},{"data":"Noxious Fumes","floor":15,"key":"SMITH"},{"floor":23,"key":"REST"},{"floor":25,"key":"REST"},{"data":"Well Laid Plans","floor":30,"key":"SMITH"},{"data":"Noxious Fumes","floor":32,"key":"SMITH"},{"data":"Prepared","floor":42,"key":"SMITH"},{"data":"After Image","floor":44,"key":"SMITH"},{"floor":49,"key":"REST"}],"path_taken":["M","?","M","M","M","R","M","M","T","$","?","E","$","M","R","BOSS","M","?","?","$","M","R","E","R","T","$","E","?","R","M","R","BOSS","M","M","$","?","M","M","?","R","T","R","?","M","M","?","R","BOSS"],"build_version":"2018-06-21","seed_source_timestamp":475982917184573,"purchased_purges":4,"circlet_count":0,"victory":true,"master_deck":["Defend_G+1","Defend_G","Defend_G","Strike_G","Strike_G","Survivor","Neutralize+1","Backflip+1","Backflip","Doppelganger+1","Backflip","Well Laid Plans+1","Bouncing Flask","Noxious Fumes+1","Blade Dance","Escape Plan","Prepared+1","Night Terror","Dash","After Image+1","Noxious Fumes+1","Terror+1","After Image","PiercingWail+1","Footwork+1","Blur+1","Outmaneuver+1","Doppelganger+1","Crippling Poison+1"],"max_hp_per_floor":[70,70,70,70,70,70,70,70,70,70,70,70,70,70,70,70,70,70,70,70,70,70,70,70,70,70,70,70,70,70,70,70,70,70,70,70,70,70,70,70,70,70,70,70,70,70,70,70,70,75],"relics":["Ring of the Snake","War Paint","Oddly Smooth Stone","Pantograph","Snecko Eye","Potion Belt","Kunai","Bronze Scales","Toxic Egg 2","Philosopher\u0027s Stone","Girya","Mercury Hourglass"],"card_choices":[{"not_picked":["Heel Hook","Flying Knee"],"picked":"Backflip","floor":1},{"not_picked":["Acrobatics","Masterful Stab"],"picked":"Backflip","floor":3},{"not_picked":["Slice","Deadly Poison"],"picked":"Doppelganger","floor":4},{"not_picked":["Choke","Deadly Poison"],"picked":"Backflip","floor":5},{"not_picked":["Choke","Quick Slash"],"picked":"Well Laid Plans","floor":7},{"not_picked":["Dodge and Roll","Sucker Punch"],"picked":"Bouncing Flask","floor":8},{"not_picked":["Poisoned Stab","Bouncing Flask"],"picked":"Escape Plan","floor":12},{"not_picked":["Poisoned Stab","Backflip"],"picked":"Prepared","floor":14},{"not_picked":["Bullet Time","Doppelganger"],"picked":"Night Terror","floor":16},{"not_picked":["Quick Slash+1","Slice"],"picked":"Dash","floor":18},{"not_picked":["Outmaneuver","Masterful Stab+1"],"picked":"After Image","floor":22},{"not_picked":["Backflip+1","Quick Slash+1"],"picked":"Noxious Fumes","floor":24},{"not_picked":["Choke","Eviscerate","Finisher+1"],"picked":"SKIP","floor":28},{"not_picked":["Bouncing Flask+1","Deflect+1"],"picked":"Terror+1","floor":31},{"not_picked":["Burst+1","Night Terror+1"],"picked":"After Image","floor":33},{"not_picked":["Poisoned Stab","Endless Agony"],"picked":"PiercingWail+1","floor":35},{"not_picked":["Dagger Spray","Distraction+1"],"picked":"Footwork+1","floor":36},{"not_picked":["Dodge and Roll+1","Deflect+1","Noxious Fumes"],"picked":"SKIP","floor":39},{"not_picked":["Dagger Throw+1","Deflect+1"],"picked":"Blur+1","floor":40},{"not_picked":["Slice","Poisoned Stab+1"],"picked":"Outmaneuver+1","floor":45},{"not_picked":["Deadly Poison+1","Bouncing Flask+1"],"picked":"Doppelganger+1","floor":46},{"not_picked":["Endless Agony+1","Slice","Prepared+1"],"picked":"SKIP","floor":47},{"not_picked":["Well Laid Plans+1","Acrobatics+1"],"picked":"Crippling Poison+1","floor":48}],"player_experience":34140,"potions_floor_usage":[7,18,24,24,28,40,40,46,48,50],"damage_taken":[{"damage":0,"enemies":"Jaw Worm","floor":1,"turns":7},{"damage":0,"enemies":"Cultist","floor":3,"turns":5},{"damage":2,"enemies":"Small Slimes","floor":4,"turns":6},{"damage":1,"enemies":"Exordium Wildlife","floor":5,"turns":4},{"damage":12,"enemies":"Exordium Thugs","floor":7,"turns":10},{"damage":0,"enemies":"Large Slime","floor":8,"turns":7},{"damage":0,"enemies":"Lagavulin","floor":12,"turns":6},{"damage":2,"enemies":"3 Louse","floor":14,"turns":4},{"damage":5,"enemies":"Slime Boss","floor":16,"turns":8},{"damage":30,"enemies":"Chosen","floor":18,"turns":6},{"damage":0,"enemies":"3 Byrds","floor":22,"turns":4},{"damage":36,"enemies":"Slavers","floor":24,"turns":7},{"damage":0,"enemies":"Book of Stabbing","floor":28,"turns":5},{"damage":0,"enemies":"Snecko","floor":31,"turns":5},{"damage":44,"enemies":"Champ","floor":33,"turns":12},{"damage":3,"enemies":"Orb Walker","floor":35,"turns":5},{"damage":0,"enemies":"Flame Bruiser 1 Orb","floor":36,"turns":7},{"damage":20,"floor":38,"turns":5},{"damage":0,"enemies":"Spire Growth","floor":39,"turns":6},{"damage":5,"enemies":"4 Shapes","floor":40,"turns":4},{"damage":0,"enemies":"3 Darklings","floor":45,"turns":5},{"damage":43,"enemies":"Transient","floor":46,"turns":5},{"damage":0,"enemies":"Spire Growth","floor":47,"turns":7},{"damage":6,"enemies":"Maw","floor":48,"turns":8},{"damage":17,"enemies":"Donu and Deca","floor":50,"turns":10}],"relics_obtained":[{"floor":9,"key":"War Paint"},{"floor":12,"key":"Pantograph"},{"floor":24,"key":"Kunai"},{"floor":26,"key":"Bronze Scales"},{"floor":28,"key":"Toxic Egg 2"},{"floor":38,"key":"Girya"},{"floor":43,"key":"Mercury Hourglass"}],"event_choices":[{"event_name":"Upgrade Shrine","player_choice":"Upgraded","floor":2,"damage_taken":0},{"event_name":"Match and Keep!","player_choice":"1 cards matched","floor":11,"damage_taken":0},{"event_name":"Knowing Skull","player_choice":"GOLD GOLD ","floor":19,"damage_taken":0},{"event_name":"Addict","player_choice":"Obtained Relic","floor":20,"damage_taken":0},{"event_name":"Mysterious Sphere","player_choice":"Fight","floor":38,"damage_taken":0},{"event_name":"Falling","player_choice":"Removed Skill","floor":41,"damage_taken":0}],"boss_relics":[{"not_picked":["Black Star","Runic Dome"],"picked":"Snecko Eye"},{"not_picked":["Tiny House","Calling Bell"],"picked":"Philosopher\u0027s Stone"}],"items_purged_floors":[10,21,27,37],"is_endless":false,"potions_floor_spawned":[4,7,8,14,16,18,33,36,39,40,47],"seed_played":"7899125131653789406","ascension_level":0,"potions_obtained":[{"floor":4,"key":"Explosive Potion"},{"floor":7,"key":"GhostInAJar"},{"floor":8,"key":"Explosive Potion"},{"floor":14,"key":"Regen Potion"},{"floor":18,"key":"GamblersBrew"},{"floor":33,"key":"Fire Potion"},{"floor":36,"key":"Explosive Potion"},{"floor":39,"key":"LiquidBronze"},{"floor":40,"key":"Regen Potion"},{"floor":47,"key":"Fruit Juice"}],"is_trial":false}