{"gold_per_floor":[19,19,33,33,50,76,90,121,121,121,46,71,88,106,106,210,210,223,237,237,251,271,299,299,328,352,352,386,405,424,347,347,449,449,461,477,477],"floor_reached":37,"playtime":3546,"items_purged":["Strike_G"],"score":578,"play_id":"bd3f29ed-e4c7-42f0-b8cc-5f6058247f2e","local_time":"20180628033937","is_ascension_mode":true,"campfire_choices":[{"data":"Neutralize","floor":10,"key":"SMITH"},{"data":"Tools of the Trade","floor":15,"key":"SMITH"},{"floor":24,"key":"REST"},{"floor":27,"key":"REST"},{"floor":32,"key":"REST"}],"neow_cost":"NO_GOLD","seed_source_timestamp":106610514777050,"circlet_count":0,"master_deck":["Defend_G","Defend_G","Defend_G","Strike_G","Strike_G","Strike_G","Survivor","Neutralize+1","Heel Hook","Dash","Predator","Well Laid Plans","Sucker Punch","Tools of the Trade+1","Choke","Finisher","A Thousand Cuts","Flying Knee","Dagger Spray","RitualDagger","Underhanded Strike","All Out Attack","Leg Sweep+1","PiercingWail","Blur","J.A.X.","Backflip+1","Die Die Die","Reflex+1"],"relics":["Ring of the Snake","Ninja Scroll","Pen Nib","Pantograph","Sundial","Sozu","Matryoshka","Blood Vial","Toolbox","Dream Catcher","Oddly Smooth Stone","Fusion Hammer"],"potions_floor_usage":[12,23,23,23],"damage_taken":[{"damage":0,"enemies":"Jaw Worm","floor":1,"turns":5},{"damage":4,"enemies":"2 Louse","floor":3,"turns":3},{"damage":0,"enemies":"Cultist","floor":5,"turns":3},{"damage":23,"enemies":"Gremlin Nob","floor":6,"turns":5},{"damage":0,"enemies":"Looter","floor":7,"turns":2},{"damage":3,"enemies":"3 Sentries","floor":8,"turns":7},{"damage":0,"enemies":"Lagavulin","floor":12,"turns":5},{"damage":1,"enemies":"2 Fungi Beasts","floor":13,"turns":3},{"damage":0,"enemies":"Large Slime","floor":14,"turns":4},{"damage":5,"enemies":"The Guardian","floor":16,"turns":12},{"damage":3,"enemies":"3 Byrds","floor":18,"turns":3},{"damage":2,"enemies":"Shell Parasite","floor":19,"turns":2},{"damage":9,"enemies":"Centurion and Healer","floor":21,"turns":3},{"damage":23,"enemies":"Sentry and Sphere","floor":22,"turns":4},{"damage":26,"enemies":"Book of Stabbing","floor":23,"turns":6},{"damage":10,"enemies":"Slavers","floor":25,"turns":4},{"damage":0,"enemies":"Gremlin Leader","floor":28,"turns":5},{"damage":2,"enemies":"Cultist and Chosen","floor":29,"turns":4},{"damage":13,"enemies":"Slaver and Parasite","floor":30,"turns":4},{"damage":40,"enemies":"Champ","floor":33,"turns":12},{"damage":42,"enemies":"3 Darklings","floor":35,"turns":5},{"damage":14,"enemies":"3 Shapes","floor":36,"turns":3},{"damage":26,"enemies":"Maw","floor":37,"turns":2}],"seed_played":"6246496810356481345","potions_obtained":[{"floor":3,"key":"Explosive Potion"},{"floor":5,"key":"Strength Potion"},{"floor":7,"key":"SpeedPotion"},{"floor":13,"key":"Poison Potion"},{"floor":16,"key":"Strength Potion"}],"is_trial":false,"path_per_floor":["M","?","M","?","M","E","M","E","T","R","$","E","M","M","R","B",null,"M","M","?","M","M","E","R","E","T","R","E","M","M","?","R","B",null,"M","M"],"character_chosen":"THE_SILENT","items_purchased":[],"campfire_rested":3,"item_purchase_floors":[],"current_hp_per_floor":[70,75,71,71,71,48,48,45,45,45,45,45,44,44,44,64,75,72,70,64,55,32,6,28,18,18,40,42,42,31,31,53,39,75,33,21,0],"gold":477,"neow_bonus":"REMOVE_TWO","is_prod":false,"is_daily":false,"chose_seed":false,"campfire_upgraded":2,"win_rate":0,"timestamp":1530175177,"path_taken":["M","?","M","?","M","E","M","E","T","R","$","E","M","M","R","BOSS","M","M","?","M","M","E","R","E","T","R","E","M","?","?","R","BOSS","M","M","M"],"build_version":"2018-06-26","purchased_purges":1,"victory":false,"max_hp_per_floor":[70,75,75,75,75,75,75,75,75,75,75,75,75,75,75,75,75,75,75,75,75,75,75,75,75,75,75,75,75,75,75,75,75,75,75,75,75],"card_choices":[{"not_picked":["Prepared","Terror"],"picked":"Heel Hook","floor":1},{"not_picked":["Finisher","Deadly Poison"],"picked":"Dash","floor":3},{"not_picked":["Bouncing Flask","Acrobatics"],"picked":"Predator","floor":5},{"not_picked":["Bane","Heel Hook"],"picked":"Well Laid Plans","floor":6},{"not_picked":["Dodge and Roll","Caltrops"],"picked":"Sucker Punch","floor":7},{"not_picked":["Predator","Endless Agony","Reflex"],"picked":"SKIP","floor":8},{"not_picked":["Calculated Gamble","Dagger Throw"],"picked":"Tools of the Trade","floor":12},{"not_picked":["Backflip","Backstab"],"picked":"Choke","floor":13},{"not_picked":["Reflex","Bouncing Flask"],"picked":"Finisher","floor":14},{"not_picked":["Bullet Time","Tools of the Trade"],"picked":"A Thousand Cuts","floor":16},{"not_picked":["Deadly Poison","Endless Agony"],"picked":"Flying Knee","floor":18},{"not_picked":["Acrobatics","Predator"],"picked":"Dagger Spray","floor":19},{"not_picked":["Sucker Punch","Flying Knee"],"picked":"Underhanded Strike","floor":21},{"not_picked":["Dodge and Roll","Catalyst","Sucker Punch"],"picked":"SKIP","floor":22},{"not_picked":["Outmaneuver","Deadly Poison+1","Crippling Poison"],"picked":"SKIP","floor":23},{"not_picked":["A Thousand Cuts","Slice","Bane"],"picked":"SKIP","floor":25},{"not_picked":["Deflect","Masterful Stab"],"picked":"All Out Attack","floor":27},{"not_picked":["Noxious Fumes+1","Dagger Throw+1"],"picked":"Leg Sweep+1","floor":28},{"not_picked":["Deflect+1","Prepared"],"picked":"PiercingWail","floor":29},{"not_picked":["Slice","Choke"],"picked":"Blur","floor":30},{"not_picked":["Crippling Poison","Dodge and Roll"],"picked":"Backflip+1","floor":32},{"not_picked":["Storm of Steel","Bullet Time"],"picked":"Die Die Die","floor":33},{"not_picked":["Underhanded Strike","Calculated Gamble+1"],"picked":"Reflex+1","floor":35},{"not_picked":["Dagger Throw","Crippling Poison+1","Deflect"],"picked":"SKIP","floor":36}],"player_experience":120803,"relics_obtained":[{"floor":6,"key":"Ninja Scroll"},{"floor":8,"key":"Pen Nib"},{"floor":9,"key":"Pantograph"},{"floor":12,"key":"Sundial"},{"floor":23,"key":"Matryoshka"},{"floor":25,"key":"Blood Vial"},{"floor":26,"key":"Toolbox"},{"floor":26,"key":"Dream Catcher"},{"floor":28,"key":"Oddly Smooth Stone"}],"event_choices":[{"event_name":"Big Fish","player_choice":"Donut","floor":2,"damage_taken":0},{"event_name":"Purifier","player_choice":"One Purge","floor":4,"damage_taken":0},{"event_name":"Nest","player_choice":"Joined the Cult","floor":20,"damage_taken":0},{"event_name":"Drug Dealer","player_choice":"Got JAXXED","floor":31,"damage_taken":0}],"boss_relics":[{"not_picked":["Pandora\u0027s Box","Runic Pyramid"],"picked":"Sozu"},{"not_picked":["Runic Dome","Cursed Key"],"picked":"Fusion Hammer"}],"items_purged_floors":[11],"is_endless":false,"potions_floor_spawned":[3,5,7,13,14,16,19,22,25,28,29,35,36],"killed_by":"Maw","ascension_level":3}