{"path_per_floor":["M","M","$","M","M","E","$","R","T","M","M","$","R","?","R","B",null,"M","?","?","?","$","R","E","R","T","M","M","M","M","$","R","B",null,"M","M"],"character_chosen":"DEFECT","items_purchased":["Redo","Storm","Gash","Gash","Hello World","Stack","Cold Snap","Flash of Steel"],"gold_per_floor":[115,126,3,15,28,63,24,24,24,40,50,27,27,87,87,192,192,202,202,202,202,0,0,32,32,57,73,87,106,125,29,29,125,155,168,181,181],"floor_reached":37,"campfire_rested":5,"playtime":3628,"item_purchase_floors":[3,7,12,22,22,22,22,31],"current_hp_per_floor":[68,59,59,59,53,39,39,61,61,51,47,47,69,45,67,54,75,44,75,75,61,61,80,48,58,58,57,55,68,51,51,80,52,85,85,71,0],"items_purged":["Strike_B"],"gold":181,"score":466,"play_id":"4a7c9502-4e93-41db-9aef-d9e12c074c67","local_time":"20180603184044","is_prod":false,"is_daily":false,"chose_seed":false,"is_ascension_mode":false,"campfire_upgraded":1,"win_rate":0,"timestamp":1528065644,"campfire_choices":[{"floor":8,"key":"REST"},{"floor":13,"key":"REST"},{"floor":15,"key":"REST"},{"floor":23,"key":"REST"},{"data":"Hello World","floor":25,"key":"SMITH"},{"floor":32,"key":"REST"}],"path_taken":["M","M","$","M","M","E","$","R","T","M","M","$","R","?","R","BOSS","M","?","?","?","$","R","E","R","T","M","M","?","M","$","R","BOSS","M","M","M"],"build_version":"2018-05-31","seed_source_timestamp":258118439875728,"purchased_purges":1,"victory":false,"master_deck":["Defend_B","Defend_B","Defend_B","Defend_B","Zap","Dualcast","Hyperbeam","Coolheaded","Reinforced Body","Redo","Tempest","Redo","Gash","Storm","Tempest","Gash","Gash","All For One","Cold Snap+1","Bite","Bite","Bite","Bite+1","Bite","Gash","Hello World+1","Stack","Cold Snap","Self Repair+1","Doom and Gloom","Storm","FTL","Gash","Flash of Steel","Rainbow","Loop+1","Undo+1","Sweeping Beam+1"],"max_hp_per_floor":[75,75,75,75,75,75,75,75,75,75,75,75,75,75,75,75,75,75,75,75,80,80,80,80,80,80,80,80,80,80,80,80,80,85,85,85,85],"relics":["Cracked Core","Oddly Smooth Stone","Toolbox","Eternal Feather","Thread and Needle","Anchor","Tiny House"],"card_choices":[{"not_picked":["Streamline","Steam"],"picked":"Coolheaded","floor":1},{"not_picked":["Go for the Eyes","Scrape"],"picked":"Reinforced Body","floor":2},{"not_picked":["Conserve Battery","Barrage"],"picked":"Tempest","floor":4},{"not_picked":["Consume","Gash"],"picked":"Redo","floor":5},{"not_picked":["White Noise","Tempest"],"picked":"Gash","floor":6},{"not_picked":["Consume","Force Field"],"picked":"Rip and Tear","floor":10},{"not_picked":["Redo","Leap"],"picked":"Tempest","floor":11},{"not_picked":["Conserve Battery","Double Energy"],"picked":"Gash","floor":14},{"not_picked":["Seek","Fission"],"picked":"All For One","floor":16},{"not_picked":["Turbo","Redo"],"picked":"Cold Snap+1","floor":18},{"not_picked":["Reinforced Body","Fusion+1"],"picked":"Self Repair+1","floor":24},{"not_picked":["Hologram","Conserve Battery"],"picked":"Doom and Gloom","floor":27},{"not_picked":["Rebound","Hologram"],"picked":"Storm","floor":28},{"not_picked":["Streamline","Buffer"],"picked":"FTL","floor":29},{"not_picked":["Melter","Stack"],"picked":"Gash","floor":30},{"not_picked":["Thunder Strike","Hyperbeam"],"picked":"Rainbow","floor":33},{"not_picked":["Skim+1","Barrage"],"picked":"Loop+1","floor":34},{"not_picked":["Heatsinks","Tempest+1"],"picked":"Undo+1","floor":35},{"not_picked":["Ball Lightning+1","Turbo"],"picked":"Sweeping Beam+1","floor":36}],"player_experience":295484,"potions_floor_usage":[14,16,16,16,27,33,35,36],"damage_taken":[{"damage":7,"enemies":"2 Louse","floor":1,"turns":2},{"damage":9,"enemies":"Jaw Worm","floor":2,"turns":4},{"damage":0,"enemies":"Cultist","floor":4,"turns":3},{"damage":6,"enemies":"Red Slaver","floor":5,"turns":4},{"damage":14,"enemies":"3 Sentries","floor":6,"turns":4},{"damage":12,"enemies":"Blue Slaver","floor":10,"turns":3},{"damage":6,"enemies":"Exordium Wildlife","floor":11,"turns":2},{"damage":26,"enemies":"Lagavulin Event","floor":14,"turns":6},{"damage":30,"enemies":"The Guardian","floor":16,"turns":11},{"damage":31,"enemies":"Shell Parasite","floor":18,"turns":8},{"damage":36,"enemies":"Slavers","floor":24,"turns":5},{"damage":15,"enemies":"Spheric Guardian","floor":27,"turns":4},{"damage":14,"enemies":"Snake Plant","floor":28,"turns":5},{"damage":1,"enemies":"Snecko","floor":29,"turns":5},{"damage":33,"enemies":"Chosen and Byrds","floor":30,"turns":8},{"damage":31,"enemies":"Champ","floor":33,"turns":8},{"damage":1,"enemies":"3 Shapes","floor":35,"turns":3},{"damage":14,"enemies":"Orb Walker","floor":36,"turns":4},{"damage":88,"enemies":"Maw","floor":37,"turns":9}],"relics_obtained":[{"floor":6,"key":"Blood Vial"},{"floor":9,"key":"Oddly Smooth Stone"},{"floor":24,"key":"Thread and Needle"},{"floor":26,"key":"Anchor"}],"event_choices":[{"event_name":"Dead Adventurer","player_choice":"Searched \u00272\u0027 times","floor":14,"damage_taken":0},{"event_name":"Bonfire Elementals","player_choice":"UNCOMMON","floor":19,"damage_taken":0},{"event_name":"Vampires","player_choice":"Became a vampire (Vial)","floor":20,"damage_taken":0},{"event_name":"Forgotten Altar","player_choice":"Shed Blood","floor":21,"damage_taken":0}],"boss_relics":[{"not_picked":["Snecko Eye","Philosopher\u0027s Stone"],"picked":"Eternal Feather"},{"not_picked":["White Beast Statue","Velvet Choker"],"picked":"Tiny House"}],"items_purged_floors":[3],"potions_floor_spawned":[4,10,14,14,24,30,33,35],"seed_played":"5282376155374927745","killed_by":"Maw","ascension_level":0,"potions_obtained":[{"floor":4,"key":"Weak Potion"},{"floor":10,"key":"AttackPotion"},{"floor":14,"key":"Regen Potion"},{"floor":14,"key":"Explosive Potion"},{"floor":24,"key":"PowerPotion"},{"floor":30,"key":"Fire Potion"},{"floor":33,"key":"FearPotion"},{"floor":34,"key":"EssenceOfSteel"},{"floor":35,"key":"Poison Potion"}],"is_trial":false}