{"gold_per_floor":[114,129,144,144,69,69,84,99,149,179,179,194,194,194,194,294,294,309,359,359,374,389,389,419,434,434,449,127,142,157,172,172,172],"floor_reached":33,"playtime":2026,"items_purged":[],"score":298,"play_id":"01ebac4a-7c27-405c-976b-22e1fcdf61cb","local_time":"20180927144537","daily_mods":["Allstar","Uncertain Future","Lethality"],"is_ascension_mode":false,"campfire_choices":[{"data":"Ball Lightning","floor":6.0,"key":"SMITH"},{"floor":11.0,"key":"REST"},{"data":"Coolheaded","floor":15.0,"key":"SMITH"},{"data":"Electrodynamics","floor":23.0,"key":"SMITH"},{"floor":32.0,"key":"REST"}],"neow_cost":"","seed_source_timestamp":0,"circlet_count":0,"master_deck":["Strike_B+1","Strike_B+1","Strike_B+1","Strike_B+1","Defend_B+1","Defend_B+1","Defend_B+1","Defend_B+1","Zap+1","Dualcast","Swift Strike","Jack Of All Trades","The Bomb","Madness+1","Storm","Conserve Battery","Tempest","Coolheaded+1","Ball Lightning+1","Auto Shields","Self Repair","Undo","FTL","Electrodynamics+1","Leap+1","Conserve Battery+1","Cold Snap","Sunder","Doom and Gloom","Leap+1","Biased Cognition","Cold Snap"],"special_seed":17801,"relics":["Cracked Core","Anchor","Regal Pillow","Snecko Eye","Blood Vial","Shovel","Art of War"],"potions_floor_usage":[33],"damage_taken":[{"damage":0.0,"enemies":"2 Louse","floor":1.0,"turns":1.0},{"damage":9.0,"enemies":"Cultist","floor":2.0,"turns":3.0},{"damage":9.0,"enemies":"Jaw Worm","floor":3.0,"turns":3.0},{"damage":4.0,"enemies":"Looter","floor":7.0,"turns":3.0},{"damage":12.0,"enemies":"Red Slaver","floor":8.0,"turns":3.0},{"damage":17.0,"enemies":"3 Sentries","floor":10.0,"turns":6.0},{"damage":0.0,"enemies":"2 Fungi Beasts","floor":12.0,"turns":3.0},{"damage":17.0,"enemies":"The Guardian","floor":16.0,"turns":13.0},{"damage":11.0,"enemies":"2 Thieves","floor":18.0,"turns":2.0},{"damage":10.0,"enemies":"Shell Parasite","floor":21.0,"turns":8.0},{"damage":3.0,"enemies":"Shelled Parasite and Fungi","floor":22.0,"turns":4.0},{"damage":33.0,"enemies":"Slavers","floor":24.0,"turns":5.0},{"damage":9.0,"enemies":"Snecko","floor":25.0,"turns":5.0},{"damage":22.0,"enemies":"Snake Plant","floor":27.0,"turns":4.0},{"damage":11.0,"enemies":"3 Cultists","floor":29.0,"turns":4.0},{"damage":0.0,"enemies":"Chosen and Byrds","floor":30.0,"turns":3.0},{"damage":8.0,"enemies":"Shelled Parasite and Fungi","floor":31.0,"turns":4.0},{"damage":76,"enemies":"Champ","floor":33,"turns":17}],"seed_played":"-5863381733931304207","potions_obtained":[{"floor":2.0,"key":"EssenceOfSteel"},{"floor":3.0,"key":"Ancient Potion"},{"floor":8.0,"key":"EssenceOfSteel"},{"floor":16.0,"key":"AttackPotion"},{"floor":22.0,"key":"Weak Potion"},{"floor":25.0,"key":"Poison Potion"},{"floor":30.0,"key":"Poison Potion"}],"is_trial":false,"path_per_floor":["M","M","M","?","$","R","M","M","T","E","R","M","?","?","R","B",null,"M","?","?","M","M","R","E","M","T","M","$","M","M","M","R"],"character_chosen":"DEFECT","items_purchased":["Coolheaded","Ball Lightning","Doom and Gloom","Weak Potion","Energy Potion","Art of War"],"campfire_rested":2,"item_purchase_floors":[5,5,28,28,28,28],"current_hp_per_floor":[75,66,57,50,50,50,46,34,34,24,61,61,61,61,61,51,75,71,71,71,68,72,72,46,46,46,26,26,24,33,27,64,0],"gold":172,"neow_bonus":"","is_prod":false,"is_daily":true,"chose_seed":false,"campfire_upgraded":3,"win_rate":0,"timestamp":1538052337,"path_taken":["M","M","M","?","$","R","M","M","T","E","R","M","?","?","R","BOSS","M","?","?","M","M","R","E","M","T","M","$","M","?","M","R","BOSS"],"build_version":"2018-09-20","purchased_purges":0,"victory":false,"max_hp_per_floor":[75,75,75,75,75,75,75,75,75,75,75,75,75,75,75,75,75,75,75,75,75,75,75,75,75,75,75,75,75,75,75,75,75],"card_choices":[{"not_picked":["Barrage","Hologram"],"picked":"Storm","floor":1.0},{"not_picked":["Reprogram","Turbo"],"picked":"Conserve Battery","floor":2.0},{"not_picked":["Hologram","Darkness"],"picked":"Tempest","floor":3.0},{"not_picked":["Stack","Meteor Strike"],"picked":"Auto Shields","floor":7.0},{"not_picked":["Recycle","Beam Cell"],"picked":"Self Repair","floor":8.0},{"not_picked":["Redo","Coolheaded"],"picked":"Undo","floor":10.0},{"not_picked":["Redo","Turbo"],"picked":"FTL","floor":12.0},{"not_picked":["Rainbow","Creative AI"],"picked":"Electrodynamics","floor":16.0},{"not_picked":["Turbo","Lockon+1"],"picked":"Leap+1","floor":18.0},{"not_picked":["Darkness+1","Turbo"],"picked":"Conserve Battery+1","floor":21.0},{"not_picked":["Auto Shields+1","Beam Cell+1","Darkness"],"picked":"SKIP","floor":22.0},{"not_picked":["White Noise+1","Gash"],"picked":"Cold Snap","floor":24.0},{"not_picked":["Coolheaded+1","Turbo"],"picked":"Sunder","floor":25.0},{"not_picked":["Steam","Barrage+1","Turbo"],"picked":"SKIP","floor":27.0},{"not_picked":["Genetic Algorithm","Redo"],"picked":"Leap+1","floor":29.0},{"not_picked":["Redo","Go for the Eyes"],"picked":"Biased Cognition","floor":30.0},{"not_picked":["Barrage","Rip and Tear"],"picked":"Cold Snap","floor":31.0}],"player_experience":1488699,"relics_obtained":[{"floor":9.0,"key":"Anchor"},{"floor":10.0,"key":"Regal Pillow"},{"floor":24.0,"key":"Blood Vial"},{"floor":26.0,"key":"Shovel"}],"event_choices":[{"event_name":"Golden Wing","player_choice":"Card Removal","floor":4.0,"damage_taken":0.0},{"event_name":"Accursed Blacksmith","player_choice":"Forge","floor":13.0,"damage_taken":0.0},{"event_name":"Living Wall","player_choice":"Grow","floor":14.0,"damage_taken":0.0},{"event_name":"The Joust","player_choice":"Bet on Murderer","floor":19.0,"damage_taken":0.0},{"event_name":"Back to Basics","player_choice":"Simplicity","floor":20.0,"damage_taken":0.0}],"is_beta":false,"boss_relics":[{"not_picked":["Eternal Feather","Black Star"],"picked":"Snecko Eye"}],"items_purged_floors":[],"is_endless":false,"potions_floor_spawned":[2,3,8,16,22,25,30],"killed_by":"Champ","ascension_level":0}