{"path_per_floor":["M","M","?","$","M","R","E","R","T","R","E","M","R","M","R","B",null,"M","$","?","M"],"character_chosen":"DEFECT","items_purchased":["Gremlin Horn"],"gold_per_floor":[12,27,27,27,43,43,68,68,91,91,121,134,134,150,150,251,251,270,14,14,24,24],"floor_reached":22,"campfire_rested":2,"playtime":2282,"item_purchase_floors":[19],"current_hp_per_floor":[75,75,75,75,69,69,7,29,29,29,26,23,23,20,44,2,62,44,44,36,5,0],"items_purged":[],"gold":24,"score":243,"play_id":"fe7fabed-9d65-487d-b9eb-d7eb1fa66fdd","local_time":"20180616001722","is_prod":false,"is_daily":false,"chose_seed":false,"is_ascension_mode":true,"campfire_upgraded":3,"win_rate":0,"timestamp":1529101042,"campfire_choices":[{"data":"Zap","floor":6,"key":"SMITH"},{"floor":8,"key":"REST"},{"data":"Dualcast","floor":10,"key":"SMITH"},{"data":"Steam Power","floor":13,"key":"SMITH"},{"floor":15,"key":"REST"}],"path_taken":["M","M","?","?","M","R","E","R","T","R","E","M","R","M","R","BOSS","M","$","?","M","M"],"build_version":"2018-06-14v2","seed_source_timestamp":112287978274355,"purchased_purges":0,"victory":false,"master_deck":["Strike_B","Strike_B","Strike_B","Defend_B","Defend_B+1","Defend_B","Zap+1","Dualcast+1","Steam Power+1","Aggregate","Coolheaded+1","Regret","Go for the Eyes","Chill","Blizzard","Coolheaded","Reboot","BootSequence","Gash"],"max_hp_per_floor":[75,75,75,75,75,75,75,75,75,75,82,82,82,82,82,82,82,82,82,82,82,82],"relics":["Cracked Core","Bronze Scales","Lantern","War Paint","Strawberry","Inserter","Gremlin Horn"],"card_choices":[{"not_picked":["Streamline","Chaos"],"picked":"Coolheaded","floor":1},{"not_picked":["Cold Snap","Compile Driver","Hologram"],"picked":"SKIP","floor":2},{"not_picked":["Compile Driver","Redo"],"picked":"Go for the Eyes","floor":5},{"not_picked":["Rip and Tear","Hologram","Undo"],"picked":"SKIP","floor":7},{"not_picked":["Biased Cognition","Conserve Battery"],"picked":"Chill","floor":11},{"not_picked":["Redo","Melter"],"picked":"Blizzard","floor":12},{"not_picked":["Rebound","Loop"],"picked":"Coolheaded","floor":14},{"not_picked":["Creative AI","Buffer"],"picked":"Reboot","floor":16},{"not_picked":["Tempest+1","Storm"],"picked":"BootSequence","floor":18},{"not_picked":["Skim+1","Go for the Eyes"],"picked":"Gash","floor":21}],"player_experience":126880,"potions_floor_usage":[11],"damage_taken":[{"damage":0,"enemies":"Small Slimes","floor":1,"turns":3},{"damage":0,"enemies":"2 Louse","floor":2,"turns":3},{"damage":6,"enemies":"Cultist","floor":5,"turns":4},{"damage":62,"enemies":"Gremlin Nob","floor":7,"turns":5},{"damage":10,"enemies":"Lagavulin","floor":11,"turns":5},{"damage":3,"enemies":"Exordium Thugs","floor":12,"turns":4},{"damage":3,"enemies":"Blue Slaver","floor":14,"turns":3},{"damage":42,"enemies":"Hexaghost","floor":16,"turns":12},{"damage":18,"enemies":"Shell Parasite","floor":18,"turns":6},{"damage":31,"enemies":"Chosen","floor":21,"turns":8},{"damage":9,"enemies":"Sentry and Sphere","floor":22,"turns":3}],"relics_obtained":[{"floor":7,"key":"Lantern"},{"floor":9,"key":"War Paint"},{"floor":11,"key":"Strawberry"}],"event_choices":[{"event_name":"Big Fish","player_choice":"Box","floor":3,"damage_taken":0},{"event_name":"Knowing Skull","player_choice":"","floor":20,"damage_taken":0}],"boss_relics":[{"not_picked":["Nuclear Battery","Cursed Key"],"picked":"Inserter"}],"items_purged_floors":[],"is_endless":false,"potions_floor_spawned":[2,7,11,16,18],"seed_played":"2416209576127542348","killed_by":"Sentry and Sphere","ascension_level":5,"potions_obtained":[{"floor":2,"key":"Explosive Potion"},{"floor":7,"key":"SteroidPotion"},{"floor":11,"key":"Strength Potion"},{"floor":16,"key":"EssenceOfSteel"}],"is_trial":false}