{"path_per_floor":["M","$","M","M","M","E","M","E","T"],"character_chosen":"IRONCLAD","items_purchased":[],"gold_per_floor":[11,11,28,46,59,94,113,143,170,170],"floor_reached":10,"campfire_rested":0,"playtime":1166,"item_purchase_floors":[],"current_hp_per_floor":[80,80,80,80,80,58,60,37,37,0],"items_purged":[],"gold":170,"score":88,"play_id":"2038fceb-ce8a-4859-86fc-3360d278c3eb","local_time":"20180626065657","is_prod":false,"is_daily":false,"chose_seed":false,"is_ascension_mode":true,"campfire_upgraded":0,"win_rate":0,"timestamp":1530014217,"campfire_choices":[],"path_taken":["M","?","M","M","M","E","M","E","T","E"],"build_version":"2018-06-21","seed_source_timestamp":583178404726183,"purchased_purges":0,"circlet_count":0,"victory":false,"master_deck":["Strike_R","Strike_R","Strike_R+1","Strike_R","Strike_R+1","Defend_R","Defend_R","Defend_R","Defend_R","Bash","Offering","Intimidate","Pummel","Clothesline","Warcry","Evolve","Warcry","Seeing Red"],"max_hp_per_floor":[80,80,80,80,80,80,80,80,80,80],"relics":["Burning Blood","Whetstone","Incense Burner","Anchor"],"card_choices":[{"not_picked":["Feed","Barricade"],"picked":"Offering","floor":0},{"not_picked":["Body Slam","Perfected Strike"],"picked":"Intimidate","floor":1},{"not_picked":["Power Through","Pommel Strike"],"picked":"Pummel","floor":3},{"not_picked":["Cleave","Clash"],"picked":"Clothesline","floor":4},{"not_picked":["Wild Strike","Rage"],"picked":"Warcry","floor":5},{"not_picked":["Blood for Blood","Second Wind"],"picked":"Evolve","floor":6},{"not_picked":["Clothesline","Perfected Strike"],"picked":"Warcry","floor":7},{"not_picked":["Clothesline","Perfected Strike"],"picked":"Seeing Red","floor":8}],"player_experience":64378,"potions_floor_usage":[5,5,8],"damage_taken":[{"damage":5,"enemies":"Cultist","floor":1,"turns":4},{"damage":4,"enemies":"Jaw Worm","floor":3,"turns":3},{"damage":4,"enemies":"2 Louse","floor":4,"turns":2},{"damage":4,"enemies":"Large Slime","floor":5,"turns":5},{"damage":28,"enemies":"3 Sentries","floor":6,"turns":11},{"damage":4,"enemies":"2 Fungi Beasts","floor":7,"turns":2},{"damage":29,"enemies":"Lagavulin","floor":8,"turns":6},{"damage":38,"enemies":"Gremlin Nob","floor":10,"turns":4}],"relics_obtained":[{"floor":6,"key":"Whetstone"},{"floor":8,"key":"Incense Burner"},{"floor":9,"key":"Anchor"}],"event_choices":[],"boss_relics":[],"items_purged_floors":[],"is_endless":false,"potions_floor_spawned":[3,4,6],"seed_played":"1304692135228672198","killed_by":"Gremlin Nob","ascension_level":2,"potions_obtained":[{"floor":3,"key":"SkillPotion"},{"floor":4,"key":"Fire Potion"},{"floor":6,"key":"AttackPotion"}],"is_trial":false}