{"path_per_floor":["M","M","?","$","M","R","M","R","T","M","?","$","M","T","R"],"character_chosen":"THE_SILENT","items_purchased":["Finesse"],"gold_per_floor":[16,31,31,31,47,47,67,67,90,106,106,8,19,19,19,19],"floor_reached":16,"campfire_rested":0,"playtime":782,"item_purchase_floors":[12],"current_hp_per_floor":[70,70,70,70,70,70,66,66,73,71,71,71,64,64,64,0],"items_purged":[],"gold":19,"score":110,"play_id":"107a6334-b257-4da7-b910-29f30d795530","local_time":"20180622075310","is_prod":false,"is_daily":false,"chose_seed":false,"is_ascension_mode":true,"campfire_upgraded":3,"win_rate":0,"timestamp":1529668390,"campfire_choices":[{"data":"Deadly Poison","floor":6,"key":"SMITH"},{"data":"Malaise","floor":8,"key":"SMITH"},{"data":"PiercingWail","floor":15,"key":"SMITH"}],"path_taken":["M","?","?","?","M","R","M","R","T","M","?","$","M","?","R","BOSS"],"build_version":"2018-06-21","seed_source_timestamp":706891129030271,"purchased_purges":0,"circlet_count":0,"victory":false,"master_deck":["Defend_G","Defend_G","Defend_G","Defend_G","Defend_G","Strike_G","Strike_G","Strike_G","Strike_G","Strike_G","Survivor","Neutralize","PiercingWail+1","Deadly Poison+1","Malaise+1","Blur","Finesse","Leg Sweep"],"max_hp_per_floor":[70,70,70,70,70,70,70,70,77,77,77,77,77,77,77,77],"relics":["Ring of the Snake","The Specimen","Strawberry","Art of War"],"card_choices":[{"not_picked":["Concentrate","Blade Dance"],"picked":"PiercingWail","floor":1},{"not_picked":["Backstab","Cloak And Dagger"],"picked":"Deadly Poison","floor":2},{"not_picked":["Finisher","Dodge and Roll"],"picked":"Malaise","floor":5},{"not_picked":["Dodge and Roll","Acrobatics","Outmaneuver"],"picked":"SKIP","floor":7},{"not_picked":["Distraction","Flying Knee"],"picked":"Blur","floor":10},{"not_picked":["Flying Knee","Acrobatics"],"picked":"Leg Sweep","floor":13}],"player_experience":695349,"potions_floor_usage":[5,7,7,16,16,16],"damage_taken":[{"damage":0,"enemies":"Cultist","floor":1,"turns":4},{"damage":0,"enemies":"Jaw Worm","floor":2,"turns":5},{"damage":0,"enemies":"Small Slimes","floor":5,"turns":2},{"damage":4,"enemies":"Gremlin Gang","floor":7,"turns":6},{"damage":2,"enemies":"2 Fungi Beasts","floor":10,"turns":6},{"damage":7,"enemies":"Looter","floor":13,"turns":4},{"damage":75,"enemies":"Slime Boss","floor":16,"turns":15}],"relics_obtained":[{"floor":9,"key":"Strawberry"},{"floor":14,"key":"Art of War"}],"event_choices":[{"event_name":"Liars Game","player_choice":"disagreed","floor":3,"damage_taken":0},{"event_name":"The Lab","player_choice":"Got Potions","floor":11,"damage_taken":0}],"boss_relics":[],"items_purged_floors":[],"is_endless":false,"potions_floor_spawned":[1,2,5,13],"seed_played":"378907866554551862","killed_by":"Slime Boss","ascension_level":4,"potions_obtained":[{"floor":1,"key":"Energy Potion"},{"floor":2,"key":"Fire Potion"},{"floor":5,"key":"Block Potion"},{"floor":11,"key":"Strength Potion"},{"floor":11,"key":"Weak Potion"},{"floor":11,"key":"Weak Potion"},{"floor":13,"key":"Explosive Potion"}],"is_trial":false}