{"gold_per_floor":[144,189,364,364,36,126,126,171,171,261,261,351,396,486,486,786,786,831,129,174,174,174,264,264,114,114,204,324,414,489,534,534,834,834,879,879,556,589,589,679,379,469,469,469,559,559,51,141,141,141],"floor_reached":51,"playtime":2275,"items_purged":[],"score":1361,"play_id":"dbb46e54-6c07-497f-85d7-f6c1127db4b1","local_time":"20181206155434","daily_mods":["Insanity","Flight","Midas"],"is_ascension_mode":false,"campfire_choices":[{"floor":7,"key":"REST"},{"floor":15,"key":"REST"},{"floor":32,"key":"REST"},{"floor":44,"key":"REST"},{"floor":46,"key":"REST"},{"floor":49,"key":"REST"}],"neow_cost":"","seed_source_timestamp":0,"circlet_count":0,"master_deck":["Dagger Throw","Poisoned Stab","Quick Slash","Bane","Deflect","Quick Slash","Quick Slash","Riddle With Holes","Prepared","Deflect","Cloak And Dagger","Footwork","Flying Knee","Cloak And Dagger","Outmaneuver","Blade Dance","Dagger Throw","Dagger Spray","Heel Hook","Distraction","Finisher","Prepared","Blade Dance","Flying Knee","Flechettes","Deflect","Accuracy","Blade Dance","Riddle With Holes","Poisoned Stab","Distraction","Bouncing Flask","Crippling Poison","Dodge and Roll","Underhanded Strike","Dodge and Roll","Dagger Throw","Distraction","Deadly Poison","Concentrate","Flying Knee","Dagger Throw","Sucker Punch","Choke","Distraction","Heel Hook","Flying Knee","Riddle With Holes","Bane","Cloak And Dagger","Acrobatics","Backstab","Doubt","Apotheosis","Footwork","Escape Plan","Blur","Backstab","Backflip","Cloak And Dagger","Acrobatics","Malaise","Dodge and Roll+1","Dash","Deflect","Caltrops","Deadly Poison+1","Decay","Bane","Leg Sweep+1","Cloak And Dagger","Bane+1","Cloak And Dagger","Wraith Form v2","Poisoned Stab","Discovery","Backflip","Deadly Poison+1","Dagger Spray+1","Finisher","PiercingWail+1","Well Laid Plans+1","PiercingWail+1"],"special_seed":17871,"relics":["Ring of the Snake","Dodecahedron","Pantograph","Question Card","Thread and Needle","Art of War","Sundial","Busted Crown","Orichalcum","Oddly Smooth Stone","ClockworkSouvenir","Strawberry","Bag of Preparation","Bottled Tornado","Shuriken","Tiny Chest","Mango","Ninja Scroll","Black Star","MawBank","Potion Belt","Gambling Chip","Ornamental Fan","Mercury Hourglass","Kunai","The Courier","Matryoshka","Vajra","Blue Candle","Frozen Egg 2","Paper Crane","Tingsha","Turnip","Bottled Lightning","Mummified Hand"],"potions_floor_usage":[10,10,10,12,23,23,33,33,33,40,42,50,50,50],"damage_taken":[{"damage":0,"enemies":"Cultist","floor":1,"turns":3},{"damage":7,"enemies":"Jaw Worm","floor":2,"turns":2},{"damage":11,"enemies":"3 Sentries","floor":6,"turns":4},{"damage":0,"enemies":"2 Louse","floor":8,"turns":1},{"damage":0,"enemies":"Lagavulin","floor":10,"turns":4},{"damage":0,"enemies":"Gremlin Nob","floor":12,"turns":2},{"damage":0,"enemies":"Exordium Wildlife","floor":13,"turns":2},{"damage":5,"enemies":"3 Sentries","floor":14,"turns":5},{"damage":23,"enemies":"The Guardian","floor":16,"turns":8},{"damage":6,"enemies":"2 Thieves","floor":18,"turns":3},{"damage":0,"enemies":"Shell Parasite","floor":20,"turns":3},{"damage":8,"enemies":"Slavers","floor":23,"turns":4},{"damage":4,"enemies":"Book of Stabbing","floor":27,"turns":5},{"damage":12,"enemies":"Slavers","floor":28,"turns":5},{"damage":0,"enemies":"Gremlin Leader","floor":29,"turns":4},{"damage":8,"enemies":"Snake Plant","floor":31,"turns":3},{"damage":21,"enemies":"Automaton","floor":33,"turns":8},{"damage":0,"enemies":"3 Shapes","floor":35,"turns":4},{"damage":16,"enemies":"2 Orb Walkers","floor":38,"turns":5},{"damage":28,"enemies":"Giant Head","floor":40,"turns":8},{"damage":0,"enemies":"Nemesis","floor":42,"turns":5},{"damage":8,"enemies":"Giant Head","floor":45,"turns":7},{"damage":0,"enemies":"Reptomancer","floor":48,"turns":3},{"damage":0,"enemies":"Awakened One","floor":50,"turns":9}],"seed_played":"-933783544503899618","potions_obtained":[{"floor":8,"key":"FearPotion"},{"floor":10,"key":"Strength Potion"},{"floor":13,"key":"Energy Potion"},{"floor":14,"key":"FearPotion"},{"floor":16,"key":"Ancient Potion"},{"floor":27,"key":"EssenceOfSteel"},{"floor":28,"key":"GamblersBrew"},{"floor":29,"key":"EntropicBrew"},{"floor":42,"key":"LiquidBronze"},{"floor":45,"key":"AttackPotion"},{"floor":48,"key":"AttackPotion"}],"is_trial":false,"path_per_floor":["M","M","?","T","$","E","R","M","T","E","?","E","M","E","R","B",null,"M","$","M","?","?","E","?","$","T","E","E","E","T","M","R","B",null,"M","?","$","?","?","E","$","E","T","R","E","R","$","E","R","B",null],"character_chosen":"THE_SILENT","items_purchased":["Apotheosis","AttackPotion","Explosive Potion","Footwork","Orichalcum","Oddly Smooth Stone","Dash","ClockworkSouvenir","Deflect","Caltrops","Bag of Preparation","MawBank","Potion Belt","Backflip","Kunai","Block Potion","Tingsha","Turnip","Well Laid Plans+1"],"campfire_rested":6,"item_purchase_floors":[5,5,5,5,19,19,19,19,19,19,25,37,37,37,41,41,47,47,47],"current_hp_per_floor":[70,63,63,63,63,52,70,70,70,70,75,75,75,70,75,52,75,69,69,69,69,69,68,82,82,82,78,66,80,80,72,96,75,96,96,96,96,80,80,52,52,52,52,80,72,96,96,96,96,96],"gold":141,"neow_bonus":"","is_prod":false,"is_daily":true,"chose_seed":false,"campfire_upgraded":0,"win_rate":0,"timestamp":1544108074,"path_taken":["M","M","?","?","$","E","R","M","T","E","?","E","?","E","R","BOSS","M","$","?","?","?","E","?","$","T","E","E","E","?","M","R","BOSS","M","?","$","?","?","E","$","E","T","R","E","R","$","E","R","BOSS"],"build_version":"2018-11-15","purchased_purges":0,"victory":true,"max_hp_per_floor":[70,70,70,70,70,70,70,70,70,70,75,75,75,75,75,75,75,75,75,75,75,75,82,82,82,82,82,82,96,96,96,96,96,96,96,96,96,96,96,96,96,96,96,96,96,96,96,96,96,96],"card_choices":[{"not_picked":["Terror","Underhanded Strike"],"picked":"Acrobatics","floor":1},{"not_picked":["Bane","Accuracy"],"picked":"Backstab","floor":2},{"not_picked":["Blade Dance","Bouncing Flask"],"picked":"Escape Plan","floor":6},{"not_picked":["Backflip","Dagger Throw"],"picked":"Blur","floor":8},{"not_picked":["Dagger Spray","Blade Dance","Deadly Poison"],"picked":"Backstab","floor":10},{"not_picked":["Venomology","Sucker Punch","Prepared"],"picked":"Backflip","floor":12},{"not_picked":["Outmaneuver","All Out Attack","Underhanded Strike"],"picked":"Cloak And Dagger","floor":13},{"not_picked":["Doppelganger","Deadly Poison","All Out Attack"],"picked":"Acrobatics","floor":14},{"not_picked":["Burst","Envenom","Night Terror"],"picked":"Malaise","floor":16},{"not_picked":["Heel Hook"],"picked":"Dodge and Roll+1","floor":18},{"not_picked":["Bane"],"picked":"Deadly Poison+1","floor":20},{"not_picked":["Deflect"],"picked":"Bane","floor":23},{"not_picked":["Blade Dance"],"picked":"Leg Sweep+1","floor":27},{"not_picked":["Deadly Poison"],"picked":"Cloak And Dagger","floor":28},{"not_picked":["Sucker Punch+1"],"picked":"Bane+1","floor":29},{"not_picked":["Dodge and Roll"],"picked":"Cloak And Dagger","floor":31},{"not_picked":["Doppelganger"],"picked":"Wraith Form v2","floor":33},{"not_picked":["Dagger Spray"],"picked":"Poisoned Stab","floor":35},{"not_picked":["Purity"],"picked":"Discovery","floor":36},{"not_picked":["Underhanded Strike+1"],"picked":"Deadly Poison+1","floor":38},{"not_picked":["Night Terror"],"picked":"Dagger Spray+1","floor":40},{"not_picked":["Heel Hook+1"],"picked":"Finisher","floor":42},{"not_picked":["Dagger Throw+1"],"picked":"PiercingWail+1","floor":45},{"not_picked":["Dagger Throw"],"picked":"PiercingWail+1","floor":48}],"player_experience":1766722,"relics_obtained":[{"floor":4,"key":"Dodecahedron"},{"floor":6,"key":"Pantograph"},{"floor":9,"key":"Question Card"},{"floor":10,"key":"Thread and Needle"},{"floor":12,"key":"Art of War"},{"floor":14,"key":"Sundial"},{"floor":23,"key":"Strawberry"},{"floor":26,"key":"Bottled Tornado"},{"floor":27,"key":"Shuriken"},{"floor":28,"key":"Tiny Chest"},{"floor":29,"key":"Mango"},{"floor":30,"key":"Ninja Scroll"},{"floor":38,"key":"Gambling Chip"},{"floor":40,"key":"Ornamental Fan"},{"floor":40,"key":"Mercury Hourglass"},{"floor":42,"key":"The Courier"},{"floor":42,"key":"Matryoshka"},{"floor":43,"key":"Vajra"},{"floor":43,"key":"Blue Candle"},{"floor":45,"key":"Frozen Egg 2"},{"floor":45,"key":"Paper Crane"},{"floor":48,"key":"Bottled Lightning"},{"floor":48,"key":"Mummified Hand"}],"event_choices":[{"damage_healed":0,"gold_gain":175,"player_choice":"AGREE","damage_taken":0,"max_hp_gain":0,"max_hp_loss":0,"event_name":"Liars Game","floor":3,"gold_loss":0,"cards_obtained":["Doubt"]},{"damage_healed":0,"gold_gain":0,"player_choice":"Donut","damage_taken":0,"max_hp_gain":5,"max_hp_loss":0,"event_name":"Big Fish","floor":11,"gold_loss":0},{"damage_healed":0,"gold_gain":0,"player_choice":"Ignored","damage_taken":0,"max_hp_gain":0,"max_hp_loss":0,"event_name":"Ghosts","floor":21,"gold_loss":0},{"damage_healed":0,"gold_gain":0,"player_choice":"Smashed Altar","damage_taken":0,"max_hp_gain":0,"max_hp_loss":0,"event_name":"Forgotten Altar","floor":22,"gold_loss":0,"cards_obtained":["Decay"]},{"damage_healed":27,"gold_gain":0,"player_choice":"Heal","damage_taken":0,"max_hp_gain":0,"max_hp_loss":0,"event_name":"The Library","floor":24,"gold_loss":0},{"damage_healed":0,"gold_gain":0,"player_choice":"Memory 1","damage_taken":0,"max_hp_gain":0,"max_hp_loss":0,"event_name":"SensoryStone","floor":36,"gold_loss":0},{"damage_healed":0,"gold_gain":0,"player_choice":"Fight","damage_taken":0,"max_hp_gain":0,"max_hp_loss":0,"event_name":"Mysterious Sphere","floor":38,"gold_loss":0},{"damage_healed":0,"gold_gain":0,"player_choice":"Ignored","damage_taken":0,"max_hp_gain":0,"max_hp_loss":0,"event_name":"Tomb of Lord Red Mask","floor":39,"gold_loss":0}],"is_beta":false,"boss_relics":[{"not_picked":["WristBlade","Eternal Feather"],"picked":"Busted Crown"},{"not_picked":["HoveringKite","Tiny House"],"picked":"Black Star"}],"items_purged_floors":[],"is_endless":false,"potions_floor_spawned":[8,10,13,14,16,27,28,29,31,42,45,48],"ascension_level":0}