{"gold_per_floor":[115,115,41,51,51,51,78,92,141,168,192,204,216,244,256,268],"floor_reached":16,"playtime":432,"items_purged":[],"score":243,"play_id":"3fd3a827-6b5a-474f-bf96-ca380cd4f278","local_time":"20181217080251","is_ascension_mode":true,"campfire_choices":[{"data":"Static Discharge","floor":6.0,"key":"SMITH"},{"floor":12.0,"key":"REST"},{"floor":15.0,"key":"REST"}],"neow_cost":"NONE","seed_source_timestamp":109530459046498,"circlet_count":0,"master_deck":["AscendersBane","Strike_B","Strike_B","Strike_B","Strike_B","Defend_B","Defend_B","Defend_B","Defend_B","Zap+1","Dualcast","Doom and Gloom","Static Discharge+1","Leap","Hologram","Stack","Doom and Gloom","Beam Cell"],"special_seed":0,"relics":["Cracked Core","NeowsBlessing","GremlinMask","Ancient Tea Set","Juzu Bracelet","MawBank"],"potions_floor_usage":[16,16],"damage_taken":[{"damage":0.0,"enemies":"Cultist","floor":1.0,"turns":1.0},{"damage":0.0,"enemies":"Jaw Worm","floor":4.0,"turns":1.0},{"damage":0.0,"enemies":"Lagavulin","floor":7.0,"turns":1.0},{"damage":0.0,"enemies":"2 Louse","floor":8.0,"turns":2.0},{"damage":32.0,"enemies":"Gremlin Nob","floor":10.0,"turns":4.0},{"damage":24.0,"enemies":"Gremlin Gang","floor":11.0,"turns":2.0},{"damage":1.0,"enemies":"Exordium Thugs","floor":14.0,"turns":3.0},{"damage":52,"enemies":"The Guardian","floor":16,"turns":9}],"seed_played":"6632862593786501953","potions_obtained":[{"floor":4.0,"key":"FocusPotion"},{"floor":7.0,"key":"LiquidBronze"},{"floor":10.0,"key":"SpeedPotion"}],"is_trial":false,"path_per_floor":["M","?","$","M","?","R","E","M","T","E","M","R","?","M","R","B"],"character_chosen":"DEFECT","items_purchased":["Static Discharge"],"campfire_rested":2,"item_purchase_floors":[3],"current_hp_per_floor":[64,64,64,64,64,64,64,64,64,32,8,29,29,28,49,0],"gold":268,"neow_bonus":"THREE_ENEMY_KILL","is_prod":false,"is_daily":false,"chose_seed":false,"campfire_upgraded":1,"win_rate":0,"timestamp":1545051771,"path_taken":["M","?","?","?","?","R","E","M","T","E","M","R","?","M","R","BOSS"],"build_version":"2018-12-13","purchased_purges":0,"victory":false,"max_hp_per_floor":[71,71,71,71,71,71,71,71,71,71,71,71,71,71,71,71],"card_choices":[{"not_picked":["Steam","Beam Cell"],"picked":"Doom and Gloom","floor":1.0},{"not_picked":["Darkness","Turbo","Tempest"],"picked":"SKIP","floor":4.0},{"not_picked":["BootSequence","Steam"],"picked":"Leap","floor":7.0},{"not_picked":["Cold Snap","Tempest"],"picked":"Hologram","floor":8.0},{"not_picked":["Steam Power","Doom and Gloom"],"picked":"Stack","floor":10.0},{"not_picked":["Stack","Hello World"],"picked":"Doom and Gloom","floor":11.0},{"not_picked":["Genetic Algorithm","Cold Snap"],"picked":"Beam Cell","floor":14.0}],"player_experience":1909118,"relics_obtained":[{"floor":7.0,"key":"Ancient Tea Set"},{"floor":9.0,"key":"Juzu Bracelet"},{"floor":10.0,"key":"MawBank"}],"event_choices":[{"damage_healed":0.0,"max_hp_gain":0.0,"max_hp_loss":0.0,"gold_gain":0.0,"event_name":"Living Wall","player_choice":"Grow","floor":2.0,"gold_loss":0.0,"damage_taken":0.0,"cards_upgraded":["Zap"]},{"damage_healed":0.0,"max_hp_gain":0.0,"max_hp_loss":0.0,"gold_gain":0.0,"event_name":"FaceTrader","player_choice":"Trade","floor":5.0,"gold_loss":0.0,"damage_taken":0.0,"relics_obtained":["GremlinMask"]},{"damage_healed":0.0,"max_hp_gain":0.0,"max_hp_loss":0.0,"gold_gain":0.0,"event_name":"Liars Game","player_choice":"Ignored","floor":13.0,"gold_loss":0.0,"damage_taken":0.0}],"is_beta":false,"boss_relics":[],"items_purged_floors":[],"is_endless":false,"potions_floor_spawned":[4,7,10],"killed_by":"The Guardian","ascension_level":16}