{"gold_per_floor":[212,212,15,15,26,55,55,73,73,73,98,98],"floor_reached":12,"playtime":509,"items_purged":[],"score":142,"play_id":"627f7a41-70f9-4275-ba3e-4b908e85d2a4","local_time":"20190115204140","is_ascension_mode":true,"campfire_choices":[{"data":"Limit Break","floor":7,"key":"SMITH"}],"neow_cost":"NONE","seed_source_timestamp":580390053191331,"circlet_count":0,"master_deck":["AscendersBane","Strike_R","Strike_R","Strike_R","Strike_R","Strike_R","Defend_R","Defend_R","Defend_R","Defend_R","Bash","Sword Boomerang","Inflame","Limit Break+1","Thunderclap","Perfected Strike","True Grit","Battle Trance"],"relics":["Burning Blood","Dodecahedron","Pen Nib","Juzu Bracelet"],"potions_floor_usage":[11,11],"damage_taken":[{"damage":8,"enemies":"Jaw Worm","floor":1,"turns":4},{"damage":0,"enemies":"Small Slimes","floor":5,"turns":3},{"damage":39,"enemies":"Lagavulin","floor":6,"turns":5},{"damage":1,"enemies":"2 Louse","floor":8,"turns":2},{"damage":33,"enemies":"3 Sentries","floor":11,"turns":6},{"damage":38,"enemies":"Exordium Thugs","floor":12,"turns":4}],"seed_played":"8754196455968374474","potions_obtained":[{"floor":5,"key":"Swift Potion"},{"floor":6,"key":"SkillPotion"}],"is_trial":false,"path_per_floor":["M","?","$","?","M","E","R","M","T","?","E","M"],"character_chosen":"IRONCLAD","items_purchased":["Inflame","Limit Break"],"campfire_rested":0,"item_purchase_floors":[3,3],"current_hp_per_floor":[70,58,58,80,80,47,47,52,52,52,25,0],"gold":98,"neow_bonus":"HUNDRED_GOLD","is_prod":false,"is_daily":false,"chose_seed":false,"campfire_upgraded":1,"win_rate":0,"timestamp":1547602900,"path_taken":["M","?","$","?","M","E","R","M","T","?","E","M"],"build_version":"2019-01-10","purchased_purges":0,"victory":false,"max_hp_per_floor":[80,80,80,80,80,80,80,80,80,80,80,80],"card_choices":[{"not_picked":["Wild Strike","Sentinel"],"picked":"Sword Boomerang","floor":1},{"not_picked":["Entrench","Wild Strike"],"picked":"Thunderclap","floor":5},{"not_picked":["Clash","Sever Soul"],"picked":"Perfected Strike","floor":6},{"not_picked":["Anger","Sever Soul"],"picked":"True Grit","floor":8},{"not_picked":["Warcry","Headbutt"],"picked":"Battle Trance","floor":11}],"player_experience":2128926,"relics_obtained":[{"floor":6,"key":"Pen Nib"},{"floor":11,"key":"Juzu Bracelet"}],"event_choices":[{"damage_healed":0,"gold_gain":0,"player_choice":"Success","damage_taken":12,"relics_obtained":["Dodecahedron"],"max_hp_gain":0,"max_hp_loss":0,"event_name":"Scrap Ooze","floor":2,"gold_loss":0},{"damage_healed":26,"gold_gain":0,"player_choice":"Banana","damage_taken":0,"max_hp_gain":0,"max_hp_loss":0,"event_name":"Big Fish","floor":4,"gold_loss":0},{"damage_healed":0,"gold_gain":0,"player_choice":"Ignored","damage_taken":0,"max_hp_gain":0,"max_hp_loss":0,"event_name":"Liars Game","floor":10,"gold_loss":0}],"is_beta":false,"boss_relics":[],"items_purged_floors":[],"is_endless":false,"potions_floor_spawned":[5,6,8],"killed_by":"Exordium Thugs","ascension_level":13}