{"gold_per_floor":[118,118,136,155,172,197,208,239,239,239,239,258,37,52,52,153,153,173,185,185,195,195,195,212,212,235,246,161,181,201,211,211,308,308,320,332,77,97,45,45,64,64,64,64,78,107,127,77,77,77],"floor_reached":50,"playtime":2867,"items_purged":["Strike_R","Strike_R"],"score":517,"play_id":"7d32d169-cf35-4d53-b77f-7f66ec85d8c0","local_time":"20190108233444","is_ascension_mode":false,"campfire_choices":[{"data":"Searing Blow","floor":11,"key":"SMITH"},{"data":"Searing Blow+1","floor":15,"key":"SMITH"},{"data":"Searing Blow+2","floor":23,"key":"SMITH"},{"data":"Searing Blow+3","floor":25,"key":"SMITH"},{"data":"Searing Blow+4","floor":32,"key":"SMITH"},{"data":"Searing Blow+5","floor":40,"key":"SMITH"},{"floor":42,"key":"RECALL"},{"data":"Searing Blow+6","floor":44,"key":"SMITH"},{"data":"Searing Blow+7","floor":49,"key":"SMITH"}],"neow_cost":"NONE","seed_source_timestamp":403680677447643,"circlet_count":0,"master_deck":["Strike_R","Strike_R","Defend_R","Defend_R","Defend_R","Defend_R","Bash+1","Searing Blow+8","True Grit","Thunderclap","Impervious","Pommel Strike","Sentinel","Rampage","Impervious","Shrug It Off","Metallicize","Metallicize","Metallicize+1","Offering"],"relics":["Burning Blood","FossilizedHelix","Omamori","Meat on the Bone","Bronze Scales","Sozu","Sundial","Eternal Feather","Self Forming Clay","Mercury Hourglass","Bird Faced Urn","Smiling Mask"],"potions_floor_usage":[6,8,16,24,41],"damage_taken":[{"damage":0,"enemies":"Small Slimes","floor":1,"turns":3},{"damage":6,"enemies":"Cultist","floor":3,"turns":3},{"damage":9,"enemies":"2 Louse","floor":4,"turns":3},{"damage":11,"enemies":"2 Fungi Beasts","floor":5,"turns":4},{"damage":29,"enemies":"3 Sentries","floor":6,"turns":13},{"damage":0,"enemies":"3 Louse","floor":7,"turns":4},{"damage":14,"enemies":"Lagavulin","floor":8,"turns":7},{"damage":0,"enemies":"Blue Slaver","floor":12,"turns":2},{"damage":0,"enemies":"Exordium Thugs","floor":14,"turns":4},{"damage":17,"enemies":"Slime Boss","floor":16,"turns":10},{"damage":26,"enemies":"2 Thieves","floor":18,"turns":4},{"damage":4,"enemies":"Shell Parasite","floor":19,"turns":3},{"damage":6,"enemies":"Centurion and Healer","floor":21,"turns":8},{"damage":0,"enemies":"Colosseum Slavers","floor":22,"turns":7},{"damage":17,"enemies":"3 Cultists","floor":24,"turns":6},{"damage":20,"enemies":"Snake Plant","floor":27,"turns":2},{"damage":0,"enemies":"Chosen and Byrds","floor":29,"turns":6},{"damage":31,"enemies":"Shelled Parasite and Fungi","floor":30,"turns":4},{"damage":0,"enemies":"Centurion and Healer","floor":31,"turns":6},{"damage":28,"enemies":"Champ","floor":33,"turns":11},{"damage":9,"enemies":"Orb Walker","floor":35,"turns":5},{"damage":17,"enemies":"3 Darklings","floor":36,"turns":6},{"damage":10,"enemies":"Sphere and 2 Shapes","floor":38,"turns":5},{"damage":3,"enemies":"Spire Growth","floor":41,"turns":6},{"damage":10,"enemies":"Maw","floor":45,"turns":7},{"damage":28,"enemies":"Giant Head","floor":46,"turns":9},{"damage":10,"enemies":"Writhing Mass","floor":47,"turns":5},{"damage":87,"enemies":"Donu and Deca","floor":50,"turns":9}],"seed_played":"5713663275564963144","potions_obtained":[{"floor":1,"key":"EssenceOfSteel"},{"floor":4,"key":"Ancient Potion"},{"floor":6,"key":"Strength Potion"},{"floor":12,"key":"Fire Potion"},{"floor":14,"key":"Swift Potion"},{"floor":16,"key":"LiquidBronze"}],"is_trial":false,"path_per_floor":["M","?","M","M","M","E","M","E","T","?","R","M","$","M","R","B",null,"M","M","$","M","?","R","M","R","T","M","?","M","M","M","R","B",null,"M","M","$","M","?","R","M","R","T","R","M","E","M","$","R","B"],"character_chosen":"IRONCLAD","items_purchased":["Bronze Scales","Self Forming Clay"],"campfire_rested":0,"item_purchase_floors":[13,37],"current_hp_per_floor":[80,80,80,77,72,49,55,47,47,52,52,58,58,64,64,53,85,65,67,67,67,73,73,62,62,62,60,60,66,53,59,59,49,85,82,71,71,67,67,79,82,85,85,85,83,63,65,65,77,0],"gold":77,"neow_bonus":"UPGRADE_CARD","is_prod":false,"is_daily":false,"chose_seed":false,"campfire_upgraded":8,"win_rate":0,"timestamp":1547008484,"path_taken":["M","?","?","M","M","E","M","E","T","?","R","M","$","M","R","BOSS","M","M","$","M","?","R","M","R","T","M","?","M","M","M","R","BOSS","M","M","$","M","?","R","M","R","T","R","M","E","M","?","R","BOSS"],"build_version":"2019-01-03v4","purchased_purges":2,"victory":false,"max_hp_per_floor":[80,80,80,80,80,80,80,80,80,85,85,85,85,85,85,85,85,85,85,85,85,85,85,85,85,85,85,85,85,85,85,85,85,85,85,85,85,85,85,85,85,85,85,85,85,85,85,85,85,85],"card_choices":[{"not_picked":["Hemokinesis","Evolve"],"picked":"Searing Blow","floor":1},{"not_picked":["Thunderclap","Iron Wave"],"picked":"True Grit","floor":3},{"not_picked":["Fire Breathing","Rupture","Twin Strike"],"picked":"SKIP","floor":4},{"not_picked":["Combust","Sword Boomerang"],"picked":"Thunderclap","floor":5},{"not_picked":["Fire Breathing","Power Through"],"picked":"Impervious","floor":6},{"not_picked":["Power Through","Cleave"],"picked":"Pommel Strike","floor":7},{"not_picked":["Iron Wave","Combust"],"picked":"Sentinel","floor":8},{"not_picked":["Flame Barrier","Wild Strike"],"picked":"Rampage","floor":12},{"not_picked":["Heavy Blade","Anger","Burning Pact"],"picked":"SKIP","floor":14},{"not_picked":["Brutality","Barricade"],"picked":"Impervious","floor":16},{"not_picked":["Pummel+1","Clothesline+1"],"picked":"Shrug It Off","floor":18},{"not_picked":["Warcry","Iron Wave"],"picked":"Metallicize","floor":19},{"not_picked":["Rampage","Uppercut","Twin Strike+1"],"picked":"SKIP","floor":21},{"not_picked":["Sever Soul","Havoc","Bloodletting"],"picked":"SKIP","floor":24},{"not_picked":["Warcry","Iron Wave+1"],"picked":"Metallicize","floor":27},{"not_picked":["True Grit","Anger","Havoc+1"],"picked":"SKIP","floor":29},{"not_picked":["Anger","Pommel Strike"],"picked":"Metallicize+1","floor":30},{"not_picked":["Uppercut","Shockwave","Sever Soul+1"],"picked":"SKIP","floor":31},{"not_picked":["Feed","Immolate"],"picked":"Offering","floor":33},{"not_picked":["Ghostly Armor+1","Anger","Infernal Blade+1"],"picked":"SKIP","floor":35},{"not_picked":["Intimidate","Flex","Perfected Strike+1"],"picked":"SKIP","floor":36},{"not_picked":["Twin Strike","Clash+1","Rupture"],"picked":"SKIP","floor":38},{"not_picked":["True Grit","Carnage+1","Immolate"],"picked":"SKIP","floor":41},{"not_picked":["Anger+1","Carnage+1","True Grit"],"picked":"SKIP","floor":45},{"not_picked":["Headbutt+1","Searing Blow+1","Clash"],"picked":"SKIP","floor":46},{"not_picked":["Flex","Pommel Strike","Inflame"],"picked":"SKIP","floor":47}],"player_experience":2052106,"relics_obtained":[{"floor":6,"key":"FossilizedHelix"},{"floor":8,"key":"Omamori"},{"floor":9,"key":"Meat on the Bone"},{"floor":43,"key":"Bird Faced Urn"},{"floor":46,"key":"Smiling Mask"}],"event_choices":[{"cards_removed":["Strike_R"],"damage_healed":0,"gold_gain":0,"player_choice":"Offered Basic","damage_taken":0,"max_hp_gain":0,"max_hp_loss":0,"event_name":"Bonfire Elementals","floor":2,"gold_loss":0},{"damage_healed":0,"gold_gain":0,"player_choice":"Donut","damage_taken":0,"max_hp_gain":5,"max_hp_loss":0,"event_name":"Big Fish","floor":10,"gold_loss":0},{"damage_healed":0,"gold_gain":0,"player_choice":"Fight","damage_taken":0,"max_hp_gain":0,"max_hp_loss":0,"event_name":"Colosseum","floor":22,"gold_loss":0},{"damage_healed":0,"gold_gain":0,"player_choice":"Fled From Nobs","damage_taken":0,"max_hp_gain":0,"max_hp_loss":0,"event_name":"Colosseum","floor":22,"gold_loss":0},{"damage_healed":0,"gold_gain":0,"player_choice":"Obtained Relic","damage_taken":0,"relics_obtained":["Sundial"],"max_hp_gain":0,"max_hp_loss":0,"event_name":"Addict","floor":28,"gold_loss":85},{"damage_healed":0,"gold_gain":0,"player_choice":"Paid Gold","damage_taken":0,"relics_obtained":["Mercury Hourglass"],"max_hp_gain":0,"max_hp_loss":0,"event_name":"WeMeetAgain","floor":39,"gold_loss":52}],"is_beta":false,"boss_relics":[{"not_picked":["Orrery","Philosopher\u0027s Stone"],"picked":"Sozu"},{"not_picked":["Runic Pyramid","Coffee Dripper"],"picked":"Eternal Feather"}],"items_purged_floors":[13,48],"is_endless":false,"potions_floor_spawned":[1,4,6,12,14,16,22,27,29,31,38,41,47],"killed_by":"Donu and Deca","ascension_level":0}