{"gold_per_floor":[119,136,136,136,148,148,173,173,173,193,193,208,47,63,63,63],"floor_reached":16,"playtime":1020,"items_purged":["Strike_R"],"score":184,"play_id":"d3f68548-8596-4e45-94f6-284313d7e884","local_time":"20190213135317","is_ascension_mode":true,"campfire_choices":[{"data":"Clothesline","floor":6.0,"key":"SMITH"},{"data":"Shockwave","floor":8.0,"key":"SMITH"},{"floor":15.0,"key":"REST"}],"neow_cost":"NONE","seed_source_timestamp":0,"circlet_count":0,"master_deck":["AscendersBane","Strike_R","Strike_R","Strike_R","Defend_R","Defend_R","Defend_R","Defend_R","Bash","Clothesline+1","Armaments+1","Shockwave+1","Metallicize","True Grit","Impervious","Body Slam"],"special_seed":0,"relics":["Burning Blood","Dodecahedron","Paper Frog"],"potions_floor_usage":[],"damage_taken":[{"damage":1.0,"enemies":"Small Slimes","floor":1.0,"turns":5.0},{"damage":5.0,"enemies":"Jaw Worm","floor":2.0,"turns":4.0},{"damage":7.0,"enemies":"Cultist","floor":5.0,"turns":4.0},{"damage":39.0,"enemies":"Lagavulin","floor":7.0,"turns":7.0},{"damage":22.0,"enemies":"Lots of Slimes","floor":10.0,"turns":5.0},{"damage":11.0,"enemies":"Exordium Thugs","floor":12.0,"turns":6.0},{"damage":1.0,"enemies":"Exordium Wildlife","floor":14.0,"turns":6.0},{"damage":50,"enemies":"Hexaghost","floor":16,"turns":12}],"seed_played":"1238394557116159528","potions_obtained":[{"floor":5.0,"key":"Ancient Potion"},{"floor":12.0,"key":"Ancient Potion"}],"is_trial":false,"path_per_floor":["M","M","?","?","M","R","E","R","T","M","?","M","$","M","R","B"],"character_chosen":"IRONCLAD","items_purchased":["Impervious"],"campfire_rested":1,"item_purchase_floors":[13],"current_hp_per_floor":[80,81,81,86,85,85,52,52,52,36,36,31,31,36,62,12],"gold":63,"neow_bonus":"TEN_PERCENT_HP_BONUS","is_prod":false,"is_daily":false,"chose_seed":false,"campfire_upgraded":2,"win_rate":0,"timestamp":1550062397,"path_taken":["M","M","?","?","M","R","E","R","T","M","?","M","$","M","R","BOSS"],"build_version":"2019-02-06","purchased_purges":1,"victory":false,"max_hp_per_floor":[82,82,82,87,87,87,87,87,87,87,87,87,87,87,87,87],"card_choices":[{"not_picked":["Wild Strike","Twin Strike"],"picked":"Clothesline","floor":1.0},{"not_picked":["Seeing Red","Intimidate"],"picked":"Armaments","floor":2.0},{"not_picked":["Iron Wave","Blood for Blood"],"picked":"Shockwave","floor":5.0},{"not_picked":["Entrench","Combust","Clothesline"],"picked":"SKIP","floor":7.0},{"not_picked":["Whirlwind","Battle Trance"],"picked":"Metallicize","floor":10.0},{"not_picked":["Seeing Red","Second Wind"],"picked":"True Grit","floor":12.0},{"not_picked":["Pummel","Wild Strike"],"picked":"Body Slam","floor":14.0}],"player_experience":445816,"relics_obtained":[{"floor":7.0,"key":"Dodecahedron"},{"floor":9.0,"key":"Paper Frog"}],"event_choices":[{"damage_healed":0.0,"max_hp_gain":0.0,"max_hp_loss":0.0,"gold_gain":0.0,"event_name":"Living Wall","player_choice":"Grow","floor":3.0,"gold_loss":0.0,"damage_taken":0.0,"cards_upgraded":["Armaments"]},{"damage_healed":0.0,"max_hp_gain":5.0,"max_hp_loss":0.0,"gold_gain":0.0,"event_name":"Big Fish","player_choice":"Donut","floor":4.0,"gold_loss":0.0,"damage_taken":0.0},{"cards_removed":["Strike_R"],"damage_healed":0.0,"max_hp_gain":0.0,"max_hp_loss":0.0,"gold_gain":0.0,"event_name":"Bonfire Elementals","player_choice":"Offered Basic","floor":11.0,"gold_loss":0.0,"damage_taken":0.0}],"is_beta":true,"boss_relics":[],"items_purged_floors":[13],"is_endless":false,"potions_floor_spawned":[5,12],"killed_by":"Hexaghost","ascension_level":16}