{"gold_per_floor":[118,138,138,63,63,88,88,105,131,142,42,42,42,56,56,159,159,172,172,105,120,138,138,138,150,150,150,165,80,106,124,124,124],"floor_reached":33,"playtime":881,"items_purged":["Regret","Distraction"],"score":267,"play_id":"1a59fe22-5644-41f5-96ad-3244b1f255b0","local_time":"20180727190718","is_ascension_mode":false,"campfire_choices":[{"data":"Crippling Poison","floor":7,"key":"SMITH"},{"data":"Deadly Poison","floor":12,"key":"SMITH"},{"floor":15,"key":"REST"},{"data":"Noxious Fumes","floor":23,"key":"SMITH"},{"data":"Bouncing Flask","floor":27,"key":"SMITH"},{"floor":32,"key":"REST"}],"neow_cost":"NONE","seed_source_timestamp":23492839066587,"circlet_count":0,"master_deck":["Defend_G","Defend_G+1","Defend_G+1","Defend_G","Strike_G+1","Survivor","Neutralize","Crippling Poison+1","Noxious Fumes+1","Infinite Blades+1","Crippling Poison+1","Deadly Poison+1","Bane","Deadly Poison+1","Adrenaline","All Out Attack","Noxious Fumes+1","Dodge and Roll+1","Outmaneuver","Bouncing Flask+1","Dash+1","Bouncing Flask+1","Corpse Explosion"],"relics":["Astrolabe","Centennial Puzzle","Potion Belt","Anchor","Sozu","Molten Egg 2","War Paint","StoneCalendar"],"potions_floor_usage":[16,33],"damage_taken":[{"damage":6,"enemies":"Small Slimes","floor":1,"turns":4},{"damage":2,"enemies":"Jaw Worm","floor":2,"turns":4},{"damage":8,"enemies":"Lagavulin","floor":6,"turns":6},{"damage":3,"enemies":"2 Louse","floor":8,"turns":2},{"damage":4,"enemies":"Blue Slaver","floor":10,"turns":3},{"damage":9,"enemies":"Large Slime","floor":14,"turns":5},{"damage":8,"enemies":"The Guardian","floor":16,"turns":7},{"damage":0,"enemies":"3 Byrds","floor":18,"turns":2},{"damage":14,"enemies":"2 Thieves","floor":21,"turns":3},{"damage":3,"enemies":"Snake Plant","floor":22,"turns":4},{"damage":2,"enemies":"Sentry and Sphere","floor":25,"turns":4},{"damage":16,"enemies":"Centurion and Healer","floor":28,"turns":5},{"damage":16,"enemies":"Slavers","floor":30,"turns":4},{"damage":7,"enemies":"Slaver and Parasite","floor":31,"turns":5},{"damage":33,"enemies":"Collector","floor":33,"turns":3}],"seed_played":"-3046332727184312350","potions_obtained":[{"floor":1,"key":"PowerPotion"},{"floor":16,"key":"Ancient Potion"}],"is_trial":false,"path_per_floor":["M","M","?","$","?","E","R","M","T","M","$","R","?","M","R","B",null,"M","?","$","M","M","R","?","M","T","R","M","?","E","M","R"],"character_chosen":"THE_SILENT","items_purchased":["Noxious Fumes"],"campfire_rested":2,"item_purchase_floors":[20],"current_hp_per_floor":[64,62,62,62,55,47,47,44,44,40,40,40,26,17,38,30,70,70,70,70,56,53,53,53,51,51,51,35,35,19,12,33,0],"gold":124,"neow_bonus":"BOSS_RELIC","is_prod":false,"is_daily":false,"chose_seed":false,"campfire_upgraded":4,"win_rate":0,"timestamp":1532684238,"path_taken":["M","M","?","$","?","E","R","M","T","M","?","R","?","?","R","BOSS","M","?","$","M","M","R","?","M","T","R","M","?","E","M","R","BOSS"],"build_version":"2018-07-26","purchased_purges":2,"victory":false,"max_hp_per_floor":[70,70,70,70,70,70,70,70,70,70,70,70,70,70,70,70,70,70,70,70,70,70,70,70,70,70,70,70,70,70,70,70,70],"card_choices":[{"not_picked":["Well Laid Plans","Tactician"],"picked":"Crippling Poison","floor":1},{"not_picked":["Dodge and Roll","Bane"],"picked":"Deadly Poison","floor":2},{"not_picked":["Deflect","Cloak And Dagger"],"picked":"Bane","floor":6},{"not_picked":["Dagger Throw","Outmaneuver"],"picked":"Deadly Poison","floor":8},{"not_picked":["Deflect","Prepared"],"picked":"Distraction","floor":10},{"not_picked":["Sucker Punch","Masterful Stab","Slice"],"picked":"SKIP","floor":14},{"not_picked":["Unload","Die Die Die"],"picked":"Adrenaline","floor":16},{"not_picked":["Calculated Gamble","Endless Agony"],"picked":"All Out Attack","floor":18},{"not_picked":["Acrobatics+1","Setup"],"picked":"Dodge and Roll+1","floor":21},{"not_picked":["Dagger Throw","Predator"],"picked":"Outmaneuver","floor":22},{"not_picked":["Prepared","Quick Slash"],"picked":"Bouncing Flask","floor":25},{"not_picked":["Sucker Punch+1","Dagger Throw+1"],"picked":"Dash+1","floor":28},{"not_picked":["PiercingWail","Dagger Spray+1"],"picked":"Bouncing Flask+1","floor":30},{"not_picked":["Expertise","Footwork"],"picked":"Corpse Explosion","floor":31}],"player_experience":267004,"relics_obtained":[{"floor":6,"key":"Potion Belt"},{"floor":9,"key":"Anchor"},{"floor":26,"key":"Molten Egg 2"},{"floor":30,"key":"StoneCalendar"}],"event_choices":[{"event_name":"Big Fish","player_choice":"Box","floor":3,"damage_taken":0},{"event_name":"Golden Wing","player_choice":"Card Removal","floor":5,"damage_taken":0},{"event_name":"Shining Light","player_choice":"Entered Light","floor":13,"damage_taken":0},{"event_name":"Purifier","player_choice":"One Purge","floor":19,"damage_taken":0},{"event_name":"Cursed Tome","player_choice":"Ignored","floor":24,"damage_taken":0},{"event_name":"WeMeetAgain","player_choice":"Gold","floor":29,"damage_taken":0}],"is_beta":false,"boss_relics":[{"not_picked":["Orrery","Coffee Dripper"],"picked":"Sozu"}],"items_purged_floors":[4,11],"is_endless":false,"potions_floor_spawned":[1,16,22,30],"killed_by":"Collector","ascension_level":0}