{"gold_per_floor":[113,63,76,95,95,95,95,95,95,126,126,182,197,210,210,210],"floor_reached":16,"playtime":591,"items_purged":[],"score":170,"play_id":"5657bf6b-44ec-4d34-94da-ae8874431be4","local_time":"20190207183339","is_ascension_mode":true,"campfire_choices":[{"data":"Bash","floor":6,"key":"SMITH"},{"data":"Warcry","floor":8,"key":"SMITH"},{"floor":11,"key":"REST"},{"floor":15,"key":"REST"}],"neow_cost":"NONE","seed_source_timestamp":1327808439972225,"circlet_count":0,"master_deck":["AscendersBane","Strike_R","Strike_R","Strike_R+1","Strike_R","Defend_R+1","Defend_R","Defend_R","Defend_R","Bash+1","Offering","Seeing Red","Warcry+1","Immolate","Metallicize"],"relics":["Burning Blood","Turnip","Matryoshka","Mercury Hourglass","Boot"],"potions_floor_usage":[12,16,16],"damage_taken":[{"damage":9,"enemies":"Jaw Worm","floor":1,"turns":4},{"damage":4,"enemies":"2 Louse","floor":3,"turns":3},{"damage":0,"enemies":"Small Slimes","floor":4,"turns":4},{"damage":45,"enemies":"3 Sentries","floor":10,"turns":14},{"damage":39,"enemies":"Lagavulin Event","floor":12,"turns":4},{"damage":6,"enemies":"Looter","floor":13,"turns":1},{"damage":0,"enemies":"3 Louse","floor":14,"turns":1},{"damage":37,"enemies":"The Guardian","floor":16,"turns":14}],"seed_played":"1977516865381861674","potions_obtained":[{"floor":3,"key":"BloodPotion"},{"floor":13,"key":"SteroidPotion"},{"floor":14,"key":"Poison Potion"}],"is_trial":false,"path_per_floor":["M","?","M","M","?","R","?","R","T","E","R","?","M","M","R","B"],"character_chosen":"IRONCLAD","items_purchased":[],"campfire_rested":2,"item_purchase_floors":[],"current_hp_per_floor":[65,65,67,73,66,66,51,51,51,12,34,8,8,14,36,0],"gold":210,"neow_bonus":"ONE_RANDOM_RARE_CARD","is_prod":false,"is_daily":false,"chose_seed":false,"campfire_upgraded":2,"win_rate":0,"timestamp":1549532019,"path_taken":["M","?","M","M","?","R","?","R","T","E","R","?","M","M","R","BOSS"],"build_version":"2019-01-23","purchased_purges":0,"victory":false,"max_hp_per_floor":[75,75,75,75,75,75,75,75,75,75,75,75,75,75,75,75],"card_choices":[{"not_picked":["Cleave","True Grit","Heavy Blade"],"picked":"SKIP","floor":1},{"not_picked":["Perfected Strike","Armaments"],"picked":"Seeing Red","floor":3},{"not_picked":["Searing Blow","True Grit"],"picked":"Warcry","floor":4},{"not_picked":["Seeing Red","Rupture"],"picked":"Immolate","floor":10},{"not_picked":["Entrench","Wild Strike","Hemokinesis"],"picked":"SKIP","floor":13},{"not_picked":["Intimidate","True Grit"],"picked":"Metallicize","floor":14}],"player_experience":479064,"relics_obtained":[{"floor":9,"key":"Matryoshka"},{"floor":10,"key":"Mercury Hourglass"},{"floor":12,"key":"Boot"}],"event_choices":[{"cards_removed":["Strike_R"],"damage_healed":0,"gold_gain":0,"player_choice":"Card Removal","damage_taken":0,"max_hp_gain":0,"max_hp_loss":0,"event_name":"The Cleric","floor":2,"gold_loss":50},{"damage_healed":0,"gold_gain":0,"player_choice":"Success","damage_taken":7,"relics_obtained":["Turnip"],"max_hp_gain":0,"max_hp_loss":0,"event_name":"Scrap Ooze","floor":5,"gold_loss":0},{"damage_healed":0,"gold_gain":0,"player_choice":"Entered Light","damage_taken":15,"max_hp_gain":0,"max_hp_loss":0,"event_name":"Shining Light","floor":7,"gold_loss":0,"cards_upgraded":["Defend_R","Strike_R"]},{"damage_healed":0,"gold_gain":0,"player_choice":"Searched \u00271\u0027 times","damage_taken":0,"max_hp_gain":0,"max_hp_loss":0,"event_name":"Dead Adventurer","floor":12,"gold_loss":0}],"is_beta":false,"boss_relics":[],"items_purged_floors":[],"is_endless":false,"potions_floor_spawned":[3,13,14],"killed_by":"The Guardian","ascension_level":14}