{"gold_per_floor":[116,1,14,14,29,58,58,58,58,68,68,91,36,46,46,120,120,135,185,21,39,89,89,30,42,42,60,60],"floor_reached":28,"playtime":1038,"items_purged":["Strike_B"],"score":414,"play_id":"d8edb369-0b25-4eda-8220-77e556f091f6","local_time":"20190129204135","is_ascension_mode":true,"campfire_choices":[{"floor":7,"key":"REST"},{"floor":11,"key":"REST"},{"floor":15,"key":"REST"},{"data":"White Noise","floor":23,"key":"SMITH"}],"neow_cost":"NONE","seed_source_timestamp":461342768870788,"circlet_count":0,"master_deck":["AscendersBane","Strike_B","Strike_B","Defend_B","Defend_B","Defend_B","Defend_B","Zap","Dualcast","Finesse","Doom and Gloom","Storm","Go for the Eyes","White Noise+1","Sweeping Beam","Heatsinks","Conserve Battery","Doom and Gloom","Fission","Steam","Glacier","Coolheaded","Chill+1","Compile Driver+1"],"relics":["Cracked Core","Question Card","Art of War","Orichalcum","Eternal Feather","PreservedInsect","Kunai"],"potions_floor_usage":[6,6,16,25,27,28],"damage_taken":[{"damage":0,"enemies":"Cultist","floor":1,"turns":3},{"damage":3,"enemies":"2 Louse","floor":3,"turns":2},{"damage":17,"enemies":"Jaw Worm","floor":5,"turns":4},{"damage":23,"enemies":"3 Sentries","floor":6,"turns":6},{"damage":13,"enemies":"Blue Slaver","floor":10,"turns":4},{"damage":3,"enemies":"Exordium Wildlife","floor":14,"turns":3},{"damage":31,"enemies":"Slime Boss","floor":16,"turns":10},{"damage":19,"enemies":"Spheric Guardian","floor":18,"turns":4},{"damage":13,"enemies":"Shell Parasite","floor":21,"turns":4},{"damage":17,"enemies":"3 Cultists","floor":25,"turns":5},{"damage":17,"enemies":"Snecko","floor":27,"turns":7},{"damage":14,"enemies":"Centurion and Healer","floor":28,"turns":5}],"seed_played":"-7467315349616060366","potions_obtained":[{"floor":3,"key":"Strength Potion"},{"floor":5,"key":"SkillPotion"},{"floor":10,"key":"EssenceOfSteel"},{"floor":16,"key":"EssenceOfSteel"},{"floor":18,"key":"Strength Potion"},{"floor":25,"key":"Explosive Potion"}],"is_trial":false,"path_per_floor":["M","$","M","$","M","E","R","?","T","M","R","T","$","M","R","B",null,"M","?","$","M","?","R","$","M","T","M","M"],"character_chosen":"DEFECT","items_purchased":["Storm","Conserve Battery","PreservedInsect","Coolheaded"],"campfire_rested":3,"item_purchase_floors":[2,13,20,24],"current_hp_per_floor":[64,64,61,61,44,21,42,42,42,29,50,50,50,47,68,37,63,44,44,44,31,31,43,43,26,26,9,0],"gold":60,"neow_bonus":"RANDOM_COLORLESS","is_prod":false,"is_daily":false,"chose_seed":false,"campfire_upgraded":1,"win_rate":0,"timestamp":1548812495,"path_taken":["M","$","?","?","?","E","R","?","T","M","R","?","?","M","R","BOSS","M","?","$","M","?","R","$","M","T","?","M"],"build_version":"2019-01-23","purchased_purges":1,"victory":false,"max_hp_per_floor":[71,71,71,71,71,71,71,71,71,71,71,71,71,71,71,71,71,71,71,71,71,71,71,71,71,71,71,71],"card_choices":[{"not_picked":["Streamline","Coolheaded"],"picked":"Doom and Gloom","floor":1},{"not_picked":["Turbo","Beam Cell"],"picked":"Go for the Eyes","floor":3},{"not_picked":["Barrage","Gash"],"picked":"White Noise","floor":5},{"not_picked":["Aggregate","Tempest"],"picked":"Sweeping Beam","floor":6},{"not_picked":["Streamline","Barrage","Skim"],"picked":"Heatsinks","floor":10},{"not_picked":["Darkness","Barrage","FTL"],"picked":"Doom and Gloom","floor":14},{"not_picked":["Meteor Strike","Multi-Cast","Reboot"],"picked":"Fission","floor":16},{"not_picked":["Rebound","Gash","Leap"],"picked":"Steam","floor":18},{"not_picked":["Redo","Sweeping Beam","Steam+1"],"picked":"Glacier","floor":21},{"not_picked":["Gash","Lockon","Turbo"],"picked":"Chill+1","floor":25},{"not_picked":["Turbo","Genetic Algorithm","FTL"],"picked":"Compile Driver+1","floor":27}],"player_experience":2215750,"relics_obtained":[{"floor":6,"key":"Question Card"},{"floor":9,"key":"Art of War"},{"floor":12,"key":"Orichalcum"},{"floor":26,"key":"Kunai"}],"event_choices":[{"cards_removed":["Strike_B"],"damage_healed":0,"gold_gain":0,"player_choice":"Forget","damage_taken":0,"max_hp_gain":0,"max_hp_loss":0,"event_name":"Living Wall","floor":8,"gold_loss":0},{"damage_healed":0,"gold_gain":50,"player_choice":"Stole From Cult","damage_taken":0,"max_hp_gain":0,"max_hp_loss":0,"event_name":"Nest","floor":19,"gold_loss":0},{"damage_healed":0,"gold_gain":50,"player_choice":"Pray","damage_taken":0,"max_hp_gain":0,"max_hp_loss":0,"event_name":"Golden Shrine","floor":22,"gold_loss":0}],"is_beta":false,"boss_relics":[{"not_picked":["Nuclear Battery","Black Star"],"picked":"Eternal Feather"}],"items_purged_floors":[2],"is_endless":false,"potions_floor_spawned":[3,5,10,16,18,25],"killed_by":"Centurion and Healer","ascension_level":18}