{"path_per_floor":["M","M","$","?","M","M","R","E","T","M","R","M","$","?","R","B",null,"M","M","?","M","M","R","E","R","T","M","?","M","?","M","R","B",null,"M","$","M","M","?","R"],"character_chosen":"IRONCLAD","items_purchased":["Panacea","Uppercut","Ghostly Armor","Shrug It Off","Bronze Scales"],"gold_per_floor":[113,132,2,2,21,34,34,61,87,98,98,114,15,15,15,111,111,124,137,62,75,91,91,123,123,123,137,137,150,150,169,169,267,267,286,63,82,94,94,94,94],"floor_reached":41,"campfire_rested":7,"playtime":2966,"item_purchase_floors":[3,3,13,13,36],"current_hp_per_floor":[66,63,63,63,55,36,60,31,38,37,63,47,47,47,73,16,87,87,72,72,49,47,73,56,82,82,62,62,56,56,50,76,39,87,87,87,87,11,11,37,0],"items_purged":["Strike_R"],"gold":94,"score":508,"play_id":"93c59782-5d5d-4dc8-af18-9db0af7b6b14","local_time":"20180609160426","is_prod":false,"is_daily":false,"chose_seed":false,"is_ascension_mode":true,"campfire_upgraded":0,"win_rate":0,"timestamp":1528574666,"campfire_choices":[{"floor":7,"key":"REST"},{"floor":11,"key":"REST"},{"floor":15,"key":"REST"},{"floor":23,"key":"REST"},{"floor":25,"key":"REST"},{"floor":32,"key":"REST"},{"floor":40,"key":"REST"}],"path_taken":["M","M","$","?","?","M","R","E","T","M","R","M","?","?","R","BOSS","M","M","?","?","M","R","E","R","T","M","?","M","?","M","R","BOSS","M","$","M","M","?","R","E"],"build_version":"2018-06-07v3","seed_source_timestamp":246066466007747,"purchased_purges":1,"victory":false,"master_deck":["Strike_R","Strike_R","Strike_R","Defend_R","Defend_R","Defend_R","Bash","Barricade+1","Perfected Strike","Armaments","Panacea","Uppercut","Cleave","Iron Wave","Intimidate","Perfected Strike","Infernal Blade","Ghostly Armor","Shrug It Off","Impervious","Power Through+1","Whirlwind","Body Slam","Iron Wave","Inflame","Impervious","True Grit","Impervious","Battle Trance","Perfected Strike+1"],"max_hp_per_floor":[80,80,80,80,80,80,80,80,87,87,87,87,87,87,87,87,87,87,87,87,87,87,87,87,87,87,87,87,87,87,87,87,87,87,87,87,87,87,87,87,87],"relics":["Burning Blood","Bag of Preparation","Strawberry","Bag of Marbles","Mark of Pain","Unceasing Top","Toolbox","Runic Cube","Bronze Scales"],"card_choices":[{"not_picked":["True Grit","Havoc"],"picked":"Perfected Strike","floor":1},{"not_picked":["Havoc","Heavy Blade"],"picked":"Armaments","floor":2},{"not_picked":["Feel No Pain","Sever Soul"],"picked":"Cleave","floor":5},{"not_picked":["Havoc","Flex"],"picked":"Iron Wave","floor":6},{"not_picked":["Evolve","Sever Soul"],"picked":"Intimidate","floor":8},{"not_picked":["Offering","Twin Strike"],"picked":"Perfected Strike","floor":10},{"not_picked":["Flex","Uppercut"],"picked":"Infernal Blade","floor":12},{"not_picked":["Immolate","Reaper"],"picked":"Impervious","floor":16},{"not_picked":["Body Slam","Shrug It Off+1"],"picked":"Power Through+1","floor":18},{"not_picked":["Pommel Strike","Burning Pact"],"picked":"Whirlwind","floor":19},{"not_picked":["Flex","Searing Blow+1"],"picked":"Body Slam","floor":21},{"not_picked":["Thunderclap","Flex+1"],"picked":"Iron Wave","floor":22},{"not_picked":["Infernal Blade","Clash"],"picked":"Inflame","floor":24},{"not_picked":["Wild Strike","Headbutt","Barricade"],"picked":"SKIP","floor":27},{"not_picked":["Battle Trance","Heavy Blade"],"picked":"True Grit","floor":29},{"not_picked":["Cleave","Anger","Searing Blow"],"picked":"SKIP","floor":31},{"not_picked":["Double Tap","Berserk"],"picked":"Impervious","floor":33},{"not_picked":["Shrug It Off+1","Bloodletting","Whirlwind"],"picked":"SKIP","floor":35},{"not_picked":["Evolve","Sever Soul+1"],"picked":"Battle Trance","floor":37},{"not_picked":["Corruption","Fire Breathing"],"picked":"Perfected Strike+1","floor":38}],"player_experience":441509,"potions_floor_usage":[6,8,16,16,22,24,33,33,38,38],"damage_taken":[{"damage":20,"enemies":"Cultist","floor":1,"turns":5},{"damage":9,"enemies":"Jaw Worm","floor":2,"turns":4},{"damage":14,"enemies":"2 Louse","floor":5,"turns":3},{"damage":25,"enemies":"Large Slime","floor":6,"turns":4},{"damage":50,"enemies":"Lagavulin","floor":8,"turns":7},{"damage":7,"enemies":"2 Fungi Beasts","floor":10,"turns":4},{"damage":22,"enemies":"Exordium Wildlife","floor":12,"turns":6},{"damage":63,"enemies":"Slime Boss","floor":16,"turns":13},{"damage":0,"enemies":"Chosen","floor":18,"turns":4},{"damage":21,"enemies":"3 Byrds","floor":19,"turns":8},{"damage":29,"enemies":"3 Cultists","floor":21,"turns":6},{"damage":8,"enemies":"Snecko","floor":22,"turns":3},{"damage":23,"enemies":"Slavers","floor":24,"turns":9},{"damage":26,"enemies":"Slaver and Parasite","floor":27,"turns":10},{"damage":12,"enemies":"Snake Plant","floor":29,"turns":4},{"damage":12,"enemies":"Chosen and Byrds","floor":31,"turns":9},{"damage":57,"enemies":"Collector","floor":33,"turns":16},{"damage":0,"enemies":"Orb Walker","floor":35,"turns":3},{"damage":0,"enemies":"3 Shapes","floor":37,"turns":6},{"damage":82,"enemies":"Maw","floor":38,"turns":12},{"damage":48,"enemies":"Giant Head","floor":41,"turns":9}],"relics_obtained":[{"floor":8,"key":"Bag of Preparation"},{"floor":9,"key":"Strawberry"},{"floor":24,"key":"Unceasing Top"},{"floor":26,"key":"Toolbox"}],"event_choices":[{"event_name":"Upgrade Shrine","player_choice":"Upgraded","floor":4,"damage_taken":0},{"event_name":"Dead Adventurer","player_choice":"Searched \u00271\u0027 times","floor":14,"damage_taken":0},{"event_name":"Beggar","player_choice":"Gave Gold","floor":20,"damage_taken":0},{"event_name":"Duplicator","player_choice":"One dupe","floor":28,"damage_taken":0},{"event_name":"The Mausoleum","player_choice":"No","floor":30,"damage_taken":0},{"event_name":"Falling","player_choice":"Removed Skill","floor":39,"damage_taken":0}],"boss_relics":[{"not_picked":["Eternal Feather","Calling Bell"],"picked":"Mark of Pain"},{"not_picked":["White Beast Statue","Orrery"],"picked":"Runic Cube"}],"items_purged_floors":[36],"potions_floor_spawned":[2,6,8,10,19,21,22,24,33,35,37],"seed_played":"6413766623002228064","killed_by":"Giant Head","ascension_level":3,"potions_obtained":[{"floor":2,"key":"AttackPotion"},{"floor":6,"key":"Regen Potion"},{"floor":8,"key":"Dexterity Potion"},{"floor":10,"key":"FearPotion"},{"floor":19,"key":"Dexterity Potion"},{"floor":21,"key":"Fire Potion"},{"floor":22,"key":"Dexterity Potion"},{"floor":24,"key":"Regen Potion"},{"floor":33,"key":"LiquidBronze"},{"floor":35,"key":"Ancient Potion"},{"floor":37,"key":"Block Potion"}],"is_trial":false}