{"path_per_floor":["M","?","$","M","$","R","E","R","T","M","?","M","?","M","R","B",null,"M","$","M","?","?","R","M"],"character_chosen":"DEFECT","items_purchased":["Go for the Eyes","Streamline","Kunai","FTL"],"gold_per_floor":[115,115,68,84,33,33,367,367,394,404,404,420,420,440,440,536,536,551,133,153,153,252,252,272,272],"floor_reached":25,"campfire_rested":2,"playtime":997,"item_purchase_floors":[3,5,19,19],"current_hp_per_floor":[75,75,75,75,75,75,75,75,75,68,68,57,57,47,69,30,75,55,55,36,36,36,58,20,0],"items_purged":["Dualcast"],"gold":272,"score":260,"play_id":"75b83fa9-e861-4354-bc03-bf9506743205","local_time":"20180615071120","is_prod":false,"is_daily":false,"chose_seed":false,"is_ascension_mode":true,"campfire_upgraded":2,"win_rate":0,"timestamp":1529061080,"campfire_choices":[{"data":"Streamline","floor":6,"key":"SMITH"},{"data":"Seek","floor":8,"key":"SMITH"},{"floor":15,"key":"REST"},{"floor":23,"key":"REST"}],"path_taken":["M","?","$","M","$","R","E","R","T","M","?","?","?","M","R","BOSS","M","$","M","?","?","R","M","E"],"build_version":"2018-06-14v2","seed_source_timestamp":99435330361195,"purchased_purges":1,"victory":false,"master_deck":["Strike_B","Strike_B","Strike_B","Strike_B","Defend_B","Defend_B","Defend_B","Defend_B","Zap","Gash+1","Go for the Eyes","Go for the Eyes+1","Streamline+1","Seek+1","Melter","Scrape","Gash","Hyperbeam","Sweeping Beam","FTL","Hologram","Gash","Go for the Eyes"],"max_hp_per_floor":[75,75,75,75,75,75,75,75,75,75,75,75,75,75,75,75,75,75,75,75,75,75,75,75,75],"relics":["Cracked Core","NeowsBlessing","Old Coin","Art of War","Philosopher\u0027s Stone","Kunai"],"card_choices":[{"not_picked":["Hello World","Go for the Eyes"],"picked":"Gash","floor":1},{"not_picked":["Chill","Stack"],"picked":"Go for the Eyes","floor":4},{"not_picked":["Leap","Defragment"],"picked":"Seek","floor":7},{"not_picked":["Tempest","Conserve Battery"],"picked":"Melter","floor":10},{"not_picked":["Force Field","Steam"],"picked":"Scrape","floor":12},{"not_picked":["Steam","Redo"],"picked":"Gash","floor":14},{"not_picked":["Meteor Strike","Reboot"],"picked":"Hyperbeam","floor":16},{"not_picked":["Cold Snap","Turbo"],"picked":"Sweeping Beam","floor":18},{"not_picked":["Steam","Conserve Battery"],"picked":"Hologram","floor":20},{"not_picked":["Heatsinks","Reinforced Body"],"picked":"Go for the Eyes","floor":24}],"player_experience":559930,"potions_floor_usage":[16,20,24,25],"damage_taken":[{"damage":0,"enemies":"Cultist","floor":1,"turns":1},{"damage":0,"enemies":"Jaw Worm","floor":4,"turns":1},{"damage":0,"enemies":"3 Sentries","floor":7,"turns":1},{"damage":7,"enemies":"Small Slimes","floor":10,"turns":2},{"damage":11,"enemies":"Looter","floor":12,"turns":2},{"damage":10,"enemies":"Gremlin Gang","floor":14,"turns":4},{"damage":39,"enemies":"Hexaghost","floor":16,"turns":8},{"damage":20,"enemies":"2 Thieves","floor":18,"turns":3},{"damage":19,"enemies":"3 Byrds","floor":20,"turns":3},{"damage":38,"enemies":"Snecko","floor":24,"turns":5},{"damage":39,"enemies":"Slavers","floor":25,"turns":3}],"relics_obtained":[{"floor":7,"key":"Old Coin"},{"floor":9,"key":"Art of War"}],"event_choices":[{"event_name":"Living Wall","player_choice":"Grow","floor":2,"damage_taken":0},{"event_name":"Upgrade Shrine","player_choice":"Upgraded","floor":11,"damage_taken":0},{"event_name":"The Lab","player_choice":"Got Potions","floor":13,"damage_taken":0},{"event_name":"The Library","player_choice":"Read","floor":21,"damage_taken":0},{"event_name":"Nest","player_choice":"Stole From Cult","floor":22,"damage_taken":0}],"boss_relics":[{"not_picked":["Tiny House","Ectoplasm"],"picked":"Philosopher\u0027s Stone"}],"items_purged_floors":[19],"is_endless":false,"potions_floor_spawned":[7,10,14,18,24],"seed_played":"-1499343955169833076","killed_by":"Slavers","ascension_level":3,"potions_obtained":[{"floor":7,"key":"Energy Potion"},{"floor":10,"key":"SteroidPotion"},{"floor":13,"key":"FairyPotion"},{"floor":13,"key":"Strength Potion"},{"floor":18,"key":"EssenceOfSteel"},{"floor":24,"key":"Strength Potion"}],"is_trial":false}