{"gold_per_floor":[212,48,48,60,70,70,87,87,87,106,122,132,99,117,117,213,243,257,257,276,94,94],"floor_reached":22,"playtime":1206,"items_purged":["Strike_R","Strike_R"],"score":243,"play_id":"9fad0c2b-bcc8-4a0d-8424-1c2cc40e81df","local_time":"20180720124338","is_ascension_mode":true,"campfire_choices":[{"data":"Bash","floor":6,"key":"SMITH"},{"data":"Whirlwind","floor":8,"key":"SMITH"},{"floor":15,"key":"REST"}],"neow_cost":"NONE","seed_source_timestamp":568206954049750,"circlet_count":0,"master_deck":["Strike_R","Strike_R","Strike_R","Defend_R","Defend_R","Defend_R","Defend_R","Bash+1","Heavy Blade","Power Through","Clothesline","Whirlwind+1","Iron Wave","Clash","Inflame+1","Shockwave","Evolve+1","Uppercut","Limit Break+1","Writhe","Injury","Pain","Iron Wave","Heavy Blade","Inflame+1"],"special_seed":0,"relics":["Burning Blood","Frozen Egg 2","Calling Bell","Tiny Chest","Self Forming Clay","Torii"],"potions_floor_usage":[12,16,16,16,20],"damage_taken":[{"damage":22.0,"enemies":"Small Slimes","floor":1.0,"turns":5.0},{"damage":0,"enemies":"Cultist","floor":4,"turns":4},{"damage":14,"enemies":"2 Louse","floor":5,"turns":2},{"damage":9,"enemies":"Exordium Thugs","floor":7,"turns":5},{"damage":1,"enemies":"3 Louse","floor":10,"turns":2},{"damage":9,"enemies":"Red Slaver","floor":11,"turns":2},{"damage":7,"enemies":"Exordium Thugs","floor":12,"turns":2},{"damage":12,"enemies":"Blue Slaver","floor":14,"turns":4},{"damage":28,"enemies":"The Guardian","floor":16,"turns":13},{"damage":42,"enemies":"Chosen","floor":18,"turns":7},{"damage":34,"enemies":"2 Thieves","floor":20,"turns":4},{"damage":9,"enemies":"3 Cultists","floor":22,"turns":3}],"seed_played":"-6484157981891968480","potions_obtained":[{"floor":3,"key":"PowerPotion"},{"floor":3,"key":"AttackPotion"},{"floor":3,"key":"SpeedPotion"},{"floor":14,"key":"LiquidBronze"},{"floor":18,"key":"AttackPotion"}],"is_trial":false,"path_per_floor":["M","$","?","M","M","R","M","R","T","M","M","M","$","M","R","B",null,"M","?","M","$"],"character_chosen":"IRONCLAD","items_purchased":["Power Through","Clothesline","Evolve+1","Inflame+1"],"campfire_rested":1,"item_purchase_floors":[2,2,13,21],"current_hp_per_floor":[56,56,56,62,54,54,51,51,51,56,53,52,52,46,70,48,72,36,36,8,8,0],"gold":94,"neow_bonus":"HUNDRED_GOLD","is_prod":false,"is_daily":false,"chose_seed":false,"campfire_upgraded":2,"win_rate":0,"timestamp":1532105018,"path_taken":["M","$","?","M","M","R","M","R","T","M","M","M","?","M","R","BOSS","M","?","?","$","M"],"build_version":"2018-07-19v2","purchased_purges":2,"victory":false,"max_hp_per_floor":[80,80,80,80,80,80,80,80,80,80,80,80,80,80,80,80,80,80,80,80,80,80],"card_choices":[{"not_picked":["Thunderclap","Fire Breathing"],"picked":"Heavy Blade","floor":1.0},{"not_picked":["Perfected Strike","Rupture"],"picked":"Whirlwind","floor":4},{"not_picked":["Hemokinesis","Searing Blow"],"picked":"Iron Wave","floor":5},{"not_picked":["Anger","Wild Strike"],"picked":"Clash","floor":7},{"not_picked":["Anger","Sword Boomerang","Bloodletting"],"picked":"SKIP","floor":10},{"not_picked":["Headbutt","Clash"],"picked":"Inflame+1","floor":11},{"not_picked":["Pommel Strike","Flex"],"picked":"Shockwave","floor":12},{"not_picked":["True Grit","Warcry"],"picked":"Uppercut","floor":14},{"not_picked":["Barricade+1","Reaper"],"picked":"Limit Break","floor":16},{"not_picked":["Carnage","Clash"],"picked":"Iron Wave","floor":18},{"not_picked":["Iron Wave","Disarm"],"picked":"Heavy Blade","floor":20}],"player_experience":1189148,"relics_obtained":[{"floor":9,"key":"Frozen Egg 2"},{"floor":17,"key":"Tiny Chest"},{"floor":17,"key":"Self Forming Clay"},{"floor":17,"key":"Torii"}],"event_choices":[{"event_name":"The Lab","player_choice":"Got Potions","floor":3,"damage_taken":0},{"event_name":"Accursed Blacksmith","player_choice":"Forge","floor":19,"damage_taken":0}],"is_beta":false,"boss_relics":[{"not_picked":["Pandora\u0027s Box","Black Star"],"picked":"Calling Bell"}],"items_purged_floors":[2,21],"is_endless":false,"potions_floor_spawned":[7,10,11,14,18],"killed_by":"3 Cultists","ascension_level":7}