{"gold_per_floor":[119,132,307,257,272,272,332,332,359,376,401,413,413,447,447,447],"floor_reached":16,"playtime":1191,"items_purged":[],"score":156,"play_id":"a18a1b20-55bd-4cac-bd51-81ec7ec04aea","local_time":"20190213202046","is_ascension_mode":true,"campfire_choices":[{"data":"Body Slam","floor":6,"key":"SMITH"},{"data":"Uppercut","floor":8,"key":"SMITH"},{"data":"Pummel","floor":13,"key":"SMITH"},{"data":"Bash","floor":15,"key":"SMITH"}],"neow_cost":"NONE","seed_source_timestamp":95834875240880,"circlet_count":0,"master_deck":["Strike_R","Strike_R","Strike_R","Strike_R","Strike_R","Defend_R","Defend_R","Defend_R","Defend_R","Bash+1","Body Slam+1","Uppercut+1","True Grit","Anger","Pummel+1"],"relics":["Burning Blood","Boot","Tiny Chest","Oddly Smooth Stone","Bird Faced Urn","Lantern"],"potions_floor_usage":[7,7,14,16],"damage_taken":[{"damage":5,"enemies":"Small Slimes","floor":1,"turns":4},{"damage":14,"enemies":"2 Louse","floor":2,"turns":4},{"damage":4,"enemies":"Jaw Worm","floor":5,"turns":4},{"damage":24,"enemies":"Lagavulin","floor":7,"turns":8},{"damage":9,"enemies":"Exordium Wildlife","floor":10,"turns":4},{"damage":24,"enemies":"Gremlin Nob","floor":11,"turns":4},{"damage":2,"enemies":"Exordium Thugs","floor":12,"turns":4},{"damage":14,"enemies":"3 Sentries","floor":14,"turns":8},{"damage":36,"enemies":"Hexaghost","floor":16,"turns":9}],"seed_played":"-8427667767641577314","potions_obtained":[{"floor":2,"key":"Block Potion"},{"floor":5,"key":"AttackPotion"},{"floor":11,"key":"SkillPotion"},{"floor":12,"key":"Regen Potion"}],"is_trial":false,"path_per_floor":["M","M","?","?","M","R","E","R","T","M","E","M","R","E","R","B"],"character_chosen":"IRONCLAD","items_purchased":[],"campfire_rested":0,"item_purchase_floors":[],"current_hp_per_floor":[73,65,65,65,67,67,49,49,49,46,28,32,32,24,24,0],"gold":447,"neow_bonus":"RANDOM_COMMON_RELIC","is_prod":false,"is_daily":false,"chose_seed":false,"campfire_upgraded":4,"win_rate":0,"timestamp":1550110846,"path_taken":["M","M","?","?","M","R","E","R","T","M","E","M","R","E","R","BOSS"],"build_version":"2019-02-06","purchased_purges":0,"victory":false,"max_hp_per_floor":[80,80,80,80,80,80,80,80,80,80,80,80,80,80,80,80],"card_choices":[{"not_picked":["Cleave","Inflame"],"picked":"Body Slam","floor":1},{"not_picked":["Sentinel","Warcry"],"picked":"Uppercut","floor":2},{"not_picked":["Fire Breathing","Rampage"],"picked":"True Grit","floor":5},{"not_picked":["Flex","Sever Soul","Wild Strike"],"picked":"SKIP","floor":7},{"not_picked":["Shrug It Off","Rampage"],"picked":"Anger","floor":10},{"not_picked":["Rage","Shockwave"],"picked":"Pummel","floor":11},{"not_picked":["Inflame","Perfected Strike","Pommel Strike"],"picked":"SKIP","floor":12},{"not_picked":["Sword Boomerang","Bloodletting","Clash"],"picked":"SKIP","floor":14}],"player_experience":147610,"relics_obtained":[{"floor":7,"key":"Tiny Chest"},{"floor":9,"key":"Oddly Smooth Stone"},{"floor":11,"key":"Bird Faced Urn"},{"floor":14,"key":"Lantern"}],"event_choices":[{"damage_healed":0,"gold_gain":175,"player_choice":"AGREE","damage_taken":0,"max_hp_gain":0,"max_hp_loss":0,"event_name":"Liars Game","floor":3,"gold_loss":0,"cards_obtained":["Doubt"]},{"cards_removed":["Doubt"],"damage_healed":0,"gold_gain":0,"player_choice":"Card Removal","damage_taken":0,"max_hp_gain":0,"max_hp_loss":0,"event_name":"The Cleric","floor":4,"gold_loss":50}],"is_beta":true,"boss_relics":[],"items_purged_floors":[],"is_endless":false,"potions_floor_spawned":[2,5,11,12],"killed_by":"Hexaghost","ascension_level":6}