{"gold_per_floor":[116,22,22,32,32,32,63,63,88,88,101,111,144,160,160,160],"floor_reached":16,"playtime":847,"items_purged":[],"score":220,"play_id":"b098a182-5af0-4ffa-8535-76adfccb234f","local_time":"20190209001147","is_ascension_mode":true,"campfire_choices":[{"floor":6,"key":"REST"},{"floor":10,"key":"REST"},{"floor":15,"key":"REST"}],"neow_cost":"NONE","seed_source_timestamp":467629153883991,"circlet_count":0,"master_deck":["AscendersBane","Strike_B","Strike_B","Defend_B","Defend_B","Defend_B","Defend_B","Zap","Dualcast","Gash","Beam Cell","Self Repair","Go for the Eyes","Defragment","Go for the Eyes","Hologram","Leap","Defragment"],"relics":["Cracked Core","Oddly Smooth Stone","Incense Burner","Potion Belt","The Courier"],"potions_floor_usage":[7,12,13,16],"damage_taken":[{"damage":6,"enemies":"Jaw Worm","floor":1,"turns":4},{"damage":6,"enemies":"2 Louse","floor":4,"turns":3},{"damage":36,"enemies":"Lagavulin","floor":7,"turns":6},{"damage":0,"enemies":"Cultist","floor":11,"turns":3},{"damage":14,"enemies":"3 Louse","floor":12,"turns":4},{"damage":63,"enemies":"3 Sentries","floor":13,"turns":14},{"damage":10,"enemies":"Large Slime","floor":14,"turns":6},{"damage":37,"enemies":"Slime Boss","floor":16,"turns":10}],"seed_played":"1657029821891571220","potions_obtained":[{"floor":4,"key":"FearPotion"},{"floor":7,"key":"SpeedPotion"},{"floor":11,"key":"GamblersBrew"},{"floor":14,"key":"GamblersBrew"}],"is_trial":false,"path_per_floor":["M","$","?","M","?","R","E","?","T","R","M","M","E","M","R","B"],"character_chosen":"DEFECT","items_purchased":["Beam Cell","Self Repair"],"campfire_rested":3,"item_purchase_floors":[2,2],"current_hp_per_floor":[58,58,58,59,52,71,42,47,47,69,76,69,13,10,32,0],"gold":160,"neow_bonus":"RANDOM_COMMON_RELIC","is_prod":false,"is_daily":false,"chose_seed":false,"campfire_upgraded":0,"win_rate":0,"timestamp":1549689107,"path_taken":["M","$","?","M","?","R","E","?","T","R","M","M","E","?","R","BOSS"],"build_version":"2019-01-23","purchased_purges":0,"victory":false,"max_hp_per_floor":[71,71,71,71,71,71,71,76,76,76,76,76,76,76,76,76],"card_choices":[{"not_picked":["Barrage","Sunder"],"picked":"Gash","floor":1},{"not_picked":["Double Energy","Barrage"],"picked":"Go for the Eyes","floor":4},{"not_picked":["Sweeping Beam","Force Field"],"picked":"Defragment","floor":7},{"not_picked":["Turbo","Chaos"],"picked":"Go for the Eyes","floor":11},{"not_picked":["Steam","BootSequence"],"picked":"Hologram","floor":12},{"not_picked":["Self Repair","Turbo"],"picked":"Leap","floor":13},{"not_picked":["Tempest","Skim"],"picked":"Defragment","floor":14}],"player_experience":2363239,"relics_obtained":[{"floor":7,"key":"Incense Burner"},{"floor":9,"key":"Potion Belt"},{"floor":13,"key":"The Courier"}],"event_choices":[{"cards_removed":["Strike_B"],"damage_healed":0,"gold_gain":0,"player_choice":"Forget","damage_taken":0,"max_hp_gain":0,"max_hp_loss":0,"event_name":"Living Wall","floor":3,"gold_loss":0},{"cards_removed":["Strike_B"],"damage_healed":0,"gold_gain":0,"player_choice":"Card Removal","damage_taken":7,"max_hp_gain":0,"max_hp_loss":0,"event_name":"Golden Wing","floor":5,"gold_loss":0},{"damage_healed":0,"gold_gain":0,"player_choice":"Donut","damage_taken":0,"max_hp_gain":5,"max_hp_loss":0,"event_name":"Big Fish","floor":8,"gold_loss":0}],"is_beta":false,"boss_relics":[],"items_purged_floors":[],"is_endless":false,"potions_floor_spawned":[4,7,11,14],"killed_by":"Slime Boss","ascension_level":20}