{"gold_per_floor":[113,37,37,55,75,75,21,196,196,210,37,37,37,52,52,157,157,167,183,203,9,22,22,22,22,69,93,105,128,159,187,199,211],"floor_reached":33,"playtime":869,"items_purged":["Regret"],"score":264,"play_id":"88c2dfdc-c32a-481a-a5ff-e0560ae0f86e","local_time":"20180802001313","is_ascension_mode":false,"campfire_choices":[{"data":"Dash","floor":6,"key":"SMITH"},{"data":"Bouncing Flask","floor":13,"key":"SMITH"},{"floor":15,"key":"REST"},{"floor":23,"key":"REST"},{"data":"Noxious Fumes","floor":28,"key":"SMITH"},{"floor":32,"key":"REST"}],"neow_cost":"NONE","seed_source_timestamp":97065970147892,"circlet_count":0,"master_deck":["Defend_G","Defend_G","Defend_G","Defend_G","Defend_G","Strike_G","Strike_G","Strike_G","Strike_G","Strike_G","Survivor","Neutralize","Footwork","Dash+1","Cloak And Dagger","Bouncing Flask","Bouncing Flask","Flying Knee","Bouncing Flask+1","Blade Dance","Footwork","Bullet Time","Acrobatics+1","Catalyst+1","Accuracy+1","Noxious Fumes+1","Bouncing Flask","Bandage Up","Deadly Poison+1","Deadly Poison+1","Noxious Fumes","Flechettes+1"],"relics":["Philosopher\u0027s Stone","The Courier","Darkstone Periapt","Runic Pyramid","Orichalcum","MawBank"],"potions_floor_usage":[16,19,22,30,31,31],"damage_taken":[{"damage":2,"enemies":"2 Louse","floor":1,"turns":3},{"damage":5,"enemies":"Small Slimes","floor":4,"turns":4},{"damage":2,"enemies":"Jaw Worm","floor":5,"turns":4},{"damage":16,"enemies":"Large Slime","floor":10,"turns":6},{"damage":7,"enemies":"2 Fungi Beasts","floor":14,"turns":3},{"damage":38,"enemies":"Hexaghost","floor":16,"turns":8},{"damage":8,"enemies":"Chosen","floor":18,"turns":4},{"damage":17,"enemies":"Spheric Guardian","floor":19,"turns":5},{"damage":17,"enemies":"Snecko","floor":20,"turns":3},{"damage":14,"enemies":"Cultist and Chosen","floor":22,"turns":4},{"damage":18,"enemies":"Sentry and Sphere","floor":29,"turns":4},{"damage":13,"enemies":"Centurion and Healer","floor":30,"turns":4},{"damage":7,"enemies":"Slaver and Parasite","floor":31,"turns":4},{"damage":49,"enemies":"Collector","floor":33,"turns":5}],"seed_played":"7412822861663625261","potions_obtained":[{"floor":1,"key":"SteroidPotion"},{"floor":14,"key":"Regen Potion"},{"floor":18,"key":"LiquidBronze"},{"floor":19,"key":"FearPotion"},{"floor":22,"key":"SteroidPotion"},{"floor":29,"key":"Swift Potion"}],"is_trial":false,"path_per_floor":["M","$","?","M","M","R","$","?","T","M","$","?","R","M","R","B",null,"M","M","M","$","M","R","$","?","T","T","R","M","M","M","R"],"character_chosen":"THE_SILENT","items_purchased":["Dash","Bouncing Flask","Bouncing Flask","Blade Dance","Noxious Fumes","Bouncing Flask","Bandage Up"],"campfire_rested":3,"item_purchase_floors":[2,7,11,11,21,21,21],"current_hp_per_floor":[68,68,68,63,61,61,61,61,61,45,45,38,38,31,52,29,70,62,45,28,28,18,39,39,39,39,39,39,21,12,9,30,0],"gold":211,"neow_bonus":"BOSS_RELIC","is_prod":false,"is_daily":false,"chose_seed":false,"campfire_upgraded":3,"win_rate":0,"timestamp":1533134593,"path_taken":["M","$","?","M","M","R","$","?","T","M","?","?","R","M","R","BOSS","M","M","?","$","M","R","$","?","T","?","R","M","?","M","R","BOSS"],"build_version":"2018-07-26","purchased_purges":1,"victory":false,"max_hp_per_floor":[70,70,70,70,70,70,70,70,70,70,70,70,70,70,70,70,70,70,70,70,70,70,70,70,70,70,70,70,70,70,70,70,70],"card_choices":[{"not_picked":["Quick Slash","Backflip"],"picked":"Footwork","floor":1},{"not_picked":["Underhanded Strike","Backflip"],"picked":"Cloak And Dagger","floor":4},{"not_picked":["Calculated Gamble","Well Laid Plans"],"picked":"Bouncing Flask","floor":5},{"not_picked":["Setup","Predator"],"picked":"Flying Knee","floor":10},{"not_picked":["Sucker Punch","Dash"],"picked":"Footwork","floor":14},{"not_picked":["After Image","Grand Finale"],"picked":"Bullet Time","floor":16},{"not_picked":["Prepared","Underhanded Strike"],"picked":"Acrobatics+1","floor":18},{"not_picked":["Dagger Throw","Well Laid Plans"],"picked":"Catalyst","floor":19},{"not_picked":["Distraction","Riddle With Holes"],"picked":"Accuracy+1","floor":20},{"not_picked":["Skewer","PiercingWail"],"picked":"Deadly Poison+1","floor":22},{"not_picked":["Dagger Throw","Dagger Spray+1"],"picked":"Deadly Poison+1","floor":29},{"not_picked":["Prepared","Backstab+1"],"picked":"Noxious Fumes","floor":30},{"not_picked":["Tactician","Bane"],"picked":"Flechettes+1","floor":31}],"player_experience":286925,"relics_obtained":[{"floor":9,"key":"Darkstone Periapt"},{"floor":26,"key":"Orichalcum"},{"floor":27,"key":"MawBank"}],"event_choices":[{"event_name":"Big Fish","player_choice":"Box","floor":3,"damage_taken":0},{"event_name":"Liars Game","player_choice":"agreed","floor":8,"damage_taken":0},{"event_name":"Golden Wing","player_choice":"Card Removal","floor":12,"damage_taken":0},{"event_name":"Upgrade Shrine","player_choice":"Upgraded","floor":25,"damage_taken":0}],"is_beta":false,"boss_relics":[{"not_picked":["Sozu","Astrolabe"],"picked":"Runic Pyramid"}],"items_purged_floors":[11],"is_endless":false,"potions_floor_spawned":[1,14,18,19,22,29],"killed_by":"Collector","ascension_level":0}