{"gold_per_floor":[109,122,47,47,47,47,47,91,91,116,116,2,15,15,15,114,114,87,87,87,102,28,28,28,28,79,79,104,143,143,176,176,272,272,285,285,285,310,46,82,82,107,161,161,174,174,174,195,195,195,195],"floor_reached":51,"playtime":2828,"items_purged":["Defend_B","Defend_B"],"score":1318,"play_id":"9be94bbe-37ef-4e28-a1f0-6d990b62e310","local_time":"20190212015202","is_ascension_mode":true,"campfire_choices":[{"data":"Zap","floor":6,"key":"SMITH"},{"data":"Sunder","floor":11,"key":"SMITH"},{"floor":15,"key":"REST"},{"floor":23,"key":"REST"},{"data":"Static Discharge","floor":25,"key":"SMITH"},{"data":"Leap","floor":27,"key":"SMITH"},{"data":"Biased Cognition","floor":32,"key":"SMITH"},{"floor":41,"key":"RECALL"},{"floor":44,"key":"REST"},{"floor":49,"key":"REST"}],"neow_cost":"NONE","seed_source_timestamp":1717128927969124,"circlet_count":0,"master_deck":["AscendersBane","Zap+1","Dualcast","Core Surge","Leap+1","Sunder+1","Self Repair","Go for the Eyes","Biased Cognition+1","Scrape+1","Force Field+1","Heatsinks+1","Cold Snap","Self Repair","Go for the Eyes","Static Discharge+1","Coolheaded","Capacitor","Skim","Loop+1","Loop+1","Coolheaded+1","Ball Lightning","Panacea"],"relics":["Cracked Core","Golden Idol","Bottled Flame","PreservedInsect","Astrolabe","Potion Belt","Anchor","Frozen Egg 2","Fusion Hammer","Kunai","Regal Pillow","Molten Egg 2"],"potions_floor_usage":[16,16,29,33,35,40,40,50,50,50],"damage_taken":[{"damage":11,"enemies":"2 Louse","floor":1,"turns":2},{"damage":1,"enemies":"Small Slimes","floor":2,"turns":3},{"damage":31,"enemies":"3 Sentries","floor":8,"turns":8},{"damage":0,"enemies":"Cultist","floor":10,"turns":3},{"damage":6,"enemies":"Looter","floor":13,"turns":2},{"damage":17,"enemies":"Slime Boss","floor":16,"turns":6},{"damage":21,"enemies":"2 Thieves","floor":18,"turns":4},{"damage":25,"enemies":"3 Byrds","floor":21,"turns":4},{"damage":7,"enemies":"Cultist and Chosen","floor":28,"turns":6},{"damage":17,"enemies":"Book of Stabbing","floor":29,"turns":4},{"damage":1,"enemies":"Gremlin Leader","floor":31,"turns":7},{"damage":9,"enemies":"Automaton","floor":33,"turns":10},{"damage":6,"enemies":"Orb Walker","floor":35,"turns":3},{"damage":31,"enemies":"3 Darklings","floor":38,"turns":4},{"damage":3,"enemies":"Giant Head","floor":40,"turns":8},{"damage":1,"enemies":"Sphere and 2 Shapes","floor":42,"turns":6},{"damage":32,"enemies":"Writhing Mass","floor":45,"turns":6},{"damage":5,"enemies":"4 Shapes","floor":48,"turns":6},{"damage":69,"enemies":"Donu and Deca","floor":50,"turns":8},{"damage":22,"enemies":"Awakened One","floor":51,"turns":2}],"seed_played":"-2207209899545937829","potions_obtained":[{"floor":8,"key":"Fire Potion"},{"floor":13,"key":"Explosive Potion"},{"floor":16,"key":"Strength Potion"},{"floor":21,"key":"Regen Potion"},{"floor":28,"key":"Block Potion"},{"floor":29,"key":"GamblersBrew"},{"floor":42,"key":"Block Potion"},{"floor":45,"key":"Swift Potion"},{"floor":48,"key":"Dexterity Potion"}],"is_trial":false,"path_per_floor":["M","M","?","?","?","R","?","E","T","M","R","$","M","$","R","B",null,"M","$","?","M","$","R","?","R","T","R","M","E","?","E","R","B",null,"M","$","?","M","$","E","R","M","T","R","M","?","T","M","R","B","B"],"character_chosen":"DEFECT","items_purchased":["Self Repair","Static Discharge","Loop+1","FocusPotion"],"campfire_rested":4,"item_purchase_floors":[12,22,39,39],"current_hp_per_floor":[53,52,52,52,52,52,52,21,21,21,21,21,15,15,36,26,60,46,46,46,35,35,56,56,56,56,56,63,60,60,71,71,71,71,71,71,71,47,47,71,71,71,71,71,53,48,48,57,71,16,0],"gold":195,"neow_bonus":"ONE_RANDOM_RARE_CARD","is_prod":false,"is_daily":false,"chose_seed":false,"campfire_upgraded":5,"win_rate":0,"timestamp":1549957922,"path_taken":["M","M","?","?","?","R","?","E","T","M","R","$","?","$","R","BOSS","M","$","?","M","$","R","?","R","T","R","M","E","?","E","R","BOSS","M","$","?","M","$","E","R","M","T","R","M","?","?","M","R","BOSS","BOSS"],"build_version":"2019-02-06","purchased_purges":2,"victory":false,"max_hp_per_floor":[71,71,71,71,71,71,71,71,71,71,71,71,71,71,71,71,71,71,71,71,71,71,71,71,71,71,71,71,71,71,71,71,71,71,71,71,71,71,71,71,71,71,71,71,71,71,71,71,71,71,71],"card_choices":[{"not_picked":["Barrage","Coolheaded"],"picked":"Leap","floor":1},{"not_picked":["Heatsinks","Stack"],"picked":"Steam","floor":2},{"not_picked":["Barrage","Double Energy","Reprogram"],"picked":"SKIP","floor":8},{"not_picked":["Gash","Scrape"],"picked":"Sunder","floor":10},{"not_picked":["Gash","Hologram"],"picked":"Go for the Eyes","floor":13},{"not_picked":["Creative AI","Rainbow"],"picked":"Biased Cognition","floor":16},{"not_picked":["Steam","Ball Lightning"],"picked":"Cold Snap","floor":18},{"not_picked":["Steam","Rebound","Sweeping Beam+1"],"picked":"SKIP","floor":21},{"not_picked":["Go for the Eyes","Leap"],"picked":"Coolheaded","floor":28},{"not_picked":["Hyperbeam","Barrage"],"picked":"Capacitor","floor":29},{"not_picked":["Lockon","Double Energy"],"picked":"Skim","floor":31},{"not_picked":["Turbo","Self Repair+1"],"picked":"Loop+1","floor":35},{"not_picked":["Rebound","Stack","Turbo"],"picked":"SKIP","floor":38},{"not_picked":["Rebound","Reinforced Body+1","Conserve Battery"],"picked":"SKIP","floor":40},{"not_picked":["Glacier","Compile Driver"],"picked":"Coolheaded+1","floor":42},{"not_picked":["Conserve Battery","Coolheaded"],"picked":"Ball Lightning","floor":45},{"not_picked":["Madness","Blind"],"picked":"Panacea","floor":46},{"not_picked":["Go for the Eyes+1","Auto Shields","Darkness"],"picked":"SKIP","floor":48}],"player_experience":815756,"relics_obtained":[{"floor":8,"key":"Bottled Flame"},{"floor":9,"key":"PreservedInsect"},{"floor":26,"key":"Potion Belt"},{"floor":29,"key":"Anchor"},{"floor":31,"key":"Frozen Egg 2"},{"floor":40,"key":"Kunai"},{"floor":43,"key":"Regal Pillow"},{"floor":47,"key":"Molten Egg 2"}],"event_choices":[{"cards_removed":["Defend_B"],"damage_healed":0,"gold_gain":0,"player_choice":"Card Removal","damage_taken":0,"max_hp_gain":0,"max_hp_loss":0,"event_name":"The Cleric","floor":3,"gold_loss":75},{"damage_healed":0,"gold_gain":0,"player_choice":"Take Wound","damage_taken":0,"relics_obtained":["Golden Idol"],"max_hp_gain":0,"max_hp_loss":0,"event_name":"Golden Idol","floor":4,"gold_loss":0,"cards_obtained":["Injury"]},{"cards_removed":["Injury"],"damage_healed":0,"gold_gain":0,"player_choice":"Forget","damage_taken":0,"max_hp_gain":0,"max_hp_loss":0,"event_name":"Living Wall","floor":5,"gold_loss":0},{"damage_healed":0,"gold_gain":0,"player_choice":"Ignored","damage_taken":0,"max_hp_gain":0,"max_hp_loss":0,"event_name":"WeMeetAgain","floor":7,"gold_loss":0},{"damage_healed":0,"gold_gain":0,"cards_transformed":["Strike_B","Defend_B"],"player_choice":"Became Test Subject","damage_taken":0,"max_hp_gain":0,"max_hp_loss":0,"event_name":"Drug Dealer","floor":20,"gold_loss":0,"cards_obtained":["Self Repair","Go for the Eyes"]},{"damage_healed":0,"gold_gain":0,"player_choice":"Ignored","damage_taken":0,"max_hp_gain":0,"max_hp_loss":0,"event_name":"The Mausoleum","floor":24,"gold_loss":0},{"damage_healed":0,"gold_gain":0,"player_choice":"Ignored","damage_taken":0,"max_hp_gain":0,"max_hp_loss":0,"event_name":"Vampires","floor":30,"gold_loss":0},{"cards_removed":["Steam"],"damage_healed":0,"gold_gain":0,"player_choice":"Removed Skill","damage_taken":0,"max_hp_gain":0,"max_hp_loss":0,"event_name":"Falling","floor":37,"gold_loss":0},{"damage_healed":0,"gold_gain":0,"player_choice":"Memory 2","damage_taken":5,"max_hp_gain":0,"max_hp_loss":0,"event_name":"SensoryStone","floor":46,"gold_loss":0}],"is_beta":true,"boss_relics":[{"not_picked":["White Beast Statue","Lizard Tail"],"picked":"Astrolabe"},{"not_picked":["Eternal Feather","Tiny House"],"picked":"Fusion Hammer"}],"items_purged_floors":[12,39],"is_endless":false,"potions_floor_spawned":[8,13,16,21,28,29,42,45,48],"killed_by":"Awakened One","ascension_level":20}