{"gold_per_floor":[212,224,224,244,244,288,288,321,321,346,360,374,374],"floor_reached":13,"playtime":463,"items_purged":[],"score":184,"play_id":"7e672c5a-817a-46ab-99a8-8c04773ba1a3","local_time":"20190121131459","is_ascension_mode":true,"campfire_choices":[{"floor":7,"key":"REST"}],"neow_cost":"NONE","seed_source_timestamp":104114046860656,"circlet_count":0,"master_deck":["AscendersBane","Strike_B","Strike_B","Strike_B","Defend_B","Defend_B","Defend_B","Defend_B","Zap","Dualcast","Chill","Recycle","Static Discharge","BootSequence","Leap","Sweeping Beam","Blizzard","Capacitor+1","Steam"],"relics":["Cracked Core","Golden Idol","Bronze Scales","Frozen Egg 2","The Courier"],"potions_floor_usage":[6,10,12,13],"damage_taken":[{"damage":2,"enemies":"Jaw Worm","floor":1,"turns":3},{"damage":3,"enemies":"Small Slimes","floor":2,"turns":3},{"damage":0,"enemies":"Cultist","floor":4,"turns":3},{"damage":34,"enemies":"3 Sentries","floor":6,"turns":8},{"damage":43,"enemies":"Lagavulin","floor":8,"turns":7},{"damage":3,"enemies":"Lots of Slimes","floor":10,"turns":4},{"damage":4,"enemies":"Looter","floor":11,"turns":3},{"damage":1,"enemies":"Gremlin Gang","floor":12,"turns":3},{"damage":5,"enemies":"Red Slaver","floor":13,"turns":3}],"seed_played":"309990877462947403","potions_obtained":[{"floor":1,"key":"LiquidBronze"},{"floor":8,"key":"Regen Potion"},{"floor":10,"key":"EssenceOfSteel"},{"floor":11,"key":"PowerPotion"}],"is_trial":false,"path_per_floor":["M","M","?","M","?","E","R","E","T","M","M","M","M"],"character_chosen":"DEFECT","items_purchased":[],"campfire_rested":1,"item_purchase_floors":[],"current_hp_per_floor":[62,59,59,59,59,25,44,1,1,10,6,5,0],"gold":374,"neow_bonus":"HUNDRED_GOLD","is_prod":false,"is_daily":false,"chose_seed":false,"campfire_upgraded":0,"win_rate":0,"timestamp":1548094499,"path_taken":["M","M","?","M","?","E","R","E","T","M","?","M","?"],"build_version":"2019-01-17v2","purchased_purges":0,"victory":false,"max_hp_per_floor":[71,71,64,64,64,64,64,64,64,64,64,64,64],"card_choices":[{"not_picked":["Aggregate","Stack"],"picked":"Chill","floor":1},{"not_picked":["Turbo","Steam"],"picked":"Recycle","floor":2},{"not_picked":["Reinforced Body","Turbo"],"picked":"Static Discharge","floor":4},{"not_picked":["Turbo","Steam"],"picked":"Leap","floor":6},{"not_picked":["Recycle","Tempest"],"picked":"Sweeping Beam","floor":8},{"not_picked":["Conserve Battery","Coolheaded"],"picked":"Blizzard","floor":10},{"not_picked":["Melter","Sunder"],"picked":"Capacitor+1","floor":11},{"not_picked":["Sweeping Beam","Turbo"],"picked":"Steam","floor":12}],"player_experience":2185966,"relics_obtained":[{"floor":6,"key":"Bronze Scales"},{"floor":8,"key":"Frozen Egg 2"},{"floor":9,"key":"The Courier"}],"event_choices":[{"damage_healed":0,"gold_gain":0,"player_choice":"Lose Max HP","damage_taken":0,"relics_obtained":["Golden Idol"],"max_hp_gain":0,"max_hp_loss":7,"event_name":"Golden Idol","floor":3,"gold_loss":0},{"damage_healed":0,"gold_gain":0,"cards_transformed":["Strike_B"],"player_choice":"Transformed","damage_taken":0,"max_hp_gain":0,"max_hp_loss":0,"event_name":"Transmorgrifier","floor":5,"gold_loss":0,"cards_obtained":["BootSequence"]}],"is_beta":false,"boss_relics":[],"items_purged_floors":[],"is_endless":false,"potions_floor_spawned":[1,8,10,11],"killed_by":"Red Slaver","ascension_level":18}