{"gold_per_floor":[112,112,8,8,8,42,42,42,42,82,82,97,97,117,117,213,213,229,188,5,5,5],"floor_reached":22,"playtime":976,"items_purged":["Strike_B"],"score":456,"play_id":"d7b9e401-0723-43ce-8bce-f19eb9527213","local_time":"20190119122208","is_ascension_mode":true,"campfire_choices":[{"data":"Zap","floor":7.0,"key":"SMITH"},{"data":"Capacitor","floor":11.0,"key":"SMITH"},{"data":"Glacier","floor":15.0,"key":"SMITH"}],"neow_cost":"NONE","seed_source_timestamp":71493251500001,"circlet_count":0,"master_deck":["AscendersBane","Strike_B","Strike_B","Strike_B","Defend_B","Defend_B","Defend_B","Defend_B","Zap+1","Dualcast","FTL","Capacitor+1","Coolheaded","Steam","Compile Driver","Go for the Eyes","Glacier+1","Thunder Strike","Conserve Battery","Barrage","Finesse"],"special_seed":0,"relics":["FrozenCore","NeowsBlessing","Letter Opener","Matryoshka","Golden Idol","Regal Pillow","Bottled Flame","Bag of Marbles"],"potions_floor_usage":[19],"damage_taken":[{"damage":0.0,"enemies":"Small Slimes","floor":1.0,"turns":1.0},{"damage":0.0,"enemies":"Gremlin Nob","floor":6.0,"turns":1.0},{"damage":0.0,"enemies":"3 Sentries","floor":10.0,"turns":1.0},{"damage":0.0,"enemies":"2 Louse","floor":12.0,"turns":2.0},{"damage":0.0,"enemies":"Cultist","floor":14.0,"turns":2.0},{"damage":16.0,"enemies":"Hexaghost","floor":16.0,"turns":13.0},{"damage":8,"enemies":"Chosen","floor":18,"turns":9},{"damage":26,"enemies":"2 Thieves","floor":19,"turns":5},{"damage":30,"enemies":"Centurion and Healer","floor":22,"turns":8}],"seed_played":"2242460527448157184","potions_obtained":[{"floor":1.0,"key":"FearPotion"},{"floor":13.0,"key":"Dexterity Potion"},{"floor":13.0,"key":"Poison Potion"},{"floor":16.0,"key":"FocusPotion"},{"floor":18,"key":"Swift Potion"},{"floor":19,"key":"LiquidBronze"}],"is_trial":false,"path_per_floor":["M","?","$","?","$","E","R","?","T","E","R","M","?","M","R","B",null,"M","M","$","?","M"],"character_chosen":"DEFECT","items_purchased":["Capacitor","Coolheaded","Finesse"],"campfire_rested":0,"item_purchase_floors":[3,3,20],"current_hp_per_floor":[64,64,64,59,59,59,59,59,59,59,59,59,59,59,59,43,59,51,25,25,25,0],"gold":5,"neow_bonus":"THREE_ENEMY_KILL","is_prod":false,"is_daily":false,"chose_seed":false,"campfire_upgraded":3,"win_rate":0,"timestamp":1547918528,"path_taken":["M","?","$","?","$","E","R","?","T","E","R","M","?","M","R","BOSS","M","?","$","?","M"],"build_version":"2019-01-17v2","purchased_purges":1,"victory":false,"max_hp_per_floor":[71,71,71,71,71,71,71,64,64,64,64,64,64,64,64,64,64,64,64,64,64,64],"card_choices":[{"not_picked":["Steam Power","Leap"],"picked":"FTL","floor":1.0},{"not_picked":["Darkness","White Noise"],"picked":"Steam","floor":6.0},{"not_picked":["Skim","Beam Cell"],"picked":"Compile Driver","floor":10.0},{"not_picked":["Double Energy","Barrage"],"picked":"Go for the Eyes","floor":12.0},{"not_picked":["Conserve Battery","Aggregate"],"picked":"Glacier","floor":14.0},{"not_picked":["Hyperbeam","Fission"],"picked":"Thunder Strike","floor":16.0},{"not_picked":["Gash+1","Steam"],"picked":"Conserve Battery","floor":18},{"not_picked":["Beam Cell","Gash"],"picked":"Barrage","floor":19}],"player_experience":2166736,"relics_obtained":[{"floor":6.0,"key":"Matryoshka"},{"floor":9.0,"key":"Regal Pillow"},{"floor":9.0,"key":"Bottled Flame"},{"floor":10.0,"key":"Bag of Marbles"}],"event_choices":[{"damage_healed":0.0,"max_hp_gain":0.0,"max_hp_loss":0.0,"gold_gain":0.0,"event_name":"Shining Light","player_choice":"Ignored","floor":2.0,"gold_loss":0.0,"damage_taken":0.0},{"damage_healed":0.0,"max_hp_gain":0.0,"max_hp_loss":0.0,"gold_gain":0.0,"event_name":"Scrap Ooze","player_choice":"Success","floor":4.0,"gold_loss":0.0,"damage_taken":5.0,"relics_obtained":["Letter Opener"]},{"damage_healed":0.0,"max_hp_gain":0.0,"max_hp_loss":7.0,"gold_gain":0.0,"event_name":"Golden Idol","player_choice":"Lose Max HP","floor":8.0,"gold_loss":0.0,"damage_taken":0.0,"relics_obtained":["Golden Idol"]},{"damage_healed":0.0,"max_hp_gain":0.0,"max_hp_loss":0.0,"gold_gain":0.0,"event_name":"Lab","player_choice":"Got Potions","floor":13.0,"gold_loss":0.0,"damage_taken":0.0},{"damage_healed":0,"gold_gain":0,"player_choice":"0 cards matched","damage_taken":0,"max_hp_gain":0,"max_hp_loss":0,"event_name":"Match and Keep!","floor":21,"gold_loss":0,"cards_obtained":[]}],"is_beta":false,"boss_relics":[{"not_picked":["Sozu","Philosopher\u0027s Stone"],"picked":"FrozenCore"}],"items_purged_floors":[20],"is_endless":false,"potions_floor_spawned":[1,16,18,19],"killed_by":"Centurion and Healer","ascension_level":18}