{"gold_per_floor":[114,214,231,242,242,242,273,273,325,325,363,387,418,441,441,572,572,542,465,465,465,465,465,384,384,384,21,21,21,21,21,21,21],"floor_reached":33,"playtime":1882,"items_purged":[],"score":484,"play_id":"3b20c1fa-3133-4617-91f3-25525807884b","local_time":"20180806182535","is_ascension_mode":true,"campfire_choices":[{"data":"Cloak And Dagger","floor":6,"key":"SMITH"},{"data":"Poisoned Stab","floor":8,"key":"SMITH"},{"data":"Survivor","floor":10,"key":"SMITH"},{"data":"Infinite Blades","floor":15,"key":"SMITH"},{"data":"After Image","floor":23,"key":"SMITH"},{"floor":32,"key":"REST"}],"neow_cost":"NONE","seed_source_timestamp":921080599661912,"circlet_count":0,"master_deck":["Defend_G+1","Defend_G+1","Defend_G+1","Defend_G+1","Defend_G+1","Strike_G+1","Strike_G+1","Strike_G+1","Strike_G+1","Strike_G+1","Survivor+1","Neutralize+1","AscendersBane","Poisoned Stab+1","Deadly Poison","Cloak And Dagger+1","All Out Attack","Backstab","Infinite Blades+1","Dagger Spray","Endless Agony","After Image+1","Sucker Punch","J.A.X.","Blade Dance+1","Backflip","Infinite Blades","Noxious Fumes","Panache","Blind","Noxious Fumes"],"relics":["Ring of the Snake","Golden Idol","Bag of Marbles","Bag of Preparation","Kunai","Orichalcum","Ectoplasm","Blood Vial","Enchiridion","Anchor"],"potions_floor_usage":[13,16,16,33,33],"damage_taken":[{"damage":2,"enemies":"Cultist","floor":1,"turns":4},{"damage":4,"enemies":"Small Slimes","floor":3,"turns":5},{"damage":3,"enemies":"Jaw Worm","floor":4,"turns":4},{"damage":17,"enemies":"3 Sentries","floor":7,"turns":10},{"damage":14,"enemies":"Lagavulin","floor":11,"turns":5},{"damage":0,"enemies":"Large Slime","floor":12,"turns":4},{"damage":0,"enemies":"Gremlin Nob","floor":13,"turns":2},{"damage":0,"enemies":"Looter","floor":14,"turns":1},{"damage":8,"enemies":"The Guardian","floor":16,"turns":8},{"damage":0,"enemies":"2 Thieves","floor":18,"turns":3},{"damage":0,"enemies":"Shell Parasite","floor":21,"turns":4},{"damage":2,"enemies":"Snake Plant","floor":22,"turns":4},{"damage":0,"enemies":"Snecko","floor":25,"turns":5},{"damage":3,"enemies":"Sentry and Sphere","floor":28,"turns":4},{"damage":0,"enemies":"Centurion and Healer","floor":30,"turns":5},{"damage":7,"enemies":"Gremlin Leader","floor":31,"turns":6},{"damage":53,"enemies":"Automaton","floor":33,"turns":6}],"seed_played":"4306737453283468543","potions_obtained":[{"floor":11,"key":"Poison Potion"},{"floor":12,"key":"AttackPotion"},{"floor":13,"key":"Swift Potion"},{"floor":14,"key":"PowerPotion"},{"floor":18,"key":"Explosive Potion"},{"floor":21,"key":"PowerPotion"}],"is_trial":false,"path_per_floor":["M","?","M","M","?","R","E","R","T","R","E","M","E","M","R","B",null,"M","?","?","M","M","R","$","M","T","$","M","?","M","E","R"],"character_chosen":"THE_SILENT","items_purchased":["Infinite Blades","Noxious Fumes","Panache","Blind"],"campfire_rested":1,"item_purchase_floors":[24,27,27,27],"current_hp_per_floor":[61,61,57,54,54,54,37,37,37,37,23,23,23,23,23,15,53,53,53,53,53,51,51,51,51,51,51,50,34,36,31,50,0],"gold":21,"neow_bonus":"UPGRADE_CARD","is_prod":false,"is_daily":false,"chose_seed":false,"campfire_upgraded":5,"win_rate":0,"timestamp":1533597935,"path_taken":["M","?","M","M","?","R","E","R","T","R","E","M","E","M","R","BOSS","M","?","?","M","?","R","$","M","T","$","M","?","M","E","R","BOSS"],"build_version":"2018-08-01","purchased_purges":0,"victory":false,"max_hp_per_floor":[70,70,70,70,65,65,65,65,65,65,65,65,65,65,65,65,65,65,65,65,65,65,65,65,65,65,65,65,65,65,65,65,65],"card_choices":[{"not_picked":["Backflip","Acrobatics"],"picked":"Poisoned Stab","floor":1},{"not_picked":["Quick Slash","Expertise"],"picked":"Deadly Poison","floor":3},{"not_picked":["Crippling Poison","Quick Slash"],"picked":"Cloak And Dagger","floor":4},{"not_picked":["Tools of the Trade","Cloak And Dagger"],"picked":"All Out Attack","floor":7},{"not_picked":["Underhanded Strike","Cloak And Dagger"],"picked":"Backstab","floor":11},{"not_picked":["Backstab","Reflex"],"picked":"Infinite Blades","floor":12},{"not_picked":["Choke","Bullet Time"],"picked":"Dagger Spray","floor":13},{"not_picked":["Escape Plan","Expertise"],"picked":"Endless Agony","floor":14},{"not_picked":["Corpse Explosion","Storm of Steel"],"picked":"After Image","floor":16},{"not_picked":["Prepared","Dagger Spray"],"picked":"Sucker Punch","floor":18},{"not_picked":["Slice+1","Prepared+1"],"picked":"Blade Dance+1","floor":21},{"not_picked":["Wraith Form v2","Dagger Throw+1"],"picked":"Backflip","floor":22},{"not_picked":["Prepared","Deadly Poison","Bane+1"],"picked":"SKIP","floor":25},{"not_picked":["All Out Attack","Dagger Throw","Slice"],"picked":"SKIP","floor":28},{"not_picked":["Accuracy","Slice","Underhanded Strike"],"picked":"SKIP","floor":30},{"not_picked":["Flying Knee","Underhanded Strike+1"],"picked":"Noxious Fumes","floor":31}],"player_experience":350211,"relics_obtained":[{"floor":7,"key":"Bag of Marbles"},{"floor":9,"key":"Bag of Preparation"},{"floor":11,"key":"Kunai"},{"floor":13,"key":"Orichalcum"},{"floor":26,"key":"Blood Vial"},{"floor":29,"key":"Enchiridion"},{"floor":31,"key":"Anchor"}],"event_choices":[{"event_name":"Golden Shrine","player_choice":"Pray","floor":2,"damage_taken":0},{"event_name":"Golden Idol","player_choice":"Lose Max HP","floor":5,"damage_taken":0},{"event_name":"Drug Dealer","player_choice":"Got JAXXED","floor":19,"damage_taken":0},{"event_name":"Back to Basics","player_choice":"Simplicity","floor":20,"damage_taken":0},{"event_name":"Cursed Tome","player_choice":"Obtained Book","floor":29,"damage_taken":0}],"is_beta":true,"boss_relics":[{"not_picked":["Tiny House","Velvet Choker"],"picked":"Ectoplasm"}],"items_purged_floors":[],"is_endless":false,"potions_floor_spawned":[11,12,13,14,18,21,28,31],"killed_by":"Automaton","ascension_level":11}