{"gold_per_floor":[112,126,151,161,15,15,34,34,34,34,51,61,75,23,23,126,126,146,21,36,50,50,50,70,70],"floor_reached":25,"playtime":1290,"items_purged":["Defend_B"],"score":276,"play_id":"48236070-2a2c-41df-a3af-4d5808cf0918","local_time":"20180702155306","is_ascension_mode":true,"campfire_choices":[{"data":"Dualcast","floor":6,"key":"SMITH"},{"data":"Cold Snap","floor":8,"key":"SMITH"},{"data":"Go for the Eyes","floor":10,"key":"SMITH"},{"data":"Sunder","floor":15,"key":"SMITH"},{"floor":23,"key":"REST"}],"neow_cost":"NONE","seed_source_timestamp":676893754845377,"circlet_count":0,"master_deck":["Strike_B","Strike_B+1","Strike_B+1","Strike_B","Defend_B","Defend_B","Defend_B","Zap+1","Dualcast+1","Self Repair","Leap","Go for the Eyes+1","Cold Snap+1","Streamline","Sunder+1","Genetic Algorithm","Coolheaded","Hyperbeam","Gash","Ball Lightning","Doom and Gloom","FTL","Writhe","FTL"],"relics":["Cracked Core","Whetstone","Pen Nib","Blue Candle","Philosopher\u0027s Stone","Letter Opener"],"potions_floor_usage":[11,16,25,25],"damage_taken":[{"damage":1,"enemies":"Cultist","floor":1,"turns":3},{"damage":13,"enemies":"Jaw Worm","floor":2,"turns":4},{"damage":2,"enemies":"Small Slimes","floor":4,"turns":3},{"damage":5,"enemies":"Red Slaver","floor":7,"turns":2},{"damage":3,"enemies":"Blue Slaver","floor":11,"turns":3},{"damage":15,"enemies":"Exordium Thugs","floor":12,"turns":3},{"damage":10,"enemies":"Gremlin Gang","floor":13,"turns":4},{"damage":39,"enemies":"The Guardian","floor":16,"turns":8},{"damage":12,"enemies":"Chosen","floor":18,"turns":4},{"damage":9,"enemies":"2 Thieves","floor":20,"turns":3},{"damage":26,"enemies":"Snecko","floor":21,"turns":4},{"damage":49,"enemies":"Snake Plant","floor":24,"turns":3},{"damage":24,"enemies":"Centurion and Healer","floor":25,"turns":5}],"seed_played":"-8955478820704625126","potions_obtained":[{"floor":1,"key":"LiquidBronze"},{"floor":7,"key":"Regen Potion"},{"floor":12,"key":"FairyPotion"},{"floor":16,"key":"Weak Potion"},{"floor":20,"key":"Explosive Potion"}],"is_trial":false,"path_per_floor":["M","M","T","M","$","R","M","R","T","R","M","M","M","$","R","B",null,"M","$","M","M","?","R","M"],"character_chosen":"DEFECT","items_purchased":["Pen Nib","Coolheaded","Ball Lightning"],"campfire_rested":1,"item_purchase_floors":[5,14,19],"current_hp_per_floor":[67,61,61,66,66,66,68,68,68,68,75,67,64,64,64,32,64,59,59,50,31,31,53,11,0],"gold":70,"neow_bonus":"UPGRADE_CARD","is_prod":false,"is_daily":false,"chose_seed":false,"campfire_upgraded":4,"win_rate":0,"timestamp":1530561186,"path_taken":["M","M","?","M","$","R","M","R","T","R","M","M","?","?","R","BOSS","M","$","M","M","?","R","M","M"],"build_version":"2018-06-28","purchased_purges":1,"victory":false,"max_hp_per_floor":[75,75,75,75,75,75,75,75,75,75,75,75,75,75,75,75,75,75,75,75,75,75,75,75,75],"card_choices":[{"not_picked":["Darkness","Cold Snap"],"picked":"Self Repair","floor":1},{"not_picked":["Aggregate","Beam Cell"],"picked":"Leap","floor":2},{"not_picked":["Redo","Compile Driver"],"picked":"Go for the Eyes","floor":4},{"not_picked":["Rebound","Barrage"],"picked":"Cold Snap","floor":7},{"not_picked":["Biased Cognition","Coolheaded"],"picked":"Streamline","floor":11},{"not_picked":["Lockon","Chaos"],"picked":"Sunder","floor":12},{"not_picked":["Compile Driver","Sweeping Beam"],"picked":"Genetic Algorithm","floor":13},{"not_picked":["Amplify","Rainbow"],"picked":"Hyperbeam","floor":16},{"not_picked":["Barrage","Self Repair+1"],"picked":"Gash","floor":18},{"not_picked":["Undo","Compile Driver+1"],"picked":"Doom and Gloom","floor":20},{"not_picked":["Loop","Sunder"],"picked":"FTL","floor":21},{"not_picked":["Sweeping Beam","Storm"],"picked":"FTL","floor":24}],"player_experience":920944,"relics_obtained":[{"floor":3,"key":"Whetstone"},{"floor":9,"key":"Blue Candle"}],"event_choices":[{"event_name":"The Mausoleum","player_choice":"Yes","floor":22,"damage_taken":0}],"boss_relics":[{"not_picked":["Nuclear Battery","Runic Dome"],"picked":"Philosopher\u0027s Stone"}],"items_purged_floors":[19],"is_endless":false,"potions_floor_spawned":[1,7,12,16,20,21],"killed_by":"Centurion and Healer","ascension_level":8}