{"path_per_floor":["M","M","M","$","?","?","?","E","T","R","M","M","R","M","R","B",null,"M","M","M"],"character_chosen":"IRONCLAD","items_purchased":["Inflame","Blood for Blood"],"gold_per_floor":[115,134,148,33,208,158,158,198,251,251,266,285,285,308,308,434,434,454,473,488,488],"floor_reached":21,"campfire_rested":2,"playtime":1326,"item_purchase_floors":[4,4],"current_hp_per_floor":[80,80,80,80,80,80,80,60,60,60,49,44,68,46,70,60,80,57,37,20,0],"items_purged":[],"gold":488,"score":183,"play_id":"1bc8408b-ccac-47b8-a10d-dd9355410c4f","local_time":"20180525141127","is_prod":false,"is_daily":false,"chose_seed":false,"is_ascension_mode":false,"campfire_upgraded":1,"win_rate":0,"timestamp":1527271887,"campfire_choices":[{"data":"Blood for Blood","floor":10,"key":"SMITH"},{"floor":13,"key":"REST"},{"floor":15,"key":"REST"}],"path_taken":["M","M","M","$","?","?","?","E","T","R","M","M","R","M","R","BOSS","M","M","M","M"],"build_version":"2018-05-24","seed_source_timestamp":383438980271283,"purchased_purges":0,"victory":false,"master_deck":["Strike_R","Strike_R","Strike_R","Strike_R","Strike_R","Defend_R","Defend_R","Defend_R","Defend_R","Bash","Thunderclap","Shockwave","Pommel Strike","Inflame","Blood for Blood+1","Injury","Dropkick","Metallicize","Flex","Anger","Clash","Heavy Blade","Demon Form","Shrug It Off","Sword Boomerang+1","Heavy Blade+1"],"max_hp_per_floor":[80,80,80,80,80,80,80,80,80,80,80,80,80,80,80,80,80,80,80,80,80],"relics":["Burning Blood","NeowsBlessing","Golden Idol","Juzu Bracelet","Dream Catcher","Black Star"],"card_choices":[{"not_picked":["Rupture","Sever Soul"],"picked":"Thunderclap","floor":1},{"not_picked":["Iron Wave","Shrug It Off"],"picked":"Shockwave","floor":2},{"not_picked":["Iron Wave","Armaments"],"picked":"Pommel Strike","floor":3},{"not_picked":["Sever Soul","Metallicize"],"picked":"Dropkick","floor":8},{"not_picked":["Pommel Strike","Warcry"],"picked":"Metallicize","floor":11},{"not_picked":["Exhume","Iron Wave"],"picked":"Flex","floor":12},{"not_picked":["Pommel Strike","Twin Strike"],"picked":"Anger","floor":13},{"not_picked":["Pummel","Pommel Strike"],"picked":"Clash","floor":14},{"not_picked":["Blood for Blood","Armaments"],"picked":"Heavy Blade","floor":15},{"not_picked":["Offering","Reaper"],"picked":"Demon Form","floor":16},{"not_picked":["Body Slam+1","Disarm"],"picked":"Shrug It Off","floor":18},{"not_picked":["Twin Strike","Havoc"],"picked":"Sword Boomerang+1","floor":19},{"not_picked":["Anger","Intimidate"],"picked":"Heavy Blade+1","floor":20}],"player_experience":145757,"potions_floor_usage":[8,14,16,21],"damage_taken":[{"damage":0,"enemies":"2 Louse","floor":1,"turns":1},{"damage":0,"enemies":"Jaw Worm","floor":2,"turns":1},{"damage":0,"enemies":"Small Slimes","floor":3,"turns":1},{"damage":26,"enemies":"Lagavulin","floor":8,"turns":6},{"damage":17,"enemies":"Looter","floor":11,"turns":3},{"damage":11,"enemies":"3 Louse","floor":12,"turns":4},{"damage":28,"enemies":"Exordium Thugs","floor":14,"turns":5},{"damage":16,"enemies":"Slime Boss","floor":16,"turns":10},{"damage":29,"enemies":"2 Thieves","floor":18,"turns":5},{"damage":26,"enemies":"Spheric Guardian","floor":19,"turns":5},{"damage":23,"enemies":"3 Cultists","floor":20,"turns":5},{"damage":27,"enemies":"Cultist and Chosen","floor":21,"turns":3}],"relics_obtained":[{"floor":8,"key":"Juzu Bracelet"},{"floor":9,"key":"Dream Catcher"}],"event_choices":[{"event_name":"Liars Game","player_choice":"agreed","floor":5,"damage_taken":0},{"event_name":"The Cleric","player_choice":"Card Removal","floor":6,"damage_taken":0},{"event_name":"Golden Idol","player_choice":"Take Wound","floor":7,"damage_taken":0}],"boss_relics":[{"not_picked":["Sozu","Velvet Choker"],"picked":"Black Star"}],"items_purged_floors":[],"potions_floor_spawned":[1,3,11,12,20],"seed_played":"8232273656265415114","killed_by":"Cultist and Chosen","ascension_level":0,"potions_obtained":[{"floor":1,"key":"GamblersBrew"},{"floor":3,"key":"LiquidBronze"},{"floor":11,"key":"LiquidBronze"},{"floor":12,"key":"Poison Potion"},{"floor":20,"key":"Weak Potion"}],"is_trial":false}