{"path_per_floor":["M","M","?","M","M","R","T","?","T","R","M","M","R","M","R","B",null,"M","?","?","M","M","R","M","?","T","M","M","$","M","M","R","B",null,"M","$","M","?","M","R","M","R","T","M","?","$","M","?","R"],"character_chosen":"DEFECT","items_purchased":["Defragment","Apotheosis","Defragment","Storm"],"gold_per_floor":[118,137,137,155,170,170,170,120,120,120,137,150,150,162,162,266,266,278,278,278,296,315,315,330,330,330,349,364,41,58,70,70,174,174,190,63,81,127,138,138,154,154,201,217,217,98,110,110,110,110],"floor_reached":50,"campfire_rested":7,"playtime":2512,"item_purchase_floors":[29,29,36,46],"current_hp_per_floor":[67,61,61,60,37,59,59,59,59,59,52,48,70,70,70,20,75,50,50,36,15,14,38,36,62,62,56,56,56,53,42,66,10,80,68,68,67,46,12,36,36,60,60,36,36,36,28,28,52,0],"items_purged":["Normality","Decay","Injury"],"gold":110,"score":530,"play_id":"66391c13-ae4d-43f7-8f21-9f8c47f5da5c","local_time":"20180615101427","is_prod":false,"is_daily":false,"chose_seed":false,"is_ascension_mode":true,"campfire_upgraded":2,"win_rate":0,"timestamp":1529072067,"campfire_choices":[{"floor":6,"key":"REST"},{"data":"Electrodynamics","floor":10,"key":"SMITH"},{"floor":13,"key":"REST"},{"data":"Doom and Gloom","floor":15,"key":"SMITH"},{"floor":23,"key":"REST"},{"floor":32,"key":"REST"},{"floor":40,"key":"REST"},{"floor":42,"key":"REST"},{"floor":49,"key":"REST"}],"path_taken":["M","M","?","M","?","R","?","?","T","R","?","M","R","M","R","BOSS","M","?","?","?","M","R","M","?","T","M","M","$","M","M","R","BOSS","M","$","M","?","M","R","M","R","T","M","?","$","?","?","R","BOSS"],"build_version":"2018-06-14v2","seed_source_timestamp":108906666503462,"purchased_purges":3,"victory":false,"master_deck":["Defend_B","Defend_B","Defend_B","Zap","Dualcast","Streamline","Undo","Coolheaded","Electrodynamics+1","Doom and Gloom+1","Genetic Algorithm","Genetic Algorithm","Electrodynamics","Ball Lightning+1","Doom and Gloom+1","Doom and Gloom+1","BootSequence","Redo","Cold Snap","Defragment","Apotheosis+1","Self Repair","Electrodynamics","Consume","Defragment","Redo","Storm","Clumsy","Storm"],"max_hp_per_floor":[75,75,75,75,75,75,75,75,75,75,75,75,75,75,75,75,75,75,75,80,80,80,80,80,80,80,80,80,80,80,80,80,80,80,80,80,80,80,80,80,80,80,80,80,80,80,80,80,80,80],"relics":["Cursed Key","Toolbox","Smiling Mask","Astrolabe","Dead Branch","Emotion Chip","Inserter","Peace Pipe","Pen Nib"],"card_choices":[{"not_picked":["Go for the Eyes","Double Energy"],"picked":"Streamline","floor":1},{"not_picked":["Hologram","Scrape","Turbo"],"picked":"SKIP","floor":2},{"not_picked":["Turbo","Sunder"],"picked":"Coolheaded","floor":4},{"not_picked":["Recycle","Coolheaded"],"picked":"Electrodynamics","floor":5},{"not_picked":["Storm","Conserve Battery"],"picked":"Doom and Gloom","floor":11},{"not_picked":["Hologram","Loop"],"picked":"Genetic Algorithm","floor":12},{"not_picked":["Ball Lightning","Force Field"],"picked":"Genetic Algorithm","floor":14},{"not_picked":["Biased Cognition","Meteor Strike"],"picked":"Electrodynamics","floor":16},{"not_picked":["Hologram","Steam"],"picked":"BootSequence","floor":18},{"not_picked":["Fusion","Sweeping Beam"],"picked":"Redo","floor":21},{"not_picked":["Compile Driver","Rebound","Hello World"],"picked":"SKIP","floor":22},{"not_picked":["Sweeping Beam","Go for the Eyes","Compile Driver"],"picked":"SKIP","floor":24},{"not_picked":["Steam","Rebound","Turbo"],"picked":"SKIP","floor":27},{"not_picked":["Meteor Strike","Steam Power"],"picked":"Cold Snap","floor":28},{"not_picked":["Conserve Battery+1","Leap"],"picked":"Self Repair","floor":30},{"not_picked":["Auto Shields","Redo","Ball Lightning"],"picked":"SKIP","floor":31},{"not_picked":["Meteor Strike","Hyperbeam"],"picked":"Electrodynamics","floor":33},{"not_picked":["Reinforced Body+1","Hologram"],"picked":"Consume","floor":35},{"not_picked":["Streamline+1","Turbo+1"],"picked":"Redo","floor":37},{"not_picked":["Reinforced Body+1","Rebound"],"picked":"Storm","floor":39},{"not_picked":["All For One","Stack","Barrage"],"picked":"SKIP","floor":41},{"not_picked":["Rebound","Turbo+1","Force Field"],"picked":"SKIP","floor":44},{"not_picked":["Rebound+1","Go for the Eyes+1","Scrape+1"],"picked":"SKIP","floor":47}],"player_experience":569123,"potions_floor_usage":[22,22,22,33,33,44],"damage_taken":[{"damage":8,"enemies":"Jaw Worm","floor":1,"turns":4},{"damage":6,"enemies":"Cultist","floor":2,"turns":3},{"damage":1,"enemies":"2 Louse","floor":4,"turns":2},{"damage":23,"enemies":"Exordium Thugs","floor":5,"turns":7},{"damage":7,"enemies":"Exordium Wildlife","floor":11,"turns":4},{"damage":4,"enemies":"3 Louse","floor":12,"turns":3},{"damage":0,"enemies":"Large Slime","floor":14,"turns":3},{"damage":50,"enemies":"The Guardian","floor":16,"turns":11},{"damage":25,"enemies":"Chosen","floor":18,"turns":5},{"damage":21,"enemies":"Spheric Guardian","floor":21,"turns":4},{"damage":13,"enemies":"Snecko","floor":22,"turns":5},{"damage":2,"enemies":"3 Cultists","floor":24,"turns":3},{"damage":6,"enemies":"Sentry and Sphere","floor":27,"turns":4},{"damage":0,"enemies":"Centurion and Healer","floor":28,"turns":4},{"damage":3,"enemies":"3 Cultists","floor":30,"turns":4},{"damage":18,"enemies":"Snecko","floor":31,"turns":3},{"damage":63,"enemies":"Automaton","floor":33,"turns":8},{"damage":12,"enemies":"3 Darklings","floor":35,"turns":3},{"damage":8,"enemies":"3 Shapes","floor":37,"turns":4},{"damage":28,"floor":38,"turns":5},{"damage":34,"enemies":"3 Darklings","floor":39,"turns":4},{"damage":0,"enemies":"4 Shapes","floor":41,"turns":3},{"damage":33,"enemies":"Maw","floor":44,"turns":6},{"damage":15,"enemies":"3 Darklings","floor":47,"turns":4},{"damage":57,"enemies":"Donu and Deca","floor":50,"turns":5}],"relics_obtained":[{"floor":7,"key":"Toolbox"},{"floor":9,"key":"Smiling Mask"},{"floor":26,"key":"Emotion Chip"},{"floor":38,"key":"Peace Pipe"},{"floor":43,"key":"Pen Nib"}],"event_choices":[{"event_name":"Living Wall","player_choice":"Change","floor":3,"damage_taken":0},{"event_name":"The Cleric","player_choice":"Card Removal","floor":8,"damage_taken":0},{"event_name":"The Mausoleum","player_choice":"Yes","floor":19,"damage_taken":0},{"event_name":"Forgotten Altar","player_choice":"Shed Blood","floor":20,"damage_taken":0},{"event_name":"The Library","player_choice":"Heal","floor":25,"damage_taken":0},{"event_name":"Mysterious Sphere","player_choice":"Fight","floor":38,"damage_taken":0},{"event_name":"Accursed Blacksmith","player_choice":"Forge","floor":45,"damage_taken":0},{"event_name":"SensoryStone","player_choice":"Memory 1","floor":48,"damage_taken":0}],"boss_relics":[{"not_picked":["Runic Pyramid","Orrery"],"picked":"Astrolabe"},{"not_picked":["Runic Dome","Philosopher\u0027s Stone"],"picked":"Inserter"}],"items_purged_floors":[29,36,46],"is_endless":false,"potions_floor_spawned":[2,12,16,18,21,22,28,33,37,39,47],"seed_played":"-2752459989780365885","killed_by":"Donu and Deca","ascension_level":4,"potions_obtained":[{"floor":2,"key":"SpeedPotion"},{"floor":12,"key":"EntropicBrew"},{"floor":16,"key":"PowerPotion"},{"floor":18,"key":"Regen Potion"},{"floor":22,"key":"Poison Potion"},{"floor":33,"key":"SpeedPotion"},{"floor":39,"key":"Regen Potion"},{"floor":47,"key":"Swift Potion"}],"is_trial":false}