{"gold_per_floor":[117,129,279,296,313,313,348,348,348,328,343,362,390,2,2,2],"floor_reached":16,"playtime":848,"items_purged":[],"score":213,"play_id":"debdd45e-8a16-4244-8076-a47802fd16a8","local_time":"20181221153438","is_ascension_mode":true,"campfire_choices":[{"data":"Go for the Eyes","floor":6,"key":"SMITH"},{"data":"Zap","floor":8,"key":"SMITH"},{"floor":15,"key":"REST"}],"neow_cost":"NONE","seed_source_timestamp":129846594969082,"circlet_count":0,"master_deck":["AscendersBane","Strike_B","Strike_B","Strike_B","Defend_B","Defend_B","Defend_B","Defend_B","Zap+1","Dualcast","Gash","Ball Lightning","Chill","Doubt","Go for the Eyes+1","Go for the Eyes","Loop","Coolheaded","Recycle","Sweeping Beam","Gash"],"relics":["Cracked Core","Question Card","Girya","Prayer Wheel","Torii"],"potions_floor_usage":[7,7,12,13],"damage_taken":[{"damage":2,"enemies":"Jaw Worm","floor":1,"turns":3},{"damage":4,"enemies":"2 Louse","floor":2,"turns":2},{"damage":0,"enemies":"Cultist","floor":4,"turns":3},{"damage":0,"enemies":"2 Fungi Beasts","floor":5,"turns":3},{"damage":22,"enemies":"3 Sentries","floor":7,"turns":10},{"damage":6,"enemies":"Blue Slaver","floor":11,"turns":3},{"damage":0,"enemies":"Lots of Slimes","floor":12,"turns":4},{"damage":20,"enemies":"Lagavulin","floor":13,"turns":9},{"damage":31,"enemies":"Slime Boss","floor":16,"turns":8}],"seed_played":"-8921844305375683133","potions_obtained":[{"floor":2,"key":"AttackPotion"},{"floor":4,"key":"Block Potion"},{"floor":10,"key":"SmokeBomb"},{"floor":11,"key":"AttackPotion"},{"floor":12,"key":"SkillPotion"}],"is_trial":false,"path_per_floor":["M","M","?","M","M","R","E","R","T","?","M","M","E","$","R","B"],"character_chosen":"DEFECT","items_purchased":["Gash","Torii"],"campfire_rested":1,"item_purchase_floors":[14,14],"current_hp_per_floor":[62,58,58,58,58,58,36,36,36,36,30,30,10,10,31,0],"gold":2,"neow_bonus":"TRANSFORM_CARD","is_prod":false,"is_daily":false,"chose_seed":false,"campfire_upgraded":2,"win_rate":0,"timestamp":1545424478,"path_taken":["M","M","?","M","M","R","E","R","T","?","M","?","E","$","R","BOSS"],"build_version":"2018-12-20","purchased_purges":0,"victory":false,"max_hp_per_floor":[71,71,71,71,71,71,71,71,71,71,71,71,71,71,71,71],"card_choices":[{"not_picked":["Chaos","Reprogram"],"picked":"Ball Lightning","floor":1},{"not_picked":["Barrage","Redo"],"picked":"Chill","floor":2},{"not_picked":["Aggregate","Scrape"],"picked":"Go for the Eyes","floor":4},{"not_picked":["Stack","Conserve Battery"],"picked":"Go for the Eyes","floor":5},{"not_picked":["Undo","Cold Snap"],"picked":"Loop","floor":7},{"not_picked":["Ball Lightning","Sweeping Beam","Genetic Algorithm"],"picked":"Coolheaded","floor":11},{"not_picked":["Barrage","Stack","Coolheaded"],"picked":"Recycle","floor":12},{"not_picked":["Force Field","Consume","Redo"],"picked":"Sweeping Beam","floor":13}],"player_experience":1930139,"relics_obtained":[{"floor":7,"key":"Question Card"},{"floor":9,"key":"Girya"},{"floor":13,"key":"Prayer Wheel"}],"event_choices":[{"damage_healed":0,"gold_gain":150,"player_choice":"AGREE","damage_taken":0,"max_hp_gain":0,"max_hp_loss":0,"event_name":"Liars Game","floor":3,"gold_loss":0,"cards_obtained":["Doubt"]},{"damage_healed":0,"gold_gain":0,"player_choice":"Bought 1 Potion","damage_taken":0,"max_hp_gain":0,"max_hp_loss":0,"event_name":"The Woman in Blue","floor":10,"gold_loss":0}],"is_beta":false,"boss_relics":[],"items_purged_floors":[],"is_endless":false,"potions_floor_spawned":[2,4,5,11,12],"killed_by":"Slime Boss","ascension_level":18}