{"gold_per_floor":[117,117,117,192,206,206,233,249,272,294,306,318,330,342,354,471,483,515,603,626,913,937,949,660,660],"floor_reached":25,"playtime":481,"items_purged":["Regret"],"score":299,"play_id":"3597719c-175c-4a73-87ce-3e87586199bc","local_time":"20190213135947","is_ascension_mode":false,"campfire_choices":[{"data":"Zap","floor":6,"key":"SMITH"},{"floor":11,"key":"REST"},{"floor":13,"key":"REST"},{"floor":15,"key":"REST"},{"floor":23,"key":"REST"}],"neow_cost":"CURSE","seed_source_timestamp":2231063704300,"circlet_count":0,"master_deck":["Strike_B+1","Strike_B","Strike_B","Defend_B","Defend_B","Defend_B","Defend_B","Zap+1","Dualcast","Parasite","Loop","Tempest","Loop","Zap","Regret","Creative AI","Decay","Clumsy","Ball Lightning","Buffer","Regret","Ball Lightning+1"],"relics":["Cracked Core","Du-Vu Doll","Centennial Puzzle","MawBank","Smiling Mask","Calling Bell","Bag of Preparation","Symbiotic Virus","Emotion Chip","Whetstone"],"potions_floor_usage":[8,10,20],"damage_taken":[{"damage":0,"enemies":"Cultist","floor":1,"turns":3},{"damage":0,"enemies":"2 Louse","floor":5,"turns":2},{"damage":44,"enemies":"Lagavulin","floor":7,"turns":7},{"damage":8,"enemies":"Small Slimes","floor":8,"turns":2},{"damage":0,"enemies":"Blue Slaver","floor":10,"turns":4},{"damage":57,"enemies":"Slime Boss","floor":16,"turns":9},{"damage":43,"enemies":"Spheric Guardian","floor":18,"turns":5},{"damage":17,"enemies":"2 Thieves","floor":20,"turns":3},{"damage":14,"enemies":"Chosen and Byrds","floor":22,"turns":4},{"damage":32,"enemies":"Colosseum Slavers","floor":25,"turns":1}],"seed_played":"4432721547732204438","potions_obtained":[{"floor":7,"key":"SkillPotion"},{"floor":8,"key":"SkillPotion"},{"floor":10,"key":"Energy Potion"}],"is_trial":false,"path_per_floor":["M","?","?","?","M","R","E","M","T","M","R","?","R","?","R","B",null,"M","T","M","?","M","R","$","?"],"character_chosen":"DEFECT","items_purchased":["Whetstone","Dexterity Potion","SkillPotion"],"campfire_rested":4,"item_purchase_floors":[24,24,24],"current_hp_per_floor":[75,75,68,57,57,57,13,5,5,5,27,15,37,37,59,2,75,32,32,15,15,1,23,23,0],"gold":660,"neow_bonus":"ONE_RARE_RELIC","is_prod":false,"is_daily":false,"chose_seed":false,"campfire_upgraded":1,"win_rate":0,"timestamp":1550087987,"path_taken":["M","?","?","?","M","R","E","M","T","?","R","?","R","?","R","BOSS","M","?","?","?","?","R","$","?"],"build_version":"2019-01-23","purchased_purges":1,"victory":false,"max_hp_per_floor":[75,75,75,75,75,75,75,75,75,75,75,75,75,75,75,75,75,75,75,75,75,75,75,75,75],"card_choices":[{"not_picked":["Turbo","Stack","Gash"],"picked":"SKIP","floor":1},{"not_picked":["Turbo","Sweeping Beam"],"picked":"Loop","floor":5},{"not_picked":["Coolheaded","Reprogram"],"picked":"Tempest","floor":7},{"not_picked":["Sweeping Beam","Beam Cell","Skim"],"picked":"SKIP","floor":8},{"not_picked":["Rip and Tear","Steam"],"picked":"Loop","floor":10},{"not_picked":["Reboot","Core Surge"],"picked":"Creative AI","floor":16},{"not_picked":["Stack","Streamline"],"picked":"Ball Lightning","floor":18},{"not_picked":["Barrage","Stack"],"picked":"Buffer","floor":20},{"not_picked":["Sweeping Beam+1","Hello World"],"picked":"Ball Lightning","floor":22}],"player_experience":797937,"relics_obtained":[{"floor":7,"key":"Centennial Puzzle"},{"floor":9,"key":"MawBank"},{"floor":17,"key":"Bag of Preparation"},{"floor":17,"key":"Symbiotic Virus"},{"floor":17,"key":"Emotion Chip"}],"event_choices":[{"damage_healed":0,"gold_gain":0,"player_choice":"Leave","damage_taken":0,"max_hp_gain":0,"max_hp_loss":0,"event_name":"The Cleric","floor":2,"gold_loss":0},{"cards_removed":["Strike_B"],"damage_healed":0,"gold_gain":0,"player_choice":"Card Removal","damage_taken":7,"max_hp_gain":0,"max_hp_loss":0,"event_name":"Golden Wing","floor":3,"gold_loss":0},{"damage_healed":0,"gold_gain":75,"player_choice":"Gather Gold","damage_taken":11,"max_hp_gain":0,"max_hp_loss":0,"event_name":"World of Goop","floor":4,"gold_loss":0},{"damage_healed":0,"gold_gain":0,"player_choice":"Success","damage_taken":12,"relics_obtained":["Smiling Mask"],"max_hp_gain":0,"max_hp_loss":0,"event_name":"Scrap Ooze","floor":12,"gold_loss":0},{"damage_healed":0,"gold_gain":0,"player_choice":"2 cards matched","damage_taken":0,"max_hp_gain":0,"max_hp_loss":0,"event_name":"Match and Keep!","floor":14,"gold_loss":0,"cards_obtained":["Zap","Regret"]},{"damage_healed":0,"gold_gain":275,"player_choice":"Desecrate","damage_taken":0,"max_hp_gain":0,"max_hp_loss":0,"event_name":"Golden Shrine","floor":21,"gold_loss":0,"cards_obtained":["Regret"]},{"damage_healed":0,"gold_gain":0,"player_choice":"Fight","damage_taken":0,"max_hp_gain":0,"max_hp_loss":0,"event_name":"Colosseum","floor":25,"gold_loss":0}],"is_beta":false,"boss_relics":[{"not_picked":["Coffee Dripper","Tiny House"],"picked":"Calling Bell"}],"items_purged_floors":[24],"is_endless":false,"potions_floor_spawned":[7,8,10],"killed_by":"Colosseum Slavers","ascension_level":0}