{"gold_per_floor":[116,127,127,138,158,183,194,13,65,153,167,180,180,191,191,294,294,306,339,357,376,475,475,475],"floor_reached":24,"playtime":1478,"items_purged":[],"score":257,"play_id":"0be5d438-a4fe-47b5-967a-ce7104dc6cd6","local_time":"20181026140053","is_ascension_mode":true,"campfire_choices":[{"floor":13.0,"key":"REST"},{"data":"True Grit","floor":15.0,"key":"SMITH"},{"floor":23,"key":"REST"}],"neow_cost":"NONE","seed_source_timestamp":0,"circlet_count":0,"master_deck":["Strike_R","Strike_R","Strike_R","Strike_R","Strike_R","Defend_R","Defend_R","Defend_R+1","Defend_R+1","Bash","Metallicize","Armaments","Twin Strike","Feed","Shrug It Off","Iron Wave","Metallicize","Inflame","Anger","Infernal Blade","True Grit+1","Juggernaut","Flame Barrier","Blood for Blood+1","Thunderclap+1"],"special_seed":0,"relics":["Burning Blood","War Paint","Blue Candle","Bag of Preparation","Boot","Tiny Chest","Runic Cube","Red Mask"],"potions_floor_usage":[19,19],"damage_taken":[{"damage":7.0,"enemies":"Small Slimes","floor":1.0,"turns":4.0},{"damage":9.0,"enemies":"Jaw Worm","floor":2.0,"turns":5.0},{"damage":0.0,"enemies":"2 Louse","floor":4.0,"turns":5.0},{"damage":4.0,"enemies":"Gremlin Gang","floor":5.0,"turns":9.0},{"damage":39.0,"enemies":"3 Sentries","floor":6.0,"turns":12.0},{"damage":3.0,"enemies":"3 Louse","floor":7.0,"turns":4.0},{"damage":51.0,"enemies":"Gremlin Nob","floor":10.0,"turns":7.0},{"damage":1.0,"enemies":"2 Fungi Beasts","floor":11.0,"turns":4.0},{"damage":2.0,"enemies":"Large Slime","floor":12.0,"turns":7.0},{"damage":4.0,"enemies":"Gremlin Gang","floor":14.0,"turns":6.0},{"damage":24.0,"enemies":"The Guardian","floor":16.0,"turns":18.0},{"damage":11,"enemies":"Shell Parasite","floor":18,"turns":8},{"damage":67,"enemies":"Masked Bandits","floor":19,"turns":8},{"damage":21,"enemies":"Chosen","floor":20,"turns":8},{"damage":21,"enemies":"Snake Plant","floor":21,"turns":6},{"damage":49,"enemies":"Book of Stabbing","floor":24,"turns":8}],"seed_played":"690493280903105298","potions_obtained":[{"floor":1.0,"key":"Poison Potion"},{"floor":2.0,"key":"Block Potion"},{"floor":4.0,"key":"FairyPotion"},{"floor":11.0,"key":"SpeedPotion"},{"floor":14.0,"key":"FairyPotion"},{"floor":18,"key":"Ancient Potion"},{"floor":21,"key":"SpeedPotion"}],"is_trial":false,"path_per_floor":["M","M","?","M","M","E","M","$","T","?","M","M","R","M","R","B",null,"M","?","M","M","?","R"],"character_chosen":"IRONCLAD","items_purchased":["Metallicize","Bag of Preparation"],"campfire_rested":2,"item_purchase_floors":[8,8],"current_hp_per_floor":[87,84,81,87,88,58,64,64,64,19,24,31,60,65,65,47,100,95,37,22,7,7,37,0],"gold":475,"neow_bonus":"TEN_PERCENT_HP_BONUS","is_prod":false,"is_daily":false,"chose_seed":false,"campfire_upgraded":1,"win_rate":0,"timestamp":1540580453,"path_taken":["M","M","?","M","M","E","M","$","T","?","M","M","R","?","R","BOSS","M","?","M","M","?","R","E"],"build_version":"2018-10-25v2","purchased_purges":0,"victory":false,"max_hp_per_floor":[88,88,88,88,88,91,94,94,94,94,94,97,97,100,100,100,100,100,103,103,103,103,103,103],"card_choices":[{"not_picked":["Heavy Blade","Thunderclap"],"picked":"Metallicize","floor":1.0},{"not_picked":["Searing Blow","Combust"],"picked":"Armaments","floor":2.0},{"not_picked":["Shockwave","Body Slam"],"picked":"Twin Strike","floor":4.0},{"not_picked":["Reckless Charge","Wild Strike"],"picked":"Feed","floor":5.0},{"not_picked":["Disarm","Feel No Pain"],"picked":"Shrug It Off","floor":6.0},{"not_picked":["Sever Soul","Wild Strike"],"picked":"Iron Wave","floor":7.0},{"not_picked":["Rupture","Perfected Strike"],"picked":"Inflame","floor":10.0},{"not_picked":["Dark Embrace","Thunderclap"],"picked":"Anger","floor":11.0},{"not_picked":["Pommel Strike","Havoc"],"picked":"Infernal Blade","floor":12.0},{"not_picked":["Anger","Perfected Strike"],"picked":"True Grit","floor":14.0},{"not_picked":["Barricade","Feed"],"picked":"Juggernaut","floor":16.0},{"not_picked":["Cleave","Clash+1","Flex"],"picked":"SKIP","floor":18},{"not_picked":["Clash","True Grit+1"],"picked":"Flame Barrier","floor":19},{"not_picked":["Entrench+1","Perfected Strike"],"picked":"Blood for Blood+1","floor":20},{"not_picked":["Carnage","Wild Strike+1"],"picked":"Thunderclap+1","floor":21}],"player_experience":475117,"relics_obtained":[{"floor":6.0,"key":"Blue Candle"},{"floor":9.0,"key":"Boot"},{"floor":10.0,"key":"Tiny Chest"},{"floor":19,"key":"Red Mask"}],"event_choices":[{"damage_healed":0.0,"max_hp_gain":0.0,"max_hp_loss":0.0,"gold_gain":0.0,"event_name":"Scrap Ooze","player_choice":"Success","floor":3.0,"gold_loss":0.0,"damage_taken":3.0,"relics_obtained":["War Paint"]},{"damage_healed":0.0,"max_hp_gain":0.0,"max_hp_loss":0.0,"gold_gain":0.0,"event_name":"Dead Adventurer","player_choice":"Searched \u00271\u0027 times","floor":10.0,"gold_loss":0.0,"damage_taken":0.0},{"damage_healed":0,"gold_gain":0,"player_choice":"Fought Bandits","damage_taken":0,"max_hp_gain":0,"max_hp_loss":0,"event_name":"Masked Bandits","floor":19,"gold_loss":0},{"damage_healed":0,"gold_gain":99,"player_choice":"Stole From Cult","damage_taken":0,"max_hp_gain":0,"max_hp_loss":0,"event_name":"Nest","floor":22,"gold_loss":0}],"is_beta":true,"boss_relics":[{"not_picked":["Runic Dome","Runic Pyramid"],"picked":"Runic Cube"}],"items_purged_floors":[],"is_endless":false,"potions_floor_spawned":[1,2,4,11,14,18,21],"killed_by":"Book of Stabbing","ascension_level":3}