{"gold_per_floor":[118,118,193,63,73,103,103,121,121,131,165,165,165,184,184,281,281,281,281,281,281,281,281,281,281,281,281,84,84,84,84,84,84],"floor_reached":33,"playtime":3070,"items_purged":[],"score":370,"play_id":"a04f7a03-6ab5-4d1b-a052-4fccf8db36d1","local_time":"20190212104233","is_ascension_mode":true,"campfire_choices":[{"data":"Malaise","floor":7,"key":"SMITH"},{"data":"Skewer","floor":13,"key":"SMITH"},{"data":"Neutralize","floor":15,"key":"SMITH"},{"floor":24,"key":"REST"},{"floor":30,"key":"REST"},{"data":"Adrenaline","floor":32,"key":"SMITH"}],"neow_cost":"NONE","seed_source_timestamp":2668197902607349,"circlet_count":0,"master_deck":["Defend_G","Defend_G","Defend_G","Defend_G","Defend_G","Strike_G","Strike_G","Strike_G","Survivor","Neutralize+1","Poisoned Stab","Outmaneuver","Dash","Malaise+1","Backflip","Skewer+1","Dagger Spray","PiercingWail","Adrenaline+1","PiercingWail","Well Laid Plans","Dodge and Roll+1","Blur","Escape Plan","Deflect","After Image","Backflip+1"],"relics":["Ring of the Snake","NeowsBlessing","Tingsha","Torii","Bag of Marbles","Ectoplasm","Art of War","Ancient Tea Set","Tiny Chest","TwistedFunnel","MawBank","Regal Pillow"],"potions_floor_usage":[11,16,23,23,33],"damage_taken":[{"damage":0,"enemies":"Small Slimes","floor":1,"turns":1},{"damage":0,"enemies":"2 Louse","floor":5,"turns":1},{"damage":0,"enemies":"3 Sentries","floor":6,"turns":1},{"damage":0,"enemies":"Cultist","floor":8,"turns":4},{"damage":0,"enemies":"Blue Slaver","floor":10,"turns":5},{"damage":2,"enemies":"Gremlin Nob","floor":11,"turns":4},{"damage":2,"enemies":"Gremlin Gang","floor":14,"turns":4},{"damage":6,"enemies":"The Guardian","floor":16,"turns":14},{"damage":2,"enemies":"3 Byrds","floor":18,"turns":5},{"damage":0,"enemies":"Chosen","floor":19,"turns":3},{"damage":1,"enemies":"Centurion and Healer","floor":20,"turns":7},{"damage":4,"enemies":"3 Cultists","floor":22,"turns":7},{"damage":40,"enemies":"Gremlin Leader","floor":23,"turns":8},{"damage":0,"enemies":"Snecko","floor":25,"turns":3},{"damage":9,"enemies":"Snake Plant","floor":27,"turns":6},{"damage":2,"enemies":"Slavers","floor":31,"turns":8},{"damage":59,"enemies":"Champ","floor":33,"turns":30}],"seed_played":"1404895239645706735","potions_obtained":[{"floor":5,"key":"Block Potion"},{"floor":19,"key":"SpeedPotion"},{"floor":20,"key":"Strength Potion"},{"floor":22,"key":"Ancient Potion"},{"floor":25,"key":"FearPotion"},{"floor":31,"key":"Energy Potion"}],"is_trial":false,"path_per_floor":["M","?","?","$","M","E","R","M","T","M","E","?","R","M","R","B",null,"M","M","M","?","M","E","R","M","T","M","$","T","R","E","R","B"],"character_chosen":"THE_SILENT","items_purchased":["GhostInAJar","Strength Potion","TwistedFunnel"],"campfire_rested":2,"item_purchase_floors":[4,4,28],"current_hp_per_floor":[70,70,59,59,59,59,59,59,59,59,57,57,57,55,55,49,70,68,68,67,67,63,23,44,44,44,35,35,35,56,54,54,0],"gold":84,"neow_bonus":"THREE_ENEMY_KILL","is_prod":false,"is_daily":false,"chose_seed":false,"campfire_upgraded":4,"win_rate":0,"timestamp":1549939353,"path_taken":["M","?","?","$","M","E","R","M","T","M","E","?","R","?","R","BOSS","M","M","M","?","?","E","R","M","T","M","$","?","R","E","R","BOSS"],"build_version":"2019-01-23","purchased_purges":0,"victory":false,"max_hp_per_floor":[70,70,70,70,70,70,70,70,70,70,70,70,70,70,70,70,70,70,70,70,70,70,70,70,70,70,70,70,70,70,70,70,70],"card_choices":[{"not_picked":["Blade Dance","Prepared"],"picked":"Poisoned Stab","floor":1},{"not_picked":["Deadly Poison","Sucker Punch"],"picked":"Dash","floor":5},{"not_picked":["Venomology","Predator"],"picked":"Malaise","floor":6},{"not_picked":["Backstab","Finisher"],"picked":"Backflip","floor":8},{"not_picked":["Sucker Punch","Calculated Gamble"],"picked":"Skewer","floor":10},{"not_picked":["Choke","Backflip"],"picked":"Dagger Spray","floor":11},{"not_picked":["Acrobatics","Outmaneuver"],"picked":"PiercingWail","floor":14},{"not_picked":["Storm of Steel","Tools of the Trade"],"picked":"Adrenaline","floor":16},{"not_picked":["Backflip","Underhanded Strike"],"picked":"PiercingWail","floor":18},{"not_picked":["Flying Knee","Riddle With Holes"],"picked":"Well Laid Plans","floor":19},{"not_picked":["Quick Slash","Bane+1"],"picked":"Dodge and Roll+1","floor":20},{"not_picked":["Backstab","Outmaneuver+1"],"picked":"Blur","floor":22},{"not_picked":["Bullet Time","Outmaneuver"],"picked":"Escape Plan","floor":23},{"not_picked":["Predator","Blade Dance"],"picked":"Deflect","floor":25},{"not_picked":["Slice","Bouncing Flask"],"picked":"After Image","floor":27},{"not_picked":["Quick Slash","Cloak And Dagger"],"picked":"Backflip+1","floor":31}],"player_experience":76586,"relics_obtained":[{"floor":6,"key":"Tingsha"},{"floor":9,"key":"Torii"},{"floor":11,"key":"Bag of Marbles"},{"floor":23,"key":"Ancient Tea Set"},{"floor":26,"key":"Tiny Chest"},{"floor":29,"key":"MawBank"},{"floor":31,"key":"Regal Pillow"}],"event_choices":[{"damage_healed":0,"gold_gain":0,"cards_transformed":["Strike_G"],"player_choice":"Change","damage_taken":0,"max_hp_gain":0,"max_hp_loss":0,"event_name":"Living Wall","floor":2,"gold_loss":0,"cards_obtained":["Outmaneuver"]},{"damage_healed":0,"gold_gain":75,"player_choice":"Gather Gold","damage_taken":11,"max_hp_gain":0,"max_hp_loss":0,"event_name":"World of Goop","floor":3,"gold_loss":0},{"cards_removed":["Strike_G"],"damage_healed":0,"gold_gain":0,"player_choice":"Offered Basic","damage_taken":0,"max_hp_gain":0,"max_hp_loss":0,"event_name":"Bonfire Elementals","floor":12,"gold_loss":0},{"damage_healed":0,"gold_gain":0,"player_choice":"Gave Potion","damage_taken":0,"relics_obtained":["Art of War"],"max_hp_gain":0,"max_hp_loss":0,"event_name":"WeMeetAgain","floor":21,"gold_loss":0}],"is_beta":false,"boss_relics":[{"not_picked":["Eternal Feather","Velvet Choker"],"picked":"Ectoplasm"}],"items_purged_floors":[],"is_endless":false,"potions_floor_spawned":[5,6,10,19,20,22,25,31],"killed_by":"Champ","ascension_level":3}