{"gold_per_floor":[10,26,26,26,26,67,88,131,131,143,155,203,235,271,283,418,430,436,448,460,73,89,113,126,126,152,172,172,172,186,29,29,133,133,150,170,184,198,198,228,178,178],"floor_reached":42,"playtime":1855,"items_purged":["Strike_R","Strike_R"],"score":465,"play_id":"0d340a94-c09e-4c31-99a0-f3ad4ffcf8b8","local_time":"20190107154649","is_ascension_mode":false,"campfire_choices":[{"data":"Uppercut","floor":10,"key":"SMITH"},{"floor":15,"key":"REST"},{"data":"Limit Break","floor":28,"key":"SMITH"},{"floor":32,"key":"REST"}],"neow_cost":"NO_GOLD","seed_source_timestamp":290233103203996,"circlet_count":0,"master_deck":["Strike_R","Defend_R","Defend_R","Defend_R","Defend_R","Bash","Uppercut+1","Shockwave","Flame Barrier","Iron Wave","Evolve+1","Limit Break+1","Juggernaut+1","Heavy Blade+1","Sword Boomerang","Headbutt+1","Pommel Strike+1","Iron Wave","Demon Form+1","Heavy Blade","Shrug It Off","Heavy Blade+1","Shrug It Off+1"],"relics":["Burning Blood","Mango","Smiling Mask","Bloody Idol","Mercury Hourglass","Frozen Egg 2","MawBank","Odd Mushroom","Sozu","ClockworkSouvenir","Bronze Scales","Omamori","Orichalcum","Cursed Key","Potion Belt"],"potions_floor_usage":[8,8,14,16],"damage_taken":[{"damage":6,"enemies":"Cultist","floor":1,"turns":3},{"damage":0,"enemies":"2 Louse","floor":2,"turns":3},{"damage":35,"enemies":"Lagavulin","floor":6,"turns":6},{"damage":7,"enemies":"Small Slimes","floor":7,"turns":3},{"damage":22,"enemies":"3 Sentries","floor":8,"turns":6},{"damage":9,"enemies":"The Mushroom Lair","floor":12,"turns":4},{"damage":8,"enemies":"3 Louse","floor":13,"turns":3},{"damage":1,"enemies":"Large Slime","floor":14,"turns":5},{"damage":34,"enemies":"Hexaghost","floor":16,"turns":9},{"damage":33,"enemies":"2 Thieves","floor":18,"turns":4},{"damage":13,"enemies":"Spheric Guardian","floor":22,"turns":4},{"damage":6,"enemies":"Cultist and Chosen","floor":23,"turns":6},{"damage":16,"enemies":"Snake Plant","floor":24,"turns":3},{"damage":12,"enemies":"3 Cultists","floor":27,"turns":5},{"damage":9,"enemies":"Centurion and Healer","floor":30,"turns":4},{"damage":73,"enemies":"Automaton","floor":33,"turns":10},{"damage":5,"enemies":"Orb Walker","floor":35,"turns":3},{"damage":33,"enemies":"3 Darklings","floor":36,"turns":4},{"damage":22,"enemies":"Transient","floor":37,"turns":5},{"damage":9,"enemies":"Spire Growth","floor":38,"turns":4},{"damage":53,"enemies":"Nemesis","floor":40,"turns":7},{"damage":24,"enemies":"Maw","floor":42,"turns":6}],"seed_played":"-3323734154579708446","potions_obtained":[{"floor":1,"key":"SkillPotion"},{"floor":6,"key":"PowerPotion"},{"floor":8,"key":"Poison Potion"},{"floor":12,"key":"SteroidPotion"}],"is_trial":false,"path_per_floor":["M","M","?","?","?","E","M","E","T","R","?","?","M","M","R","B",null,"M","$","?","$","M","M","M","?","T","M","R","T","M","$","R","B",null,"M","M","M","M","?","E","$","M"],"character_chosen":"IRONCLAD","items_purchased":["ClockworkSouvenir","Bronze Scales","Orichalcum"],"campfire_rested":2,"item_purchase_floors":[21,21,31],"current_hp_per_floor":[94,94,91,91,87,58,57,41,41,41,34,31,29,34,60,32,87,60,60,60,60,53,53,43,43,48,47,47,47,49,49,75,13,87,87,65,54,56,56,14,14,0],"gold":178,"neow_bonus":"ONE_RARE_RELIC","is_prod":false,"is_daily":false,"chose_seed":false,"campfire_upgraded":2,"win_rate":0,"timestamp":1546894009,"path_taken":["M","?","?","?","?","E","M","E","T","R","?","?","M","M","R","BOSS","M","$","?","$","M","M","?","?","T","M","R","?","M","$","R","BOSS","M","M","M","M","?","E","$","M"],"build_version":"2019-01-03v4","purchased_purges":2,"victory":false,"max_hp_per_floor":[94,94,94,94,87,87,87,87,87,87,87,87,87,87,87,87,87,87,87,87,87,87,87,87,87,87,87,87,87,87,87,87,87,87,87,87,87,87,87,87,87,87],"card_choices":[{"not_picked":["Dual Wield","Cleave"],"picked":"Uppercut","floor":1},{"not_picked":["Wild Strike","Anger"],"picked":"Shockwave","floor":2},{"not_picked":["Twin Strike","Cleave"],"picked":"Flame Barrier","floor":6},{"not_picked":["Heavy Blade","Flame Barrier"],"picked":"Iron Wave","floor":7},{"not_picked":["Warcry","Burning Pact"],"picked":"Evolve","floor":8},{"not_picked":["Warcry","Seeing Red","Searing Blow"],"picked":"SKIP","floor":13},{"not_picked":["Rupture+1","Perfected Strike"],"picked":"Limit Break","floor":14},{"not_picked":["Feed","Double Tap"],"picked":"Juggernaut+1","floor":16},{"not_picked":["Reckless Charge","Pummel"],"picked":"Heavy Blade+1","floor":18},{"not_picked":["Havoc","Seeing Red"],"picked":"Sword Boomerang","floor":22},{"not_picked":["Warcry+1","Heavy Blade+1"],"picked":"Headbutt+1","floor":23},{"not_picked":["Infernal Blade+1","Armaments"],"picked":"Pommel Strike+1","floor":24},{"not_picked":["Perfected Strike","Clash","Warcry"],"picked":"SKIP","floor":27},{"not_picked":["Feel No Pain+1","Anger"],"picked":"Iron Wave","floor":30},{"not_picked":["Fiend Fire","Brutality+1"],"picked":"Demon Form+1","floor":33},{"not_picked":["Corruption+1","Wild Strike"],"picked":"Heavy Blade","floor":35},{"not_picked":["Flex","Warcry","Headbutt"],"picked":"SKIP","floor":36},{"not_picked":["Havoc+1","Clothesline+1"],"picked":"Shrug It Off","floor":37},{"not_picked":["Armaments","Thunderclap+1"],"picked":"Heavy Blade+1","floor":38},{"not_picked":["Bloodletting+1","Dark Embrace+1"],"picked":"Shrug It Off+1","floor":40}],"player_experience":2041473,"relics_obtained":[{"floor":6,"key":"Mercury Hourglass"},{"floor":8,"key":"Frozen Egg 2"},{"floor":9,"key":"MawBank"},{"floor":12,"key":"Odd Mushroom"},{"floor":26,"key":"Omamori"},{"floor":40,"key":"Potion Belt"}],"event_choices":[{"damage_healed":0,"gold_gain":0,"player_choice":"Success","damage_taken":3,"relics_obtained":["Smiling Mask"],"max_hp_gain":0,"max_hp_loss":0,"event_name":"Scrap Ooze","floor":3,"gold_loss":0},{"cards_removed":["Strike_R"],"damage_healed":0,"gold_gain":0,"player_choice":"Forget","damage_taken":0,"max_hp_gain":0,"max_hp_loss":0,"event_name":"Living Wall","floor":4,"gold_loss":0},{"damage_healed":0,"gold_gain":0,"player_choice":"Lose Max HP","damage_taken":0,"relics_obtained":["Golden Idol"],"max_hp_gain":0,"max_hp_loss":7,"event_name":"Golden Idol","floor":5,"gold_loss":0},{"cards_removed":["Strike_R"],"damage_healed":0,"gold_gain":0,"player_choice":"Card Removal","damage_taken":7,"max_hp_gain":0,"max_hp_loss":0,"event_name":"Golden Wing","floor":11,"gold_loss":0},{"damage_healed":0,"gold_gain":0,"player_choice":"Fought Mushrooms","damage_taken":0,"max_hp_gain":0,"max_hp_loss":0,"event_name":"Mushrooms","floor":12,"gold_loss":0},{"damage_healed":0,"gold_gain":0,"player_choice":"Ignored","damage_taken":0,"max_hp_gain":0,"max_hp_loss":0,"event_name":"NoteForYourself","floor":20,"gold_loss":0},{"damage_healed":0,"gold_gain":0,"player_choice":"Gave Idol","damage_taken":0,"relics_obtained":["Bloody Idol"],"max_hp_gain":0,"max_hp_loss":0,"event_name":"Forgotten Altar","floor":25,"relics_lost":["Golden Idol"],"gold_loss":0},{"damage_healed":0,"gold_gain":0,"player_choice":"Ignored","damage_taken":0,"max_hp_gain":0,"max_hp_loss":0,"event_name":"Tomb of Lord Red Mask","floor":39,"gold_loss":0}],"is_beta":false,"boss_relics":[{"not_picked":["Busted Crown","Mark of Pain"],"picked":"Sozu"},{"not_picked":["Black Blood","White Beast Statue"],"picked":"Cursed Key"}],"items_purged_floors":[21,41],"is_endless":false,"potions_floor_spawned":[1,6,8,12,18,27,33,35,40],"killed_by":"Maw","ascension_level":0}