{"gold_per_floor":[114,129,129,144,144,144,174,72,72,87,117,41,56,71,71,171,171,186,186,201,216,216,216,162,192,242,242,202,202,217,247,247,347,347,362,377,477,127,142,142,172,187,187,187,187,217,217,232,232,232],"floor_reached":51,"playtime":2698,"items_purged":[],"score":1080,"play_id":"be987978-59d2-45b0-a4b8-5210baf11024","local_time":"20190204153418","daily_mods":["Draft","Colorless Cards","Night Terrors"],"is_ascension_mode":false,"campfire_choices":[{"data":"Go for the Eyes","floor":6.0,"key":"SMITH"},{"data":"Fission","floor":15.0,"key":"SMITH"},{"data":"Defragment","floor":23.0,"key":"SMITH"},{"data":"Defragment","floor":27.0,"key":"SMITH"},{"data":"Coolheaded","floor":29.0,"key":"SMITH"},{"data":"Discovery","floor":32.0,"key":"SMITH"},{"data":"Creative AI","floor":40.0,"key":"SMITH"},{"data":"Coolheaded","floor":47,"key":"SMITH"},{"data":"Skim","floor":49,"key":"SMITH"}],"neow_cost":"","seed_source_timestamp":0,"circlet_count":0,"master_deck":["Rebound","Leap","Discovery+1","Swift Strike","FTL","Sunder+1","Conserve Battery+1","Compile Driver","Ball Lightning","Dark Shackles+1","Undo","Finesse","Go for the Eyes+1","Stack","Cold Snap","Cold Snap","Rip and Tear","Defragment+1","Capacitor","Coolheaded+1","Fission+1","Defragment+1","Electrodynamics","Sweeping Beam+1","Skim+1","Coolheaded+1","Creative AI+1","Hologram+1","Coolheaded+1"],"special_seed":17931,"relics":["Cracked Core","Peace Pipe","Calipers","Omamori","Philosopher\u0027s Stone","DataDisk","Lantern","Potion Belt","Bag of Preparation","Sozu","Du-Vu Doll","Runic Capacitor","Bag of Marbles","War Paint","Torii","Juzu Bracelet"],"potions_floor_usage":[50],"damage_taken":[{"damage":0.0,"enemies":"Small Slimes","floor":1.0,"turns":2.0},{"damage":0.0,"enemies":"Jaw Worm","floor":2.0,"turns":2.0},{"damage":0.0,"enemies":"2 Louse","floor":4.0,"turns":2.0},{"damage":0.0,"enemies":"Gremlin Nob","floor":7.0,"turns":3.0},{"damage":2.0,"enemies":"Blue Slaver","floor":10.0,"turns":2.0},{"damage":0.0,"enemies":"3 Sentries","floor":11.0,"turns":6.0},{"damage":0.0,"enemies":"2 Fungi Beasts","floor":13.0,"turns":3.0},{"damage":2.0,"enemies":"Gremlin Gang","floor":14.0,"turns":2.0},{"damage":0.0,"enemies":"The Guardian","floor":16.0,"turns":12.0},{"damage":0.0,"enemies":"Shell Parasite","floor":18.0,"turns":5.0},{"damage":0.0,"enemies":"Spheric Guardian","floor":20.0,"turns":3.0},{"damage":0.0,"enemies":"3 Cultists","floor":21.0,"turns":3.0},{"damage":0.0,"enemies":"Slavers","floor":25.0,"turns":3.0},{"damage":4.0,"enemies":"Shelled Parasite and Fungi","floor":30.0,"turns":2.0},{"damage":14.0,"enemies":"Book of Stabbing","floor":31.0,"turns":4.0},{"damage":0.0,"enemies":"Automaton","floor":33.0,"turns":10.0},{"damage":2.0,"enemies":"Orb Walker","floor":35.0,"turns":3.0},{"damage":0.0,"enemies":"3 Darklings","floor":36.0,"turns":2.0},{"damage":0.0,"enemies":"Mind Bloom Boss Battle","floor":37.0,"turns":4.0},{"damage":0.0,"enemies":"Transient","floor":39.0,"turns":5.0},{"damage":0.0,"enemies":"Giant Head","floor":41.0,"turns":8.0},{"damage":0.0,"enemies":"Spire Growth","floor":42.0,"turns":3.0},{"damage":0,"enemies":"Nemesis","floor":46,"turns":9},{"damage":0,"enemies":"3 Darklings","floor":48,"turns":3},{"damage":0,"enemies":"Awakened One","floor":50,"turns":15}],"seed_played":"-1671587602843192700","potions_obtained":[{"floor":7.0,"key":"EssenceOfSteel"},{"floor":10.0,"key":"Energy Potion"},{"floor":13.0,"key":"SmokeBomb"},{"floor":14.0,"key":"Block Potion"},{"floor":18.0,"key":"Swift Potion"},{"floor":25.0,"key":"SpeedPotion"},{"floor":28.0,"key":"EssenceOfSteel"},{"floor":28.0,"key":"SpeedPotion"},{"floor":28.0,"key":"SneckoOil"}],"is_trial":false,"path_per_floor":["M","M","?","M","?","R","E","$","T","M","E","$","M","M","R","B",null,"M","?","M","M","?","R","$","E","T","R","?","R","M","E","R","B",null,"M","M","?","$","M","R","E","M","T","?","?","E","R","M","R","B",null],"character_chosen":"DEFECT","items_purchased":["Capacitor","Coolheaded","Fission","Coolheaded","Runic Capacitor","Bag of Marbles"],"campfire_rested":0,"item_purchase_floors":[8,8,12,24,38,38],"current_hp_per_floor":[75,75,75,75,75,75,75,75,75,73,73,73,73,71,71,71,75,75,75,75,75,75,75,75,75,75,75,75,75,71,57,57,57,75,73,73,73,73,73,73,73,73,73,73,75,75,75,75,75,75],"gold":232,"neow_bonus":"","is_prod":false,"is_daily":true,"chose_seed":false,"campfire_upgraded":9,"win_rate":0,"timestamp":1549290858,"path_taken":["M","M","?","M","?","R","E","?","T","M","E","$","M","M","R","BOSS","M","?","M","M","?","R","?","E","T","R","?","R","M","E","R","BOSS","M","?","?","?","M","R","E","M","T","?","?","E","R","M","R","BOSS"],"build_version":"2019-01-23","purchased_purges":0,"victory":true,"max_hp_per_floor":[75,75,75,75,75,75,75,75,75,75,75,75,75,75,75,75,75,75,75,75,75,75,75,75,75,75,75,75,75,75,75,75,75,75,75,75,75,75,75,75,75,75,75,75,75,75,75,75,75,75],"card_choices":[{"not_picked":["Streamline","Enlightenment"],"picked":"Rebound","floor":0.0},{"not_picked":["Go for the Eyes","Blizzard"],"picked":"Leap","floor":0.0},{"not_picked":["Steam","Cold Snap"],"picked":"Discovery","floor":0.0},{"not_picked":["Auto Shields","Hologram"],"picked":"Swift Strike","floor":0.0},{"not_picked":["Self Repair","Redo"],"picked":"FTL","floor":0.0},{"not_picked":["Gash","Redo"],"picked":"Sunder","floor":0.0},{"not_picked":["Steam","Reprogram"],"picked":"Conserve Battery","floor":0.0},{"not_picked":["Redo","Stack"],"picked":"Compile Driver","floor":0.0},{"not_picked":["Conserve Battery","Tempest"],"picked":"Ball Lightning","floor":0.0},{"not_picked":["Redo","Beam Cell"],"picked":"Dark Shackles","floor":0.0},{"not_picked":["Tempest","Redo"],"picked":"Undo","floor":0.0},{"not_picked":["Enlightenment","Sweeping Beam"],"picked":"Finesse","floor":0.0},{"not_picked":["Panacea","Redo"],"picked":"Go for the Eyes","floor":0.0},{"not_picked":["Impatience","Trip"],"picked":"Stack","floor":0.0},{"not_picked":["Rebound","Conserve Battery"],"picked":"Cold Snap","floor":0.0},{"not_picked":["Gash","Sweeping Beam","Rebound"],"picked":"SKIP","floor":1.0},{"not_picked":["Conserve Battery","Stack"],"picked":"Cold Snap","floor":2.0},{"not_picked":["Reprogram","Rebound"],"picked":"Rip and Tear","floor":4.0},{"not_picked":["Enlightenment","Stack"],"picked":"Defragment","floor":7.0},{"not_picked":["Gash","Hologram","Beam Cell"],"picked":"SKIP","floor":10.0},{"not_picked":["Melter","Turbo","Bandage Up"],"picked":"SKIP","floor":11.0},{"not_picked":["Force Field","Madness"],"picked":"Defragment","floor":13.0},{"not_picked":["Good Instincts","HandOfGreed","Rebound"],"picked":"SKIP","floor":14.0},{"not_picked":["HandOfGreed","Sadistic Nature"],"picked":"Electrodynamics","floor":16.0},{"not_picked":["Bandage Up+1","Lockon"],"picked":"Sweeping Beam+1","floor":18.0},{"not_picked":["Compile Driver","Discovery"],"picked":"Skim","floor":20.0},{"not_picked":["Steam Power","Dramatic Entrance","Compile Driver"],"picked":"SKIP","floor":21.0},{"not_picked":["Barrage","Beam Cell","Steam"],"picked":"SKIP","floor":25.0},{"not_picked":["Auto Shields+1","Conserve Battery","FTL"],"picked":"SKIP","floor":30.0},{"not_picked":["Streamline","Beam Cell","Turbo"],"picked":"SKIP","floor":31.0},{"not_picked":["Buffer","Rainbow"],"picked":"Creative AI","floor":33.0},{"not_picked":["Go for the Eyes+1","Jack Of All Trades+1"],"picked":"Hologram+1","floor":35.0},{"not_picked":["Redo","Streamline+1"],"picked":"Coolheaded+1","floor":36.0},{"not_picked":["FTL+1","Sadistic Nature","Panacea+1"],"picked":"SKIP","floor":39.0},{"not_picked":["Compile Driver+1","Hello World+1","Panacea"],"picked":"SKIP","floor":41.0},{"not_picked":["Static Discharge+1","Steam+1","Sweeping Beam+1"],"picked":"SKIP","floor":42.0},{"not_picked":["Conserve Battery+1","Lockon+1","Deep Breath"],"picked":"SKIP","floor":46},{"not_picked":["Mind Blast+1","Redo+1","Impatience"],"picked":"SKIP","floor":48}],"player_experience":1944063,"relics_obtained":[{"floor":7.0,"key":"Peace Pipe"},{"floor":9.0,"key":"Calipers"},{"floor":11.0,"key":"Omamori"},{"floor":25.0,"key":"Lantern"},{"floor":26.0,"key":"Potion Belt"},{"floor":31.0,"key":"Bag of Preparation"},{"floor":37.0,"key":"Du-Vu Doll"},{"floor":41.0,"key":"War Paint"},{"floor":43.0,"key":"Torii"},{"floor":46,"key":"Juzu Bracelet"}],"event_choices":[{"damage_healed":0.0,"max_hp_gain":0.0,"max_hp_loss":0.0,"gold_gain":0.0,"event_name":"Living Wall","player_choice":"Grow","floor":3.0,"gold_loss":0.0,"damage_taken":0.0,"cards_upgraded":["Sunder"]},{"damage_healed":0.0,"max_hp_gain":0.0,"max_hp_loss":0.0,"gold_gain":0.0,"event_name":"Liars Game","player_choice":"Ignored","floor":5.0,"gold_loss":0.0,"damage_taken":0.0},{"damage_healed":0.0,"max_hp_gain":0.0,"max_hp_loss":0.0,"gold_gain":0.0,"event_name":"Beggar","player_choice":"Ignored","floor":19.0,"gold_loss":0.0,"damage_taken":0.0},{"damage_healed":0.0,"max_hp_gain":0.0,"max_hp_loss":0.0,"gold_gain":0.0,"event_name":"The Mausoleum","player_choice":"Opened","floor":22.0,"gold_loss":0.0,"damage_taken":0.0,"relics_obtained":["DataDisk"]},{"damage_healed":0.0,"max_hp_gain":0.0,"max_hp_loss":0.0,"gold_gain":0.0,"event_name":"The Woman in Blue","player_choice":"Bought 3 Potions","floor":28.0,"gold_loss":0.0,"damage_taken":0.0},{"damage_healed":0.0,"max_hp_gain":0.0,"max_hp_loss":0.0,"gold_gain":0.0,"event_name":"MindBloom","player_choice":"Fight","floor":37.0,"gold_loss":0.0,"damage_taken":0.0},{"damage_healed":0.0,"max_hp_gain":0.0,"max_hp_loss":0.0,"gold_gain":0.0,"event_name":"Tomb of Lord Red Mask","player_choice":"Ignored","floor":44.0,"gold_loss":0.0,"damage_taken":0.0},{"damage_healed":19.0,"max_hp_gain":0.0,"max_hp_loss":0.0,"gold_gain":0.0,"event_name":"Winding Halls","player_choice":"Writhe","floor":45.0,"gold_loss":0.0,"damage_taken":0.0,"cards_obtained":["Writhe"]}],"is_beta":false,"boss_relics":[{"not_picked":["Snecko Eye","Ectoplasm"],"picked":"Philosopher\u0027s Stone"},{"not_picked":["Runic Dome","Empty Cage"],"picked":"Sozu"}],"items_purged_floors":[],"is_endless":false,"potions_floor_spawned":[7,10,13,14,18,20,25,35,36,39,46,48],"ascension_level":0}