{"gold_per_floor":[117,117,117,128,30,58,68,78,78,1,1,1,1,24,24,145,145,138,38,58,157,181,181,196,196,221,221,221,221,23,23,23,128,128,139,139,90,104,204,204,224,224,224,224,239,239,254,270,270,270],"floor_reached":50,"playtime":2468,"items_purged":["Strike_G","Writhe","Parasite"],"score":465,"play_id":"32955d68-b559-46af-9386-bbc19fbad37d","local_time":"20190207140549","is_ascension_mode":false,"campfire_choices":[{"data":"Noxious Fumes","floor":12,"key":"SMITH"},{"data":"Blur","floor":15,"key":"SMITH"},{"data":"Burst","floor":23,"key":"SMITH"},{"data":"Calculated Gamble","floor":25,"key":"SMITH"},{"floor":27,"key":"REST"},{"data":"Defend_G","floor":29,"key":"SMITH"},{"data":"Well Laid Plans","floor":32,"key":"SMITH"},{"data":"Doppelganger","floor":40,"key":"SMITH"},{"data":"Panache","floor":44,"key":"SMITH"},{"data":"Defend_G","floor":46,"key":"SMITH"},{"floor":49,"key":"REST"}],"neow_cost":"NONE","seed_source_timestamp":2725724742567,"circlet_count":0,"master_deck":["Defend_G+1","Defend_G+1","Defend_G","Defend_G","Defend_G","Strike_G","Strike_G","Strike_G+1","Strike_G","Survivor+1","Neutralize+1","Noxious Fumes+1","Deadly Poison","Blur+1","Noxious Fumes","Caltrops","Burst+1","Parasite","Escape Plan","Calculated Gamble+1","Well Laid Plans+1","Doppelganger+1","Chrysalis+1","Bandage Up","Panache+1","Deadly Poison","Blade Dance+1","Crippling Poison+1","Predator+1"],"relics":["Ring of the Serpent","NeowsBlessing","Juzu Bracelet","Potion Belt","Bloody Idol","Calling Bell","Happy Flower","Mummified Hand","Incense Burner","Strawberry","Sundial"],"potions_floor_usage":[16,22,24,33,41,47],"damage_taken":[{"damage":0,"enemies":"Small Slimes","floor":1,"turns":1},{"damage":0,"enemies":"2 Louse","floor":4,"turns":1},{"damage":0,"enemies":"Lagavulin","floor":6,"turns":1},{"damage":0,"enemies":"Cultist","floor":7,"turns":4},{"damage":8,"enemies":"Lots of Slimes","floor":8,"turns":5},{"damage":0,"enemies":"Large Slime","floor":14,"turns":6},{"damage":14,"enemies":"Hexaghost","floor":16,"turns":8},{"damage":18,"enemies":"2 Thieves","floor":18,"turns":5},{"damage":2,"enemies":"Shell Parasite","floor":20,"turns":6},{"damage":2,"enemies":"Snake Plant","floor":22,"turns":4},{"damage":42,"enemies":"Cultist and Chosen","floor":24,"turns":8},{"damage":12,"enemies":"Automaton","floor":33,"turns":11},{"damage":25,"enemies":"Orb Walker","floor":35,"turns":6},{"damage":13,"enemies":"3 Shapes","floor":38,"turns":3},{"damage":15,"enemies":"Jaw Worm Horde","floor":41,"turns":4},{"damage":12,"enemies":"3 Darklings","floor":45,"turns":5},{"damage":34,"enemies":"Sphere and 2 Shapes","floor":47,"turns":6},{"damage":12,"enemies":"4 Shapes","floor":48,"turns":4},{"damage":45,"enemies":"Awakened One","floor":50,"turns":3}],"seed_played":"-7415096020507306389","potions_obtained":[{"floor":1,"key":"Ancient Potion"},{"floor":6,"key":"Poison Potion"},{"floor":14,"key":"Explosive Potion"},{"floor":16,"key":"Strength Potion"},{"floor":20,"key":"Weak Potion"},{"floor":24,"key":"PowerPotion"},{"floor":35,"key":"Block Potion"},{"floor":45,"key":"Regen Potion"},{"floor":48,"key":"Poison Potion"}],"is_trial":false,"path_per_floor":["M","?","?","M","$","E","M","M","T","$","?","R","$","M","R","B",null,"M","$","M","?","M","R","M","R","T","R","?","R","$","?","R","B",null,"M","?","$","M","?","R","M","?","T","R","M","R","M","M","R","B"],"character_chosen":"THE_SILENT","items_purchased":["Deadly Poison","Noxious Fumes","Well Laid Plans","Deadly Poison"],"campfire_rested":2,"item_purchase_floors":[5,10,30,37],"current_hp_per_floor":[70,56,56,56,56,56,56,48,48,48,31,31,31,31,31,17,70,52,52,50,50,48,48,6,6,13,36,61,61,61,61,61,54,74,54,44,44,40,45,45,39,39,39,39,36,36,26,23,45,0],"gold":270,"neow_bonus":"THREE_ENEMY_KILL","is_prod":false,"is_daily":false,"chose_seed":false,"campfire_upgraded":9,"win_rate":0.0,"timestamp":1549544749,"path_taken":["M","?","?","?","?","E","M","M","T","$","?","R","$","M","R","BOSS","M","$","M","?","M","R","M","R","T","R","?","R","$","?","R","BOSS","M","?","$","M","?","R","M","?","T","R","M","R","M","M","R","BOSS"],"build_version":"2019-01-23","purchased_purges":3,"victory":false,"max_hp_per_floor":[70,70,70,70,70,70,70,70,70,70,70,70,70,70,70,70,70,70,70,70,70,70,70,70,70,77,77,77,77,74,74,74,74,74,74,74,74,74,74,74,74,74,74,74,74,74,74,74,74,74],"card_choices":[{"not_picked":["Catalyst","Flying Knee"],"picked":"Noxious Fumes","floor":1},{"not_picked":["Bane","Outmaneuver","Endless Agony"],"picked":"SKIP","floor":4},{"not_picked":["Dagger Spray","Poisoned Stab"],"picked":"Blur","floor":6},{"not_picked":["Dagger Throw","Leg Sweep","Bouncing Flask"],"picked":"SKIP","floor":7},{"not_picked":["Flechettes","Predator","Distraction"],"picked":"SKIP","floor":8},{"not_picked":["Heel Hook","Distraction"],"picked":"Caltrops","floor":14},{"not_picked":["Glass Knife","Doppelganger"],"picked":"Burst","floor":16},{"not_picked":["Sucker Punch","Riddle With Holes"],"picked":"Escape Plan","floor":18},{"not_picked":["Dodge and Roll","Quick Slash+1","Outmaneuver+1"],"picked":"SKIP","floor":20},{"not_picked":["Flying Knee","Choke","Noxious Fumes+1"],"picked":"SKIP","floor":22},{"not_picked":["Heel Hook","Outmaneuver"],"picked":"Calculated Gamble","floor":24},{"not_picked":["Phantasmal Killer","Malaise"],"picked":"Doppelganger","floor":33},{"not_picked":["Underhanded Strike+1","Well Laid Plans","Sucker Punch+1"],"picked":"SKIP","floor":35},{"not_picked":["Mind Blast","Swift Strike"],"picked":"Chrysalis","floor":36},{"not_picked":["Apotheosis","Enlightenment"],"picked":"Bandage Up","floor":36},{"not_picked":["Dramatic Entrance","Forethought"],"picked":"Panache","floor":36},{"not_picked":["Sucker Punch","Caltrops","Dagger Spray+1"],"picked":"SKIP","floor":38},{"not_picked":["Backstab","Prepared"],"picked":"Blade Dance+1","floor":41},{"not_picked":["Dodge and Roll+1","Skewer","Flying Knee+1"],"picked":"SKIP","floor":45},{"not_picked":["Dodge and Roll+1","Skewer","Flying Knee+1"],"picked":"SKIP","floor":45},{"not_picked":["Underhanded Strike+1","Flying Knee+1"],"picked":"Crippling Poison+1","floor":47},{"not_picked":["Prepared","Backflip"],"picked":"Predator+1","floor":48}],"player_experience":6224,"relics_obtained":[{"floor":6,"key":"Juzu Bracelet"},{"floor":9,"key":"Potion Belt"},{"floor":17,"key":"Happy Flower"},{"floor":17,"key":"Mummified Hand"},{"floor":17,"key":"Incense Burner"},{"floor":26,"key":"Strawberry"},{"floor":43,"key":"Sundial"}],"event_choices":[{"damage_healed":0,"gold_gain":0,"player_choice":"Entered Light","damage_taken":14,"max_hp_gain":0,"max_hp_loss":0,"event_name":"Shining Light","floor":2,"gold_loss":0,"cards_upgraded":["Neutralize","Strike_G"]},{"damage_healed":0,"gold_gain":0,"player_choice":"Upgraded","damage_taken":0,"max_hp_gain":0,"max_hp_loss":0,"event_name":"Upgrade Shrine","floor":3,"gold_loss":0,"cards_upgraded":["Survivor"]},{"damage_healed":0,"gold_gain":0,"player_choice":"Take Damage","damage_taken":17,"relics_obtained":["Golden Idol"],"max_hp_gain":0,"max_hp_loss":0,"event_name":"Golden Idol","floor":11,"gold_loss":0},{"damage_healed":0,"gold_gain":99,"player_choice":"Stole From Cult","damage_taken":0,"max_hp_gain":0,"max_hp_loss":0,"event_name":"Nest","floor":21,"gold_loss":0},{"damage_healed":25,"gold_gain":0,"player_choice":"Heal","damage_taken":0,"max_hp_gain":0,"max_hp_loss":0,"event_name":"The Library","floor":28,"gold_loss":0},{"damage_healed":0,"gold_gain":0,"player_choice":"Gave Idol","damage_taken":0,"relics_obtained":["Bloody Idol"],"max_hp_gain":0,"max_hp_loss":0,"event_name":"Forgotten Altar","floor":31,"relics_lost":["Golden Idol"],"gold_loss":0},{"damage_healed":0,"gold_gain":0,"player_choice":"Memory 3","damage_taken":10,"max_hp_gain":0,"max_hp_loss":0,"event_name":"SensoryStone","floor":36,"gold_loss":0},{"damage_healed":0,"gold_gain":100,"player_choice":"Pray","damage_taken":0,"max_hp_gain":0,"max_hp_loss":0,"event_name":"Golden Shrine","floor":39,"gold_loss":0},{"damage_healed":0,"gold_gain":0,"player_choice":"Upgraded","damage_taken":0,"max_hp_gain":0,"max_hp_loss":0,"event_name":"Upgrade Shrine","floor":42,"gold_loss":0,"cards_upgraded":["Chrysalis"]}],"is_beta":false,"boss_relics":[{"not_picked":["Eternal Feather","Philosopher\u0027s Stone"],"picked":"Calling Bell"},{"not_picked":["Cursed Key","Astrolabe"],"picked":"Ring of the Serpent"}],"items_purged_floors":[5,19,30],"is_endless":false,"potions_floor_spawned":[1,6,14,16,20,24,35,45,48],"killed_by":"Awakened One","ascension_level":0}