{"gold_per_floor":[114,129,36,51,226,226,286,301,351,426,426,426,441,471,471,571,571,586,586,601,601,616,616,646,661,736,766,781,781,796,811,811,911,911,926,926,131,131,91,121,36,66,116,131,146,161,161,11,11,11],"floor_reached":51,"playtime":2311,"items_purged":[],"score":1182,"play_id":"6db88fcb-436e-4dff-a241-24bb95661335","local_time":"20181101154921","daily_mods":["Insanity","Green Cards","Binary"],"is_ascension_mode":false,"campfire_choices":[{"data":"Mind Blast","floor":6,"key":"SMITH"},{"data":"Seek","floor":12,"key":"SMITH"},{"data":"Fission","floor":15,"key":"SMITH"},{"floor":23,"key":"REST"},{"floor":29,"key":"REST"},{"floor":32,"key":"REST"},{"floor":47,"key":"REST"},{"floor":49,"key":"REST"}],"neow_cost":"","seed_source_timestamp":0,"circlet_count":0,"master_deck":["Glacier","Dualcast","Creative AI","Storm","Doom and Gloom","Steam Power","Leap","Capacitor","Steam Power","Hello World","Self Repair+1","Sweeping Beam","Auto Shields","Genetic Algorithm","Conserve Battery","Creative AI","Rebound","Skim","Redo","Go for the Eyes","Steam","BootSequence","Fission+1","Meteor Strike","Redo","Conserve Battery","Chill","Chaos","Scrape","White Noise","Rip and Tear","Fusion","Echo Form","Beam Cell+1","Defragment","Sweeping Beam+1","Gash","Consume","Dualcast","Hologram","Double Energy+1","White Noise","Loop","Machine Learning","Ball Lightning","Compile Driver","Seek+1","Steam Power","Storm","Mind Blast+1","Flying Knee","Doubt","Coolheaded","Sunder+1","Well Laid Plans","Quick Slash","After Image+1","FTL","Backflip+1","Sunder+1","Backflip","Corpse Explosion","Redo","Chill+1","Sweeping Beam+1","Coolheaded","Creative AI+1","Predator+1","Bullet Time+1","Creative AI+1","Turbo","Discovery","Enlightenment","Chrysalis","Aggregate","Go for the Eyes","Loop+1","Defragment+1","Dodge and Roll","Force Field+1","Undo+1","Quick Slash+1","Rip and Tear+1"],"special_seed":17836,"relics":["Cracked Core","Tiny Chest","Juzu Bracelet","Frozen Egg 2","Fusion Hammer","Enchiridion","Blue Candle","Kunai","Smiling Mask","Astrolabe","Mummified Hand","Shuriken","HandDrill","Ancient Tea Set","Whetstone","Vajra","Lantern"],"potions_floor_usage":[40,40,40,40,50,50],"damage_taken":[{"damage":0,"enemies":"2 Louse","floor":1,"turns":2},{"damage":0,"enemies":"Jaw Worm","floor":2,"turns":3},{"damage":0,"enemies":"Small Slimes","floor":4,"turns":1},{"damage":6,"enemies":"Lagavulin","floor":7,"turns":5},{"damage":0,"enemies":"3 Louse","floor":8,"turns":3},{"damage":2,"enemies":"Exordium Thugs","floor":13,"turns":4},{"damage":0,"enemies":"Gremlin Nob","floor":14,"turns":1},{"damage":0,"enemies":"Slime Boss","floor":16,"turns":2},{"damage":7,"enemies":"2 Thieves","floor":18,"turns":3},{"damage":0,"enemies":"Shell Parasite","floor":20,"turns":3},{"damage":3,"enemies":"3 Cultists","floor":22,"turns":5},{"damage":0,"enemies":"Book of Stabbing","floor":24,"turns":4},{"damage":0,"enemies":"Centurion and Healer","floor":25,"turns":4},{"damage":3,"enemies":"Slavers","floor":27,"turns":4},{"damage":0,"enemies":"Shelled Parasite and Fungi","floor":28,"turns":3},{"damage":0,"enemies":"Snecko","floor":30,"turns":2},{"damage":0,"enemies":"Centurion and Healer","floor":31,"turns":2},{"damage":0,"enemies":"Champ","floor":33,"turns":8},{"damage":0,"enemies":"3 Darklings","floor":35,"turns":3},{"damage":0,"enemies":"Giant Head","floor":40,"turns":7},{"damage":0,"enemies":"Nemesis","floor":42,"turns":5},{"damage":0,"enemies":"Orb Walker","floor":44,"turns":2},{"damage":0,"enemies":"Sphere and 2 Shapes","floor":45,"turns":4},{"damage":0,"enemies":"Maw","floor":46,"turns":6},{"damage":0,"enemies":"Donu and Deca","floor":50,"turns":6}],"seed_played":"-6556574286054618038","potions_obtained":[{"floor":2,"key":"EssenceOfSteel"},{"floor":4,"key":"Dexterity Potion"},{"floor":14,"key":"Strength Potion"},{"floor":19,"key":"EntropicBrew"}],"is_trial":false,"path_per_floor":["M","M","$","M","?","R","E","M","T","?","?","R","M","E","R","B",null,"M","?","M","?","M","R","E","M","T","E","M","R","M","M","R","B",null,"M","?","$","?","?","E","$","E","T","M","M","M","R","$","R","B"],"character_chosen":"DEFECT","items_purchased":["Mind Blast","Mummified Hand","Aggregate","Shuriken","Go for the Eyes","HandDrill","Defragment+1","Dodge and Roll","Lantern"],"campfire_rested":5,"item_purchase_floors":[3,37,37,37,37,37,41,41,48],"current_hp_per_floor":[75,75,75,75,75,75,75,75,75,64,49,49,47,47,47,47,75,68,68,75,59,75,75,75,75,75,72,75,75,75,75,75,75,75,75,65,65,65,65,75,75,75,75,75,75,75,75,75,75,75],"gold":11,"neow_bonus":"","is_prod":false,"is_daily":true,"chose_seed":false,"campfire_upgraded":3,"win_rate":0,"timestamp":1541083761,"path_taken":["M","M","$","M","?","R","E","M","T","?","?","R","M","E","R","BOSS","M","?","M","?","M","R","E","M","T","E","M","R","M","M","R","BOSS","M","?","?","?","?","E","$","E","T","M","M","M","R","$","R","BOSS"],"build_version":"2018-10-25v2","purchased_purges":0,"victory":true,"max_hp_per_floor":[75,75,75,75,75,75,75,75,75,75,75,75,75,75,75,75,75,75,75,75,75,75,75,75,75,75,75,75,75,75,75,75,75,75,75,75,75,75,75,75,75,75,75,75,75,75,75,75,75,75],"card_choices":[{"not_picked":["Scrape"],"picked":"Steam Power","floor":1},{"not_picked":["Undo"],"picked":"Storm","floor":2},{"not_picked":["Deflect"],"picked":"Flying Knee","floor":4},{"not_picked":["Sweeping Beam"],"picked":"Coolheaded","floor":7},{"not_picked":["Recycle"],"picked":"Sunder","floor":8},{"not_picked":["Steam"],"picked":"Well Laid Plans","floor":13},{"not_picked":["Quick Slash","Genetic Algorithm"],"picked":"SKIP","floor":14},{"not_picked":["Genetic Algorithm"],"picked":"Quick Slash","floor":14},{"not_picked":["Phantasmal Killer"],"picked":"After Image+1","floor":16},{"not_picked":["Reprogram"],"picked":"FTL","floor":18},{"not_picked":["Beam Cell+1"],"picked":"Backflip+1","floor":20},{"not_picked":["Compile Driver"],"picked":"Sunder+1","floor":22},{"not_picked":["Barrage"],"picked":"Backflip","floor":24},{"not_picked":["Cold Snap"],"picked":"Corpse Explosion","floor":25},{"not_picked":["Bane+1"],"picked":"Redo","floor":27},{"not_picked":["Escape Plan+1"],"picked":"Chill+1","floor":28},{"not_picked":["Prepared+1"],"picked":"Sweeping Beam+1","floor":30},{"not_picked":["Concentrate"],"picked":"Coolheaded","floor":31},{"not_picked":["Burst"],"picked":"Creative AI+1","floor":33},{"not_picked":["Steam Power+1"],"picked":"Turbo","floor":35},{"not_picked":["Deep Breath"],"picked":"Discovery","floor":36},{"not_picked":["Madness"],"picked":"Enlightenment","floor":36},{"not_picked":["The Bomb"],"picked":"Chrysalis","floor":36},{"not_picked":["Endless Agony+1"],"picked":"Loop+1","floor":40},{"not_picked":["Sunder"],"picked":"Force Field+1","floor":42},{"not_picked":["Coolheaded+1"],"picked":"Undo+1","floor":44},{"not_picked":["Blade Dance"],"picked":"Quick Slash+1","floor":45},{"not_picked":["Self Repair+1"],"picked":"Rip and Tear+1","floor":46}],"player_experience":1570463,"relics_obtained":[{"floor":7,"key":"Tiny Chest"},{"floor":9,"key":"Juzu Bracelet"},{"floor":14,"key":"Frozen Egg 2"},{"floor":21,"key":"Enchiridion"},{"floor":24,"key":"Blue Candle"},{"floor":26,"key":"Kunai"},{"floor":27,"key":"Smiling Mask"},{"floor":40,"key":"Ancient Tea Set"},{"floor":42,"key":"Whetstone"},{"floor":43,"key":"Vajra"}],"event_choices":[{"damage_healed":0,"gold_gain":175,"player_choice":"AGREE","damage_taken":0,"max_hp_gain":0,"max_hp_loss":0,"event_name":"Liars Game","floor":5,"gold_loss":0,"cards_obtained":["Doubt"]},{"damage_healed":0,"gold_gain":75,"player_choice":"Gather Gold","damage_taken":11,"max_hp_gain":0,"max_hp_loss":0,"event_name":"World of Goop","floor":10,"gold_loss":0},{"damage_healed":0,"gold_gain":0,"player_choice":"Entered Light","damage_taken":15,"max_hp_gain":0,"max_hp_loss":0,"event_name":"Shining Light","floor":11,"gold_loss":0,"cards_upgraded":["Self Repair","Beam Cell"]},{"damage_healed":0,"gold_gain":0,"player_choice":"Got Potions","damage_taken":0,"max_hp_gain":0,"max_hp_loss":0,"event_name":"The Lab","floor":19,"gold_loss":0},{"damage_healed":0,"gold_gain":0,"player_choice":"Obtained Book","damage_taken":16,"max_hp_gain":0,"max_hp_loss":0,"event_name":"Cursed Tome","floor":21,"gold_loss":0},{"damage_healed":0,"gold_gain":0,"player_choice":"Memory 3","damage_taken":10,"max_hp_gain":0,"max_hp_loss":0,"event_name":"SensoryStone","floor":36,"gold_loss":0},{"damage_healed":0,"gold_gain":0,"player_choice":"Bought 0 Potions","damage_taken":0,"max_hp_gain":0,"max_hp_loss":0,"event_name":"The Woman in Blue","floor":38,"gold_loss":0},{"damage_healed":0,"gold_gain":0,"player_choice":"Upgrade","damage_taken":0,"max_hp_gain":0,"max_hp_loss":0,"event_name":"Designer","floor":39,"gold_loss":40,"cards_upgraded":["Double Energy"]}],"is_beta":false,"boss_relics":[{"not_picked":["Lizard Tail","Tiny House"],"picked":"Fusion Hammer"},{"not_picked":["Runic Pyramid","Velvet Choker"],"picked":"Astrolabe"}],"items_purged_floors":[],"is_endless":false,"potions_floor_spawned":[2,4,14,24,28,31,33,35],"ascension_level":0}