{"gold_per_floor":[109,129,129,91,101,26,26,26,51,51,69,69,84,112,112,186,186,200,115,115,131,146,146,164,164,238,238,254,269,283,91,91,170,170,184,200,200,200],"floor_reached":38,"playtime":1790,"items_purged":["Eviscerate"],"score":624,"play_id":"a528ed35-a05b-4c7b-9ce9-6886a98d52bb","local_time":"20181112130710","is_ascension_mode":true,"campfire_choices":[{"data":"Neutralize","floor":10,"key":"SMITH"},{"data":"Predator","floor":12,"key":"SMITH"},{"floor":15,"key":"REST"},{"data":"Blade Dance","floor":23,"key":"SMITH"},{"floor":32,"key":"REST"}],"neow_cost":"NONE","seed_source_timestamp":574436553811486,"circlet_count":0,"master_deck":["AscendersBane","Survivor","Neutralize+1","Dodge and Roll","Backflip+1","Backflip","Predator+1","Endless Agony","Sucker Punch","Dodge and Roll","Masterful Stab","Calculated Gamble","Finisher","Footwork+1","Endless Agony","Blur","Blade Dance+1","Backstab","Adrenaline","Masterful Stab+1","Footwork","Calculated Gamble","Cloak And Dagger","Choke","Immolate","Ball Lightning"],"relics":["Pandora\u0027s Box","Vajra","Omamori","Pen Nib","Busted Crown","Oddly Smooth Stone","Pantograph","PrismaticShard","Sozu"],"potions_floor_usage":[13,16,33,33],"damage_taken":[{"damage":0,"enemies":"Cultist","floor":1,"turns":2},{"damage":0,"enemies":"Small Slimes","floor":2,"turns":2},{"damage":0,"enemies":"Jaw Worm","floor":5,"turns":2},{"damage":0,"enemies":"Looter","floor":11,"turns":2},{"damage":9,"enemies":"2 Fungi Beasts","floor":13,"turns":2},{"damage":5,"enemies":"Lagavulin","floor":14,"turns":5},{"damage":8,"enemies":"Hexaghost","floor":16,"turns":9},{"damage":0,"enemies":"2 Thieves","floor":18,"turns":2},{"damage":6,"enemies":"3 Byrds","floor":21,"turns":3},{"damage":1,"enemies":"Sentry and Sphere","floor":22,"turns":3},{"damage":0,"enemies":"3 Cultists","floor":24,"turns":4},{"damage":0,"enemies":"Snake Plant","floor":28,"turns":3},{"damage":16,"enemies":"Cultist and Chosen","floor":29,"turns":8},{"damage":4,"enemies":"Sentry and Sphere","floor":30,"turns":4},{"damage":30,"enemies":"Champ","floor":33,"turns":13},{"damage":13,"enemies":"3 Darklings","floor":35,"turns":4},{"damage":26,"enemies":"3 Shapes","floor":36,"turns":5},{"damage":30,"enemies":"Spire Growth","floor":38,"turns":3}],"seed_played":"454900624025440949","potions_obtained":[{"floor":1,"key":"Strength Potion"},{"floor":5,"key":"Poison Potion"},{"floor":18,"key":"GhostInAJar"},{"floor":20,"key":"FairyPotion"},{"floor":29,"key":"LiquidBronze"},{"floor":33,"key":"EssenceOfSteel"}],"is_trial":false,"path_per_floor":["M","M","T","$","M","$","?","?","T","R","M","R","M","E","R","B",null,"M","?","?","M","M","R","M","?","T","?","M","M","M","$","R","B",null,"M","M","?","M"],"character_chosen":"THE_SILENT","items_purchased":["Footwork","PrismaticShard"],"campfire_rested":2,"item_purchase_floors":[4,31],"current_hp_per_floor":[63,63,63,63,63,63,63,49,49,49,49,49,40,35,56,48,65,65,65,65,59,58,58,58,58,58,51,51,35,31,31,52,40,63,50,24,24,0],"gold":200,"neow_bonus":"BOSS_RELIC","is_prod":false,"is_daily":false,"chose_seed":false,"campfire_upgraded":3,"win_rate":0,"timestamp":1542046030,"path_taken":["M","M","?","$","M","$","?","?","T","R","?","R","M","E","R","BOSS","M","?","?","?","M","R","M","?","T","?","M","?","M","$","R","BOSS","M","?","?","M"],"build_version":"2018-11-08","purchased_purges":1,"victory":false,"max_hp_per_floor":[70,70,70,70,70,70,70,70,70,70,70,70,70,70,70,70,70,70,70,70,70,70,70,70,70,70,70,70,70,70,70,70,70,70,70,70,66,66],"card_choices":[{"not_picked":["Sucker Punch","PiercingWail"],"picked":"Calculated Gamble","floor":1},{"not_picked":["Prepared","Deflect"],"picked":"Finisher","floor":2},{"not_picked":["Bouncing Flask","Poisoned Stab"],"picked":"Endless Agony","floor":5},{"not_picked":["Deadly Poison","Crippling Poison"],"picked":"Blur","floor":11},{"not_picked":["Leg Sweep","Prepared"],"picked":"Blade Dance","floor":13},{"not_picked":["Heel Hook","Outmaneuver"],"picked":"Backstab","floor":14},{"not_picked":["Grand Finale","Doppelganger"],"picked":"Adrenaline","floor":16},{"not_picked":[],"picked":"Masterful Stab+1","floor":18},{"not_picked":[],"picked":"Footwork","floor":21},{"not_picked":["Acrobatics"],"picked":"SKIP","floor":22},{"not_picked":[],"picked":"Calculated Gamble","floor":24},{"not_picked":[],"picked":"Cloak And Dagger","floor":28},{"not_picked":["Underhanded Strike"],"picked":"SKIP","floor":29},{"not_picked":[],"picked":"Choke","floor":30},{"not_picked":[],"picked":"Immolate","floor":33},{"not_picked":["Twin Strike+1"],"picked":"SKIP","floor":35},{"not_picked":[],"picked":"Ball Lightning","floor":36}],"player_experience":1685024,"relics_obtained":[{"floor":3,"key":"Vajra"},{"floor":9,"key":"Omamori"},{"floor":14,"key":"Pen Nib"},{"floor":26,"key":"Pantograph"}],"event_choices":[{"damage_healed":0,"gold_gain":0,"player_choice":"Grow","damage_taken":0,"max_hp_gain":0,"max_hp_loss":0,"event_name":"Living Wall","floor":7,"gold_loss":0,"cards_upgraded":["Footwork"]},{"damage_healed":0,"gold_gain":0,"player_choice":"Entered Light","damage_taken":14,"max_hp_gain":0,"max_hp_loss":0,"event_name":"Shining Light","floor":8,"gold_loss":0,"cards_upgraded":["Backflip","Deadly Poison"]},{"damage_healed":0,"gold_gain":0,"player_choice":"Obtained Relic","damage_taken":0,"relics_obtained":["Oddly Smooth Stone"],"max_hp_gain":0,"max_hp_loss":0,"event_name":"Addict","floor":19,"gold_loss":85},{"damage_healed":0,"gold_gain":0,"player_choice":"Got Potions","damage_taken":0,"max_hp_gain":0,"max_hp_loss":0,"event_name":"Lab","floor":20,"gold_loss":0},{"cards_removed":["Deadly Poison"],"damage_healed":0,"gold_gain":0,"player_choice":"Elegance","damage_taken":0,"max_hp_gain":0,"max_hp_loss":0,"event_name":"Back to Basics","floor":25,"gold_loss":0},{"damage_healed":0,"gold_gain":0,"player_choice":"","damage_taken":7,"max_hp_gain":0,"max_hp_loss":0,"event_name":"Knowing Skull","floor":27,"potions_obtained":[],"gold_loss":0,"cards_obtained":[]},{"damage_healed":0,"gold_gain":0,"player_choice":"Max HP","damage_taken":0,"max_hp_gain":0,"max_hp_loss":4,"event_name":"Winding Halls","floor":37,"gold_loss":0}],"is_beta":false,"boss_relics":[{"not_picked":["HoveringKite","Fusion Hammer"],"picked":"Busted Crown"},{"not_picked":["Calling Bell","Astrolabe"],"picked":"Sozu"}],"items_purged_floors":[6],"is_endless":false,"potions_floor_spawned":[1,5,18,24,29,33,36],"killed_by":"Spire Growth","ascension_level":13}