{"path_per_floor":["M","?","M","$","?","R","M","R","T","E","M","R","?","M","R","B",null,"M","M","?","$","?","E","R"],"character_chosen":"THE_SILENT","items_purchased":["Unceasing Top","Footwork"],"gold_per_floor":[118,293,309,18,18,18,43,43,43,77,100,100,175,196,196,327,327,346,369,294,144,67,106,106,106],"floor_reached":25,"campfire_rested":4,"playtime":1672,"item_purchase_floors":[4,21],"current_hp_per_floor":[70,70,68,68,51,70,70,70,70,50,49,70,59,54,70,21,70,62,62,62,62,62,3,24,0],"items_purged":["Strike_G"],"gold":106,"score":219,"play_id":"0515007d-94ff-4be2-9187-091a8050a67e","local_time":"20180531230837","is_prod":false,"is_daily":false,"chose_seed":false,"is_ascension_mode":false,"campfire_upgraded":1,"win_rate":0.0,"timestamp":1527822517,"campfire_choices":[{"floor":6,"key":"REST"},{"data":"Backstab","floor":8,"key":"SMITH"},{"floor":12,"key":"REST"},{"floor":15,"key":"REST"},{"floor":24,"key":"REST"}],"path_taken":["M","?","M","$","?","R","M","R","T","E","M","R","?","M","R","BOSS","M","M","?","$","?","E","R","M"],"build_version":"2018-05-31","seed_source_timestamp":16976426250041,"purchased_purges":1,"victory":false,"master_deck":["Defend_G","Defend_G","Defend_G","Defend_G","Defend_G","Strike_G","Strike_G","Strike_G","Survivor","Neutralize","Tactician","Sucker Punch","Doubt","Backstab+1","Finisher","Bouncing Flask","Leg Sweep","Acrobatics","Adrenaline","Deflect","Heel Hook","Caltrops","Noxious Fumes","Underhanded Strike","Blade Dance","Noxious Fumes","Footwork","J.A.X.","Bouncing Flask"],"max_hp_per_floor":[70,70,70,70,70,70,70,70,70,70,70,70,70,70,70,70,70,70,70,70,70,70,70,70,70],"relics":["Ring of the Snake","Unceasing Top","Golden Idol","Toolbox","Omamori","Orrery","Calipers"],"card_choices":[{"not_picked":["Outmaneuver","PiercingWail"],"picked":"Sucker Punch","floor":1},{"not_picked":["Dodge and Roll","Concentrate"],"picked":"Backstab","floor":3},{"not_picked":["Sucker Punch","Well Laid Plans"],"picked":"Finisher","floor":7},{"not_picked":["Accuracy","PiercingWail"],"picked":"Bouncing Flask","floor":10},{"not_picked":["Crippling Poison","Outmaneuver"],"picked":"Leg Sweep","floor":11},{"not_picked":["Slice","Dodge and Roll"],"picked":"Acrobatics","floor":14},{"not_picked":["Storm of Steel","Burst"],"picked":"Adrenaline","floor":16},{"not_picked":["Slice","Eviscerate"],"picked":"Deflect","floor":17},{"not_picked":["Quick Slash","Slice"],"picked":"Heel Hook","floor":17},{"not_picked":["Heel Hook","Flechettes"],"picked":"Caltrops","floor":17},{"not_picked":["Outmaneuver","Eviscerate"],"picked":"Noxious Fumes","floor":17},{"not_picked":["Caltrops","Dash"],"picked":"Underhanded Strike","floor":17},{"not_picked":["Finisher","Poisoned Stab"],"picked":"Blade Dance","floor":18},{"not_picked":["Eviscerate","Deflect"],"picked":"Noxious Fumes","floor":19},{"not_picked":["Bane","Dodge and Roll+1"],"picked":"Bouncing Flask","floor":23}],"player_experience":231044,"potions_floor_usage":[16,16,19,19,25],"damage_taken":[{"damage":0,"enemies":"2 Louse","floor":1,"turns":3},{"damage":2,"enemies":"Small Slimes","floor":3,"turns":4},{"damage":0,"enemies":"Cultist","floor":7,"turns":3},{"damage":20,"enemies":"Gremlin Nob","floor":10,"turns":4},{"damage":1,"enemies":"Blue Slaver","floor":11,"turns":2},{"damage":5,"enemies":"2 Fungi Beasts","floor":14,"turns":3},{"damage":49,"enemies":"Hexaghost","floor":16,"turns":12},{"damage":8,"enemies":"Shell Parasite","floor":18,"turns":4},{"damage":0,"enemies":"Spheric Guardian","floor":19,"turns":3},{"damage":63,"enemies":"Gremlin Leader","floor":23,"turns":7},{"damage":25,"enemies":"Cultist and Chosen","floor":25,"turns":4}],"relics_obtained":[{"floor":9,"key":"Toolbox"},{"floor":10,"key":"Omamori"},{"floor":23,"key":"Calipers"}],"event_choices":[{"event_name":"Liars Game","player_choice":"agreed","floor":2,"damage_taken":0},{"event_name":"Golden Idol","player_choice":"Take Damage","floor":5,"damage_taken":0},{"event_name":"World of Goop","player_choice":"Gather Gold","floor":13,"damage_taken":0},{"event_name":"Beggar","player_choice":"Gave Gold","floor":20,"damage_taken":0},{"event_name":"Drug Dealer","player_choice":"Got JAXXED","floor":22,"damage_taken":0}],"boss_relics":[{"not_picked":["Eternal Feather","Runic Pyramid"],"picked":"Orrery"}],"items_purged_floors":[21],"potions_floor_spawned":[3,7,14,16,18,23],"seed_played":"-4901118081811316884","killed_by":"Cultist and Chosen","ascension_level":0,"potions_obtained":[{"floor":3,"key":"Dexterity Potion"},{"floor":7,"key":"SteroidPotion"},{"floor":14,"key":"Explosive Potion"},{"floor":16,"key":"Block Potion"},{"floor":18,"key":"AttackPotion"},{"floor":23,"key":"Swift Potion"}],"is_trial":false}