{"gold_per_floor":[110,34,46,59,59,94,94,109,109,119,119,133,144,163,163,261,261,273,273,13,33,33],"floor_reached":22,"playtime":1084,"items_purged":["Strike_B"],"score":290,"play_id":"afa3b72b-9407-4e49-be20-ebbe4e127340","local_time":"20180715154610","is_ascension_mode":false,"campfire_choices":[{"floor":7,"key":"REST"},{"floor":11,"key":"REST"},{"floor":15,"key":"REST"}],"neow_cost":"","seed_source_timestamp":0,"circlet_count":0,"master_deck":["Strike_B","Strike_B","Defend_B","Defend_B","Defend_B","Defend_B","Zap","Dualcast","Hello World","Defragment","Consume","Melter","Creative AI","Force Field","Doom and Gloom","Thunder Strike","Defragment","Capacitor"],"relics":["Cracked Core","Mercury Hourglass","Mummified Hand","Sozu","Lantern"],"potions_floor_usage":[6,10,16,16,16],"damage_taken":[{"damage":4,"enemies":"Cultist","floor":1,"turns":4},{"damage":0,"enemies":"2 Louse","floor":3,"turns":4},{"damage":12,"enemies":"Small Slimes","floor":4,"turns":3},{"damage":34,"enemies":"Gremlin Nob","floor":6,"turns":4},{"damage":9,"enemies":"Blue Slaver","floor":8,"turns":3},{"damage":10,"enemies":"Looter","floor":10,"turns":2},{"damage":9,"enemies":"Exordium Thugs","floor":12,"turns":5},{"damage":12,"enemies":"Gremlin Gang","floor":13,"turns":2},{"damage":7,"enemies":"2 Fungi Beasts","floor":14,"turns":2},{"damage":18,"enemies":"The Guardian","floor":16,"turns":8},{"damage":10,"enemies":"Chosen","floor":18,"turns":3},{"damage":36,"enemies":"2 Thieves","floor":21,"turns":4},{"damage":30,"enemies":"3 Cultists","floor":22,"turns":4}],"seed_played":"-6228870482377434745","potions_obtained":[{"floor":1,"key":"Poison Potion"},{"floor":6,"key":"Poison Potion"},{"floor":10,"key":"AttackPotion"},{"floor":13,"key":"FocusPotion"},{"floor":14,"key":"Strength Potion"}],"is_trial":true,"path_per_floor":["M","$","M","M","?","E","R","M","T","M","R","M","M","M","R","B",null,"M","?","$","M"],"character_chosen":"DEFECT","items_purchased":["Defragment","Defragment","Lantern"],"campfire_rested":3,"item_purchase_floors":[2,20,20],"current_hp_per_floor":[71,71,71,59,52,18,40,31,31,21,43,34,22,15,37,19,75,65,65,65,29,0],"gold":33,"neow_bonus":"","is_prod":false,"is_daily":false,"chose_seed":false,"campfire_upgraded":0,"win_rate":0,"timestamp":1531683970,"path_taken":["M","$","?","M","?","E","R","?","T","M","R","?","M","M","R","BOSS","M","?","$","M","M"],"build_version":"2018-07-12","purchased_purges":1,"victory":false,"max_hp_per_floor":[75,75,75,75,75,75,75,75,75,75,75,75,75,75,75,75,75,75,75,75,75,75],"card_choices":[{"not_picked":["Conserve Battery","Hologram"],"picked":"Hello World","floor":1},{"not_picked":["Conserve Battery","Tempest"],"picked":"Consume","floor":3},{"not_picked":["Sweeping Beam","Streamline","Compile Driver"],"picked":"SKIP","floor":4},{"not_picked":["Go for the Eyes","Aggregate"],"picked":"Melter","floor":6},{"not_picked":["Conserve Battery","Leap"],"picked":"Creative AI","floor":8},{"not_picked":["Consume","Double Energy"],"picked":"Force Field","floor":10},{"not_picked":["Sunder","Compile Driver"],"picked":"Doom and Gloom","floor":12},{"not_picked":["Ball Lightning","Compile Driver","Hologram"],"picked":"SKIP","floor":13},{"not_picked":["Skim","Streamline","Sunder"],"picked":"SKIP","floor":14},{"not_picked":["Amplify","Biased Cognition"],"picked":"Thunder Strike","floor":16},{"not_picked":["Sunder","Double Energy","Undo"],"picked":"SKIP","floor":18},{"not_picked":["Ball Lightning+1","Aggregate"],"picked":"Capacitor","floor":21}],"player_experience":1121683,"relics_obtained":[{"floor":6,"key":"Mercury Hourglass"},{"floor":9,"key":"Mummified Hand"}],"event_choices":[{"event_name":"Golden Wing","player_choice":"Card Removal","floor":5,"damage_taken":0},{"event_name":"Drug Dealer","player_choice":"Ignored","floor":19,"damage_taken":0}],"boss_relics":[{"not_picked":["Eternal Feather","Tiny House"],"picked":"Sozu"}],"items_purged_floors":[20],"is_endless":true,"potions_floor_spawned":[1,6,10,13,14,21],"killed_by":"3 Cultists","ascension_level":0}