{"gold_per_floor":[117,42,62,73,87,87,102,119,119,119,131,56,56,90,90,165,165,184,184,184,141,154,154,168,168,168,188,208,243,293,308,308,379,379,394,394,408,462,462,462,562,575,575,276,276,296,296,326,326,326],"floor_reached":50,"playtime":2428,"items_purged":["Strike_G","Strike_G+1"],"score":1013,"play_id":"9581baa6-0ff9-4aa5-ae5a-4a15d9d74ef3","local_time":"20190213013148","is_ascension_mode":true,"campfire_choices":[{"data":"Noxious Fumes","floor":6.0,"key":"SMITH"},{"data":"Noxious Fumes","floor":10.0,"key":"SMITH"},{"data":"Neutralize","floor":13.0,"key":"SMITH"},{"data":"Burst","floor":15.0,"key":"SMITH"},{"floor":23.0,"key":"REST"},{"floor":25.0,"key":"REST"},{"floor":32.0,"key":"REST"},{"floor":40,"key":"REST"},{"floor":47,"key":"REST"},{"floor":49,"key":"REST"}],"neow_cost":"PERCENT_DAMAGE","seed_source_timestamp":12979865049544,"circlet_count":0,"master_deck":["AscendersBane","Defend_G+1","Defend_G+1","Defend_G+1","Defend_G+1","Defend_G+1","Strike_G+1","Survivor","Neutralize+1","Noxious Fumes+1","Cloak And Dagger","Bane","Cloak And Dagger","Noxious Fumes+1","Distraction","Cloak And Dagger","Burst+1","Corpse Explosion","Caltrops+1","Footwork","Bouncing Flask+1","Backflip","Infinite Blades","Bullet Time","Adrenaline","Backflip","Secret Technique","Panacea","Trip","Prepared+1","Noxious Fumes","Bouncing Flask+1","Blade Dance+1","Metamorphosis","Blade Dance+1","Well Laid Plans"],"special_seed":0,"relics":["Ring of the Snake","Dead Branch","Centennial Puzzle","Gremlin Horn","Fusion Hammer","WristBlade","StoneCalendar","Incense Burner","MutagenicStrength","Ninja Scroll","Dream Catcher","Regal Pillow"],"potions_floor_usage":[38,50],"damage_taken":[{"damage":0.0,"enemies":"Small Slimes","floor":1.0,"turns":4.0},{"damage":3.0,"enemies":"2 Louse","floor":3.0,"turns":3.0},{"damage":9.0,"enemies":"Jaw Worm","floor":4.0,"turns":5.0},{"damage":12.0,"enemies":"Lots of Slimes","floor":5.0,"turns":4.0},{"damage":2.0,"enemies":"Blue Slaver","floor":7.0,"turns":4.0},{"damage":0.0,"enemies":"Looter","floor":8.0,"turns":4.0},{"damage":4.0,"enemies":"3 Louse","floor":11.0,"turns":3.0},{"damage":9.0,"enemies":"Lagavulin","floor":14.0,"turns":6.0},{"damage":25.0,"enemies":"The Guardian","floor":16.0,"turns":12.0},{"damage":0.0,"enemies":"3 Byrds","floor":18.0,"turns":3.0},{"damage":16.0,"enemies":"2 Thieves","floor":22.0,"turns":2.0},{"damage":5.0,"enemies":"Chosen and Byrds","floor":24.0,"turns":5.0},{"damage":13.0,"enemies":"Snake Plant","floor":27.0,"turns":4.0},{"damage":20.0,"enemies":"Snecko","floor":28.0,"turns":5.0},{"damage":19.0,"enemies":"Slavers","floor":29.0,"turns":4.0},{"damage":12.0,"enemies":"Cultist and Chosen","floor":31.0,"turns":5.0},{"damage":16.0,"enemies":"Champ","floor":33.0,"turns":10.0},{"damage":0.0,"enemies":"Orb Walker","floor":35.0,"turns":3.0},{"damage":11.0,"enemies":"3 Darklings","floor":37.0,"turns":3.0},{"damage":17,"enemies":"2 Orb Walkers","floor":38,"turns":2},{"damage":2,"enemies":"Mind Bloom Boss Battle","floor":41,"turns":4},{"damage":18,"enemies":"Transient","floor":42,"turns":6},{"damage":5,"enemies":"Maw","floor":46,"turns":6},{"damage":20,"enemies":"Reptomancer","floor":48,"turns":4},{"damage":80,"enemies":"Time Eater","floor":50,"turns":5}],"seed_played":"2077315147170988259","potions_obtained":[{"floor":3.0,"key":"AttackPotion"},{"floor":4.0,"key":"Regen Potion"},{"floor":8.0,"key":"Strength Potion"},{"floor":28.0,"key":"Fire Potion"},{"floor":31.0,"key":"SteroidPotion"},{"floor":35.0,"key":"FearPotion"},{"floor":41,"key":"Dexterity Potion"},{"floor":42,"key":"Weak Potion"}],"is_trial":false,"path_per_floor":["M","$","M","M","M","R","M","M","T","R","M","?","R","E","R","B",null,"M","?","?","$","M","R","M","R","T","M","M","E","?","M","R","B",null,"M","?","M","?","?","R","?","M","T","$","?","M","R","E","R","B"],"character_chosen":"THE_SILENT","items_purchased":["Footwork","Metamorphosis"],"campfire_rested":6,"item_purchase_floors":[21,44],"current_hp_per_floor":[56,56,53,44,32,32,30,30,30,30,26,26,26,31,31,6,60,60,60,60,60,44,67,62,78,78,65,45,26,26,14,37,21,64,64,54,43,26,26,49,47,29,29,29,29,24,62,42,78,0],"gold":326,"neow_bonus":"TWENTY_PERCENT_HP_BONUS","is_prod":false,"is_daily":false,"chose_seed":false,"campfire_upgraded":4,"win_rate":0,"timestamp":1550017908,"path_taken":["M","$","M","M","M","R","M","M","T","R","M","?","R","E","R","BOSS","M","?","?","?","M","R","?","R","T","M","M","E","?","M","R","BOSS","M","?","M","?","?","R","?","M","T","$","?","M","R","E","R","BOSS"],"build_version":"2019-01-23","purchased_purges":2,"victory":false,"max_hp_per_floor":[78,78,78,78,78,78,78,78,78,78,78,78,78,78,78,78,78,78,78,78,78,78,78,78,78,78,78,78,78,78,78,78,78,78,78,78,78,78,78,78,78,78,78,78,78,78,78,78,78,78],"card_choices":[{"not_picked":["Dagger Throw","Dagger Spray"],"picked":"Noxious Fumes","floor":1.0},{"not_picked":["Riddle With Holes","Flying Knee"],"picked":"Cloak And Dagger","floor":3.0},{"not_picked":["Outmaneuver","Quick Slash"],"picked":"Bane","floor":4.0},{"not_picked":["Dodge and Roll","Dagger Throw"],"picked":"Cloak And Dagger","floor":5.0},{"not_picked":["Acrobatics","Phantasmal Killer"],"picked":"Noxious Fumes","floor":7.0},{"not_picked":["Sucker Punch","Choke"],"picked":"Distraction","floor":8.0},{"not_picked":["Underhanded Strike","Distraction"],"picked":"Cloak And Dagger","floor":11.0},{"not_picked":["Flechettes","PiercingWail"],"picked":"Burst","floor":14.0},{"not_picked":["Tools of the Trade","Phantasmal Killer"],"picked":"Corpse Explosion","floor":16.0},{"not_picked":["Deadly Poison","Infinite Blades"],"picked":"Caltrops+1","floor":18.0},{"not_picked":["Accuracy","Bane"],"picked":"Bouncing Flask+1","floor":22.0},{"not_picked":["Endless Agony+1","Finisher"],"picked":"Backflip","floor":24.0},{"not_picked":["Tactician+1","Dagger Throw","Slice"],"picked":"SKIP","floor":27.0},{"not_picked":["Poisoned Stab","Cloak And Dagger"],"picked":"Infinite Blades","floor":28.0},{"not_picked":["Slice","Deadly Poison"],"picked":"Bullet Time","floor":29.0},{"not_picked":["Expertise","Outmaneuver","Acrobatics"],"picked":"SKIP","floor":31.0},{"not_picked":["Doppelganger","Malaise"],"picked":"Adrenaline","floor":33.0},{"not_picked":["Acrobatics","Choke"],"picked":"Backflip","floor":35.0},{"not_picked":["Forethought","Finesse"],"picked":"Secret Technique","floor":36.0},{"not_picked":["Flash of Steel","The Bomb"],"picked":"Panacea","floor":36.0},{"not_picked":["Finesse","Good Instincts"],"picked":"Trip","floor":36.0},{"not_picked":["Choke","Dagger Throw"],"picked":"Prepared+1","floor":37.0},{"not_picked":["Cloak And Dagger","Endless Agony+1"],"picked":"Noxious Fumes","floor":38},{"not_picked":["Flying Knee","Deadly Poison"],"picked":"Bouncing Flask+1","floor":40},{"not_picked":["Quick Slash","Expertise"],"picked":"Blade Dance+1","floor":42},{"not_picked":["Setup","Heel Hook","Poisoned Stab"],"picked":"SKIP","floor":46},{"not_picked":["Glass Knife","Bane"],"picked":"Blade Dance+1","floor":47},{"not_picked":["PiercingWail","Setup","Poisoned Stab+1"],"picked":"SKIP","floor":48},{"not_picked":["Deflect","Calculated Gamble"],"picked":"Well Laid Plans","floor":49}],"player_experience":1406640,"relics_obtained":[{"floor":9.0,"key":"Ninja Scroll"},{"floor":14.0,"key":"Centennial Puzzle"},{"floor":26.0,"key":"Gremlin Horn"},{"floor":29.0,"key":"Dream Catcher"},{"floor":38,"key":"Dead Branch"},{"floor":41,"key":"StoneCalendar"},{"floor":43,"key":"Regal Pillow"},{"floor":48,"key":"Incense Burner"}],"event_choices":[{"cards_removed":["Strike_G"],"damage_healed":0.0,"max_hp_gain":0.0,"max_hp_loss":0.0,"gold_gain":0.0,"event_name":"The Cleric","player_choice":"Card Removal","floor":12.0,"gold_loss":75.0,"damage_taken":0.0},{"damage_healed":0.0,"max_hp_gain":0.0,"max_hp_loss":0.0,"gold_gain":0.0,"event_name":"Drug Dealer","player_choice":"Inject Mutagens","floor":19.0,"gold_loss":0.0,"damage_taken":0.0,"relics_obtained":["MutagenicStrength"]},{"damage_healed":0.0,"max_hp_gain":0.0,"max_hp_loss":0.0,"gold_gain":0.0,"event_name":"Back to Basics","player_choice":"Simplicity","floor":20.0,"gold_loss":0.0,"damage_taken":0.0,"cards_upgraded":["Defend_G","Defend_G","Defend_G","Defend_G","Defend_G","Strike_G","Strike_G","Strike_G"]},{"damage_healed":0.0,"max_hp_gain":0.0,"max_hp_loss":0.0,"gold_gain":50.0,"event_name":"Nest","player_choice":"Stole From Cult","floor":30.0,"gold_loss":0.0,"damage_taken":0.0},{"damage_healed":0.0,"max_hp_gain":0.0,"max_hp_loss":0.0,"gold_gain":0.0,"event_name":"SensoryStone","player_choice":"Memory 3","floor":36.0,"gold_loss":0.0,"damage_taken":10.0},{"damage_healed":0,"gold_gain":0,"player_choice":"Fight","damage_taken":0,"max_hp_gain":0,"max_hp_loss":0,"event_name":"Mysterious Sphere","floor":38,"gold_loss":0},{"damage_healed":0,"gold_gain":0,"player_choice":"Ignored","damage_taken":0,"max_hp_gain":0,"max_hp_loss":0,"event_name":"The Moai Head","floor":39,"gold_loss":0},{"damage_healed":0,"gold_gain":0,"player_choice":"Fight","damage_taken":0,"max_hp_gain":0,"max_hp_loss":0,"event_name":"MindBloom","floor":41,"gold_loss":0},{"cards_removed":["Strike_G"],"damage_healed":0,"gold_gain":0,"player_choice":"Removed Attack","damage_taken":0,"max_hp_gain":0,"max_hp_loss":0,"event_name":"Falling","floor":45,"gold_loss":0}],"is_beta":false,"boss_relics":[{"not_picked":["Pandora\u0027s Box","Eternal Feather"],"picked":"Fusion Hammer"},{"not_picked":["Black Star","Orrery"],"picked":"WristBlade"}],"items_purged_floors":[2,44],"is_endless":false,"potions_floor_spawned":[3,4,8,11,28,31,35,41,42],"killed_by":"Time Eater","ascension_level":20}