{"gold_per_floor":[115,134,153,153,153,214,233,233,233,233,302,318,333,345,345,440,490,505,505,521,521,568,568,0,0,0,0],"floor_reached":27,"playtime":1583,"items_purged":[],"score":355,"play_id":"c6506308-320b-4316-9bfb-f89c16de9474","local_time":"20180806162255","is_ascension_mode":true,"campfire_choices":[{"data":"Neutralize","floor":8,"key":"SMITH"},{"data":"Skewer","floor":10,"key":"SMITH"},{"floor":15,"key":"REST"},{"data":"Footwork","floor":23,"key":"SMITH"},{"data":"Cloak And Dagger","floor":25,"key":"SMITH"}],"neow_cost":"","seed_source_timestamp":914016222784300,"circlet_count":0,"master_deck":["Defend_G","Defend_G","Defend_G","Defend_G","Defend_G","Survivor","Neutralize+1","AscendersBane","Skewer+1","All Out Attack","Dagger Spray","Neutralize","Unload","Backflip","Footwork+1","Leg Sweep","Burst","Cloak And Dagger+1","Dash+1","Bite","Bite","Bite","Bite","Bite","Footwork"],"relics":["Ring of the Snake","Tiny Chest","Tiny House","Juzu Bracelet","Toxic Egg 2","OrangePellets","Turnip"],"potions_floor_usage":[6,6,14,27,27],"damage_taken":[{"damage":0,"enemies":"2 Louse","floor":1,"turns":4},{"damage":9,"enemies":"Cultist","floor":2,"turns":5},{"damage":0,"enemies":"Small Slimes","floor":3,"turns":2},{"damage":13,"enemies":"Lagavulin","floor":6,"turns":8},{"damage":0,"enemies":"3 Louse","floor":7,"turns":2},{"damage":6,"enemies":"Looter","floor":12,"turns":4},{"damage":9,"enemies":"Exordium Thugs","floor":13,"turns":3},{"damage":0,"enemies":"Lots of Slimes","floor":14,"turns":1},{"damage":26,"enemies":"Slime Boss","floor":16,"turns":11},{"damage":14,"enemies":"Chosen","floor":18,"turns":7},{"damage":11,"enemies":"Shell Parasite","floor":20,"turns":10},{"damage":69,"enemies":"Cultist and Chosen","floor":27,"turns":11}],"seed_played":"6970839325090195625","potions_obtained":[{"floor":1,"key":"LiquidBronze"},{"floor":2,"key":"Dexterity Potion"},{"floor":12,"key":"Explosive Potion"},{"floor":17,"key":"Energy Potion"}],"is_trial":false,"path_per_floor":["M","M","M","?","?","E","M","R","T","R","?","M","M","M","R","B",null,"M","?","M","?","T","R","$","R","T"],"character_chosen":"THE_SILENT","items_purchased":["Toxic Egg 2","OrangePellets","Footwork","Block Potion"],"campfire_rested":1,"item_purchase_floors":[24,24,24,24],"current_hp_per_floor":[63,54,54,54,40,27,27,27,27,27,27,23,16,18,39,15,61,49,49,40,40,40,40,40,40,40,0],"gold":0,"neow_bonus":"","is_prod":false,"is_daily":false,"chose_seed":false,"campfire_upgraded":4,"win_rate":0,"timestamp":1533590575,"path_taken":["M","M","M","?","?","E","M","R","T","R","?","?","M","?","R","BOSS","M","?","?","?","?","R","$","R","T","M"],"build_version":"2018-08-01","purchased_purges":0,"victory":false,"max_hp_per_floor":[70,70,70,70,70,70,70,70,70,70,70,70,70,70,70,70,75,75,75,75,75,75,75,75,75,75,75],"card_choices":[{"not_picked":["Reflex","Accuracy"],"picked":"Skewer","floor":1},{"not_picked":["Acrobatics","Flying Knee"],"picked":"All Out Attack","floor":2},{"not_picked":["Slice","Acrobatics"],"picked":"Dagger Spray","floor":3},{"not_picked":["Prepared","Crippling Poison"],"picked":"Unload","floor":6},{"not_picked":["Heel Hook","Slice","Dagger Spray"],"picked":"SKIP","floor":7},{"not_picked":["Blade Dance","Quick Slash"],"picked":"Backflip","floor":12},{"not_picked":["Backflip","Quick Slash"],"picked":"Footwork","floor":13},{"not_picked":["Flying Knee","Bane"],"picked":"Leg Sweep","floor":14},{"not_picked":["Phantasmal Killer","A Thousand Cuts"],"picked":"Burst","floor":16},{"not_picked":["Quick Slash","Eviscerate"],"picked":"Cloak And Dagger","floor":17},{"not_picked":["Deadly Poison+1","Riddle With Holes"],"picked":"Dash+1","floor":18},{"not_picked":["Prepared","Crippling Poison+1","Flying Knee"],"picked":"SKIP","floor":20}],"player_experience":343232,"relics_obtained":[{"floor":6,"key":"Tiny Chest"},{"floor":9,"key":"Blood Vial"},{"floor":22,"key":"Juzu Bracelet"},{"floor":26,"key":"Turnip"}],"event_choices":[{"event_name":"Match and Keep!","player_choice":"1 cards matched","floor":4,"damage_taken":0},{"event_name":"Shining Light","player_choice":"Entered Light","floor":5,"damage_taken":0},{"event_name":"Golden Wing","player_choice":"Gained Gold","floor":11,"damage_taken":0},{"event_name":"Back to Basics","player_choice":"Elegance","floor":19,"damage_taken":0},{"event_name":"Vampires","player_choice":"Became a vampire (Vial)","floor":21,"damage_taken":0}],"is_beta":true,"boss_relics":[{"not_picked":["Eternal Feather","WristBlade"],"picked":"Tiny House"}],"items_purged_floors":[],"is_endless":false,"potions_floor_spawned":[1,2,3,12],"killed_by":"Cultist and Chosen","ascension_level":11}