{"path_per_floor":["M","M","?","$","M","R","M","E","T","R","?","$","?","M","R","B",null,"M","?","?","?","M","R","M","R","T","R","M","M","M","?","R","B",null,"M","?","$","M","?","R","E","R","T","?","M","$","R","?","R"],"character_chosen":"THE_SILENT","items_purchased":["Dash","Infinite Blades","Cloak And Dagger","Ornamental Fan","Pen Nib"],"gold_per_floor":[114,126,126,6,24,24,38,66,135,135,156,56,56,75,75,175,175,190,190,190,113,125,125,143,143,143,143,162,172,185,185,185,281,311,330,330,84,97,97,97,131,131,158,158,171,14,14,14,14,14],"floor_reached":50,"campfire_rested":9,"playtime":3184,"item_purchase_floors":[4,4,12,37,46],"current_hp_per_floor":[64,63,68,68,67,67,56,41,41,63,56,56,56,52,74,30,75,65,65,72,72,52,76,41,65,65,65,61,47,34,34,58,21,87,74,74,74,54,54,80,43,69,69,69,28,28,54,43,69,0],"items_purged":["Strike_G"],"gold":14,"score":566,"play_id":"ea7b39d9-9dd3-41ff-83d5-aabd49f4f63e","local_time":"20180611205625","is_prod":false,"is_daily":false,"chose_seed":false,"is_ascension_mode":true,"campfire_upgraded":2,"win_rate":0,"timestamp":1528764985,"campfire_choices":[{"data":"Infinite Blades","floor":6,"key":"SMITH"},{"floor":10,"key":"REST"},{"floor":15,"key":"REST"},{"floor":23,"key":"REST"},{"floor":25,"key":"REST"},{"data":"Dash","floor":27,"key":"SMITH"},{"floor":32,"key":"REST"},{"floor":40,"key":"REST"},{"floor":42,"key":"REST"},{"floor":47,"key":"REST"},{"floor":49,"key":"REST"}],"path_taken":["M","M","?","?","M","R","M","E","T","R","?","?","?","M","R","BOSS","M","?","?","?","M","R","M","R","T","R","M","M","M","?","R","BOSS","M","?","$","M","?","R","E","R","T","?","?","?","R","?","R","BOSS"],"build_version":"2018-06-07v3","seed_source_timestamp":436130675610765,"purchased_purges":1,"victory":false,"master_deck":["Defend_G","Defend_G","Defend_G","Defend_G","Defend_G","Strike_G","Strike_G","Strike_G","Survivor","Neutralize","Wraith Form v2","Noxious Fumes","Dagger Spray","Dash+1","Infinite Blades+1","Quick Slash","Deadly Poison","Dodge and Roll","Cloak And Dagger","Cloak And Dagger","Dodge and Roll","Accuracy","Burst","Escape Plan","J.A.X.","Poisoned Stab","Slice","PiercingWail","Riddle With Holes+1","Corpse Explosion+1","Bouncing Flask","Deadly Poison+1","Good Instincts","Backflip","Cloak And Dagger+1","Crippling Poison+1","Madness","Madness"],"max_hp_per_floor":[70,70,75,75,75,75,75,75,75,75,75,75,75,75,75,75,75,75,75,82,82,82,82,82,82,82,82,82,82,82,82,82,82,87,87,87,87,87,87,87,87,87,87,87,87,87,87,87,87,87],"relics":["Ring of the Snake","Turnip","Dodecahedron","Odd Mushroom","Lizard Tail","Strawberry","Mummified Hand","Tiny House","Ornamental Fan","Vajra","Orichalcum","Pen Nib"],"card_choices":[{"not_picked":["Cloak And Dagger","Flying Knee"],"picked":"Noxious Fumes","floor":1},{"not_picked":["Deflect","Outmaneuver"],"picked":"Dagger Spray","floor":2},{"not_picked":["Leg Sweep","Outmaneuver"],"picked":"Quick Slash","floor":5},{"not_picked":["Dagger Spray","Flying Knee"],"picked":"Deadly Poison","floor":7},{"not_picked":["Underhanded Strike","Infinite Blades"],"picked":"Dodge and Roll","floor":8},{"not_picked":["Predator","Quick Slash"],"picked":"Cloak And Dagger","floor":11},{"not_picked":["Bane","Acrobatics"],"picked":"Accuracy","floor":14},{"not_picked":["Night Terror","Unload"],"picked":"Burst","floor":16},{"not_picked":["Accuracy+1","Dodge and Roll"],"picked":"Escape Plan","floor":18},{"not_picked":["Quick Slash","Heel Hook"],"picked":"Poisoned Stab","floor":22},{"not_picked":["Acrobatics","Eviscerate","Concentrate+1"],"picked":"SKIP","floor":24},{"not_picked":["Deflect","Concentrate"],"picked":"Slice","floor":28},{"not_picked":["All Out Attack","Bane"],"picked":"PiercingWail","floor":29},{"not_picked":["Bane","Underhanded Strike+1"],"picked":"Riddle With Holes+1","floor":30},{"not_picked":["Grand Finale","Glass Knife"],"picked":"Corpse Explosion","floor":33},{"not_picked":["Quick Slash","Underhanded Strike+1"],"picked":"Bouncing Flask","floor":34},{"not_picked":["Expertise","Slice+1"],"picked":"Deadly Poison+1","floor":35},{"not_picked":["Swift Strike","Bandage Up"],"picked":"Good Instincts","floor":36},{"not_picked":["Calculated Gamble+1","Prepared+1"],"picked":"Backflip","floor":38},{"not_picked":["Tactician","Skewer+1"],"picked":"Cloak And Dagger+1","floor":41},{"not_picked":["Sucker Punch","Choke"],"picked":"Crippling Poison+1","floor":45}],"player_experience":494515,"potions_floor_usage":[8,16,29,33,33,38,41,45],"damage_taken":[{"damage":6,"enemies":"2 Louse","floor":1,"turns":3},{"damage":1,"enemies":"Small Slimes","floor":2,"turns":4},{"damage":1,"enemies":"Cultist","floor":5,"turns":4},{"damage":11,"enemies":"Exordium Thugs","floor":7,"turns":4},{"damage":15,"enemies":"3 Sentries","floor":8,"turns":6},{"damage":7,"floor":11,"turns":4},{"damage":4,"enemies":"3 Louse","floor":14,"turns":3},{"damage":44,"enemies":"The Guardian","floor":16,"turns":14},{"damage":10,"enemies":"3 Byrds","floor":18,"turns":5},{"damage":20,"enemies":"Chosen","floor":22,"turns":5},{"damage":35,"enemies":"Slaver and Parasite","floor":24,"turns":6},{"damage":4,"enemies":"Centurion and Healer","floor":28,"turns":6},{"damage":14,"enemies":"Snake Plant","floor":29,"turns":7},{"damage":13,"enemies":"Snecko","floor":30,"turns":5},{"damage":37,"enemies":"Collector","floor":33,"turns":15},{"damage":13,"enemies":"3 Shapes","floor":35,"turns":8},{"damage":20,"enemies":"Orb Walker","floor":38,"turns":4},{"damage":92,"enemies":"Nemesis","floor":41,"turns":11},{"damage":41,"enemies":"3 Darklings","floor":45,"turns":4},{"damage":78,"enemies":"Time Eater","floor":50,"turns":6}],"relics_obtained":[{"floor":8,"key":"Turnip"},{"floor":9,"key":"Dodecahedron"},{"floor":11,"key":"Odd Mushroom"},{"floor":26,"key":"Mummified Hand"},{"floor":41,"key":"Vajra"},{"floor":43,"key":"Orichalcum"}],"event_choices":[{"event_name":"Big Fish","player_choice":"Donut","floor":3,"damage_taken":0},{"event_name":"Mushrooms","player_choice":"Fought Mushrooms","floor":11,"damage_taken":0},{"event_name":"Living Wall","player_choice":"Change","floor":13,"damage_taken":0},{"event_name":"Ghosts","player_choice":"Ignored","floor":19,"damage_taken":0},{"event_name":"The Mausoleum","player_choice":"Yes","floor":20,"damage_taken":0},{"event_name":"Drug Dealer","player_choice":"Got JAXXED","floor":21,"damage_taken":0},{"event_name":"The Lab","player_choice":"Got Potions","floor":31,"damage_taken":0},{"event_name":"SensoryStone","player_choice":"Memory 1","floor":36,"damage_taken":0},{"event_name":"Tomb of Lord Red Mask","player_choice":"Ignored","floor":39,"damage_taken":0},{"event_name":"Accursed Blacksmith","player_choice":"Ignore","floor":44,"damage_taken":0},{"event_name":"Winding Halls","player_choice":"Embrace Madness","floor":48,"damage_taken":0}],"boss_relics":[{"not_picked":["White Beast Statue","Ectoplasm"],"picked":"Lizard Tail"},{"not_picked":["Runic Dome","Black Star"],"picked":"Tiny House"}],"items_purged_floors":[12],"potions_floor_spawned":[1,5,11,16,22,24,30,33,35,41],"seed_played":"-7890175755083339615","killed_by":"Time Eater","ascension_level":1,"potions_obtained":[{"floor":1,"key":"Block Potion"},{"floor":5,"key":"Poison Potion"},{"floor":11,"key":"SkillPotion"},{"floor":16,"key":"Dexterity Potion"},{"floor":22,"key":"EssenceOfSteel"},{"floor":24,"key":"Ancient Potion"},{"floor":30,"key":"Dexterity Potion"},{"floor":33,"key":"Fire Potion"},{"floor":34,"key":"Explosive Potion"},{"floor":41,"key":"FairyPotion"}],"is_trial":false}