{"gold_per_floor":[119,294,306,256,274,304,317,317,317,342,362,362,362],"floor_reached":13,"playtime":562,"items_purged":[],"score":157,"play_id":"4b7991ef-a9d2-416b-a074-086d0770e6c6","local_time":"20190114101046","is_ascension_mode":true,"campfire_choices":[{"floor":8.0,"key":"REST"}],"neow_cost":"NONE","seed_source_timestamp":455753501075960,"circlet_count":0,"master_deck":["AscendersBane","Strike_R","Strike_R","Strike_R","Strike_R","Strike_R","Defend_R","Defend_R","Defend_R","Defend_R","Bash","Clothesline","Havoc","Reaper","Limit Break","Flex","Anger+1","Battle Trance","Parasite"],"special_seed":0,"relics":["Burning Blood","NeowsBlessing","Incense Burner","Pear","Molten Egg 2"],"potions_floor_usage":[13],"damage_taken":[{"damage":0.0,"enemies":"2 Louse","floor":1.0,"turns":1.0},{"damage":0.0,"enemies":"Jaw Worm","floor":3.0,"turns":1.0},{"damage":0.0,"enemies":"Small Slimes","floor":5.0,"turns":1.0},{"damage":48.0,"enemies":"Gremlin Nob","floor":6.0,"turns":6.0},{"damage":19.0,"enemies":"Looter","floor":7.0,"turns":3.0},{"damage":51.0,"enemies":"Lagavulin","floor":10.0,"turns":7.0},{"damage":14.0,"enemies":"Red Slaver","floor":11.0,"turns":3.0},{"damage":55,"enemies":"3 Sentries","floor":13,"turns":10}],"seed_played":"7456816687851216157","potions_obtained":[{"floor":6.0,"key":"Energy Potion"},{"floor":7.0,"key":"Explosive Potion"}],"is_trial":false,"path_per_floor":["M","?","M","?","M","E","M","R","T","E","M","?","E"],"character_chosen":"IRONCLAD","items_purchased":[],"campfire_rested":1,"item_purchase_floors":[],"current_hp_per_floor":[78,78,80,80,80,42,35,59,69,30,28,50,0],"gold":362,"neow_bonus":"THREE_ENEMY_KILL","is_prod":false,"is_daily":false,"chose_seed":false,"campfire_upgraded":0,"win_rate":0,"timestamp":1547478646,"path_taken":["M","?","M","?","?","E","M","R","T","E","M","?","E"],"build_version":"2019-01-10","purchased_purges":0,"victory":false,"max_hp_per_floor":[80,80,80,80,80,80,80,80,90,90,90,90,90],"card_choices":[{"not_picked":["Armaments","Havoc"],"picked":"Clothesline","floor":1.0},{"not_picked":["Anger","Hemokinesis"],"picked":"Havoc","floor":3.0},{"not_picked":["Sever Soul","Intimidate"],"picked":"Reaper","floor":5.0},{"not_picked":["Disarm","Headbutt"],"picked":"Limit Break","floor":6.0},{"not_picked":["Sever Soul","Sword Boomerang"],"picked":"Flex","floor":7.0},{"not_picked":["Combust","Battle Trance"],"picked":"Anger","floor":10.0},{"not_picked":["Shockwave","Intimidate"],"picked":"Battle Trance","floor":11.0}],"player_experience":2111925,"relics_obtained":[{"floor":6.0,"key":"Incense Burner"},{"floor":9.0,"key":"Pear"},{"floor":10.0,"key":"Molten Egg 2"}],"event_choices":[{"damage_healed":0.0,"max_hp_gain":0.0,"max_hp_loss":0.0,"gold_gain":175.0,"event_name":"Liars Game","player_choice":"AGREE","floor":2.0,"gold_loss":0.0,"damage_taken":0.0,"cards_obtained":["Doubt"]},{"cards_removed":["Doubt"],"damage_healed":0.0,"max_hp_gain":0.0,"max_hp_loss":0.0,"gold_gain":0.0,"event_name":"The Cleric","player_choice":"Card Removal","floor":4.0,"gold_loss":50.0,"damage_taken":0.0},{"damage_healed":22.0,"max_hp_gain":0.0,"max_hp_loss":0.0,"gold_gain":0.0,"event_name":"Mushrooms","player_choice":"Healed and dodged fight","floor":12.0,"gold_loss":0.0,"damage_taken":0.0,"cards_obtained":["Parasite"]}],"is_beta":false,"boss_relics":[],"items_purged_floors":[],"is_endless":false,"potions_floor_spawned":[6,7],"killed_by":"3 Sentries","ascension_level":13}