{"gold_per_floor":[117,117,134,209,209,209,266,266,266,282,4,18,46,46,46,125,125,145,145],"floor_reached":19,"playtime":630,"items_purged":["Strike_B"],"score":390,"play_id":"ace67c7f-a045-49cf-af3f-af5e4e37e504","local_time":"20190203145615","is_ascension_mode":true,"campfire_choices":[{"floor":6,"key":"REST"},{"floor":8,"key":"REST"},{"floor":15,"key":"REST"}],"neow_cost":"NONE","seed_source_timestamp":2553407846935,"circlet_count":0,"master_deck":["AscendersBane","Strike_B","Strike_B","Strike_B","Defend_B","Defend_B","Defend_B","Defend_B","Zap","Dualcast","Cold Snap","Defragment","Echo Form","Ball Lightning","Capacitor","Ball Lightning","Steam","Core Surge","Machine Learning","Leap"],"relics":["Cracked Core","NeowsBlessing","The Courier","Tiny Chest","Bottled Tornado","Vajra","Blood Vial","Art of War","Eternal Feather"],"potions_floor_usage":[12,16,18],"damage_taken":[{"damage":0,"enemies":"Small Slimes","floor":1,"turns":1},{"damage":0,"enemies":"2 Louse","floor":3,"turns":1},{"damage":0,"enemies":"Gremlin Nob","floor":7,"turns":1},{"damage":3,"enemies":"Cultist","floor":10,"turns":4},{"damage":14,"enemies":"Exordium Wildlife","floor":12,"turns":2},{"damage":14,"enemies":"Lagavulin","floor":13,"turns":5},{"damage":45,"enemies":"The Guardian","floor":16,"turns":9},{"damage":26,"enemies":"3 Byrds","floor":18,"turns":6},{"damage":34,"enemies":"Colosseum Slavers","floor":19,"turns":4}],"seed_played":"1761510969685101121","potions_obtained":[{"floor":3,"key":"Explosive Potion"},{"floor":12,"key":"FearPotion"},{"floor":13,"key":"SneckoOil"},{"floor":16,"key":"Block Potion"}],"is_trial":false,"path_per_floor":["M","?","M","?","?","R","E","R","T","M","$","M","E","T","R","B",null,"M","?"],"character_chosen":"DEFECT","items_purchased":["Capacitor","Vajra","Ball Lightning"],"campfire_rested":3,"item_purchase_floors":[11,11,11],"current_hp_per_floor":[64,38,38,27,17,38,38,59,59,56,56,42,28,28,49,6,55,31,0],"gold":145,"neow_bonus":"THREE_ENEMY_KILL","is_prod":false,"is_daily":false,"chose_seed":false,"campfire_upgraded":0,"win_rate":0,"timestamp":1549223775,"path_taken":["M","?","M","?","?","R","E","R","T","M","$","?","E","?","R","BOSS","M","?"],"build_version":"2019-01-23","purchased_purges":1,"victory":false,"max_hp_per_floor":[71,71,71,71,71,71,71,71,71,71,71,71,71,71,71,71,71,71,71],"card_choices":[{"not_picked":["Hologram","Aggregate"],"picked":"Cold Snap","floor":1},{"not_picked":["Rebound","Go for the Eyes"],"picked":"Defragment","floor":3},{"not_picked":["Genetic Algorithm","Compile Driver"],"picked":"Echo Form","floor":7},{"not_picked":["Gash","Beam Cell"],"picked":"Ball Lightning","floor":10},{"not_picked":["Skim","Stack"],"picked":"Steam","floor":12},{"not_picked":["Gash","Stack"],"picked":"Core Surge","floor":13},{"not_picked":["Hyperbeam","Biased Cognition"],"picked":"Machine Learning","floor":16},{"not_picked":["Turbo","Beam Cell"],"picked":"Leap","floor":18}],"player_experience":2298271,"relics_obtained":[{"floor":7,"key":"Tiny Chest"},{"floor":9,"key":"Bottled Tornado"},{"floor":13,"key":"Blood Vial"},{"floor":14,"key":"Art of War"}],"event_choices":[{"damage_healed":0,"gold_gain":0,"player_choice":"Success","damage_taken":26,"relics_obtained":["The Courier"],"max_hp_gain":0,"max_hp_loss":0,"event_name":"Scrap Ooze","floor":2,"gold_loss":0},{"damage_healed":0,"gold_gain":75,"player_choice":"Gather Gold","damage_taken":11,"max_hp_gain":0,"max_hp_loss":0,"event_name":"World of Goop","floor":4,"gold_loss":0},{"damage_healed":0,"gold_gain":0,"player_choice":"Damaged","damage_taken":10,"max_hp_gain":0,"max_hp_loss":0,"event_name":"Wheel of Change","floor":5,"gold_loss":0},{"damage_healed":0,"gold_gain":0,"player_choice":"Fight","damage_taken":0,"max_hp_gain":0,"max_hp_loss":0,"event_name":"Colosseum","floor":19,"gold_loss":0}],"is_beta":false,"boss_relics":[{"not_picked":["Pandora\u0027s Box","Calling Bell"],"picked":"Eternal Feather"}],"items_purged_floors":[11],"is_endless":false,"potions_floor_spawned":[3,12,13,16],"killed_by":"Colosseum Slavers","ascension_level":19}