{"gold_per_floor":[116,116,134,134,147,147,3,22,22,22,22,41,41,69,69,166,166,180,105,105,105,105,105,105,30,30,42,57,57],"floor_reached":29,"playtime":1223,"items_purged":["Strike_G"],"score":354,"play_id":"cb72dd9a-6e27-4d31-8d01-68c4d1a06aa9","local_time":"20180914080319","is_ascension_mode":true,"campfire_choices":[{"data":"Cloak And Dagger","floor":6,"key":"SMITH"},{"floor":13,"key":"REST"},{"floor":15,"key":"REST"},{"floor":23,"key":"REST"}],"neow_cost":"NONE","seed_source_timestamp":188576724421663,"circlet_count":0,"master_deck":["Defend_G","Defend_G","Defend_G","Defend_G","Defend_G","Strike_G","Survivor","Neutralize","AscendersBane","Poisoned Stab","Cloak And Dagger+1","Caltrops","Flying Knee","Accuracy","A Thousand Cuts","Predator","Necronomicurse","Predator","Terror","Underhanded Strike"],"relics":["Runic Pyramid","Boot","Lantern","Paper Crane","Sozu","Necronomicon","Gremlin Horn"],"potions_floor_usage":[8,8,14,14],"damage_taken":[{"damage":2,"enemies":"Small Slimes","floor":1,"turns":4},{"damage":4,"enemies":"Jaw Worm","floor":3,"turns":4},{"damage":0,"enemies":"Cultist","floor":5,"turns":4},{"damage":17,"enemies":"Gremlin Gang","floor":8,"turns":4},{"damage":6,"enemies":"Looter","floor":12,"turns":4},{"damage":3,"enemies":"Gremlin Nob","floor":14,"turns":4},{"damage":33,"enemies":"The Guardian","floor":16,"turns":14},{"damage":26,"enemies":"Chosen","floor":18,"turns":5},{"damage":18,"enemies":"Shell Parasite","floor":27,"turns":4},{"damage":19,"enemies":"Cultist and Chosen","floor":28,"turns":5},{"damage":6,"enemies":"Snake Plant","floor":29,"turns":1}],"seed_played":"4592745046662322868","potions_obtained":[{"floor":1,"key":"SteroidPotion"},{"floor":5,"key":"LiquidBronze"},{"floor":11,"key":"GhostInAJar"},{"floor":11,"key":"Explosive Potion"}],"is_trial":false,"path_per_floor":["M","?","M","?","M","R","$","M","T","$","?","M","R","E","R","B",null,"M","?","?","?","?","R","?","$","T","M","M"],"character_chosen":"THE_SILENT","items_purchased":["Boot"],"campfire_rested":3,"item_purchase_floors":[7],"current_hp_per_floor":[61,54,50,50,50,50,50,33,33,33,33,27,48,45,66,33,61,35,35,19,19,19,40,40,40,40,22,3,0],"gold":57,"neow_bonus":"BOSS_RELIC","is_prod":false,"is_daily":false,"chose_seed":false,"campfire_upgraded":1,"win_rate":0,"timestamp":1536926599,"path_taken":["M","?","M","?","?","R","$","M","T","$","?","M","R","E","R","BOSS","M","?","?","?","?","R","?","$","T","M","M","M"],"build_version":"2018-09-06","purchased_purges":1,"victory":false,"max_hp_per_floor":[70,70,70,70,70,70,70,70,70,70,70,70,70,70,70,70,70,70,70,70,70,70,70,70,70,70,70,70,70],"card_choices":[{"not_picked":["Distraction","Reflex","Concentrate"],"picked":"SKIP","floor":1},{"not_picked":["Masterful Stab","Setup"],"picked":"Poisoned Stab","floor":3},{"not_picked":["Endless Agony","Underhanded Strike"],"picked":"Cloak And Dagger","floor":5},{"not_picked":["Predator","Prepared"],"picked":"Caltrops","floor":8},{"not_picked":["Slice","Well Laid Plans"],"picked":"Flying Knee","floor":12},{"not_picked":["Skewer","Quick Slash"],"picked":"Accuracy","floor":14},{"not_picked":["Storm of Steel","Night Terror"],"picked":"A Thousand Cuts","floor":16},{"not_picked":["Dagger Throw","Deflect"],"picked":"Predator","floor":18},{"not_picked":["Heel Hook","Expertise"],"picked":"Terror","floor":27},{"not_picked":["Acrobatics","Finisher+1"],"picked":"Underhanded Strike","floor":28}],"player_experience":1531943,"relics_obtained":[{"floor":9,"key":"Lantern"},{"floor":14,"key":"Paper Crane"},{"floor":20,"key":"Necronomicon"},{"floor":26,"key":"Gremlin Horn"}],"event_choices":[{"event_name":"Golden Wing","player_choice":"Card Removal","floor":2,"damage_taken":0},{"event_name":"Wheel of Change","player_choice":"Card Removal","floor":4,"damage_taken":0},{"event_name":"The Lab","player_choice":"Got Potions","floor":11,"damage_taken":0},{"event_name":"Beggar","player_choice":"Gave Gold","floor":19,"damage_taken":0},{"event_name":"Cursed Tome","player_choice":"Obtained Book","floor":20,"damage_taken":0},{"event_name":"Duplicator","player_choice":"One dupe","floor":21,"damage_taken":0},{"event_name":"N\u0027loth","player_choice":"Ignored","floor":22,"damage_taken":0},{"event_name":"Vampires","player_choice":"Ignored","floor":24,"damage_taken":0}],"is_beta":false,"boss_relics":[{"not_picked":["Fusion Hammer","Snecko Eye"],"picked":"Sozu"}],"items_purged_floors":[25],"is_endless":false,"potions_floor_spawned":[1,5,27,28],"killed_by":"Snake Plant","ascension_level":12}