{"path_per_floor":["M","?","M","M","M","E","R","E","T","E","M","R","?","E","R","B",null,"M","M","?","$","?","E","R","?","T","R","M","M","E","M","R","B",null,"M","M","?","$","M","E","R","M","T","R","M","$","M","?","R","B"],"character_chosen":"DEFECT","items_purchased":["Bronze Scales","Bottled Tornado","Peace Pipe","FTL+1"],"gold_per_floor":[117,117,132,149,168,199,199,230,312,337,347,347,347,373,373,477,477,492,504,504,18,18,51,51,84,84,84,103,117,144,158,158,263,263,273,293,293,0,20,46,46,63,63,63,78,7,27,76,76,76],"floor_reached":51,"campfire_rested":3,"playtime":3909,"item_purchase_floors":[],"current_hp_per_floor":[73,73,73,73,69,53,53,44,44,44,40,40,40,29,66,33,75,75,75,59,59,59,26,32,32,32,75,75,65,54,54,60,14,75,66,54,54,54,46,15,60,67,67,75,75,75,75,75,75,16],"items_purged":["Strike_B"],"gold":76,"score":830,"play_id":"d6a13589-d10c-4f96-be08-a4b5ef4695b8","local_time":"20180613162009","is_prod":false,"is_daily":false,"chose_seed":false,"is_ascension_mode":true,"campfire_upgraded":4,"win_rate":0,"timestamp":1528899609,"campfire_choices":[{"data":"Dualcast","floor":7.0,"key":"SMITH"},{"data":"Redo","floor":12.0,"key":"SMITH"},{"floor":15.0,"key":"REST"},{"data":"Electrodynamics","floor":24.0,"key":"SMITH"},{"floor":27.0,"key":"REST"},{"data":"Leap","floor":32.0,"key":"SMITH"},{"floor":41,"key":"REST"},{"data":"Strike_B","floor":44,"key":"PURGE"},{"data":"Defend_B","floor":49,"key":"PURGE"}],"path_taken":["M","?","M","?","M","E","R","E","T","E","M","R","?","E","R","BOSS","M","M","?","$","?","E","R","?","T","R","M","?","E","M","R","BOSS","M","M","?","$","M","E","R","M","T","R","?","$","?","?","R","BOSS"],"build_version":"2018-06-12","seed_source_timestamp":49279332287558,"purchased_purges":1,"victory":true,"master_deck":["Defend_B","Defend_B","Defend_B","Zap+1","Dualcast+1","Cold Snap","Leap+1","Streamline","Chill","Redo+1","Gash+1","Melter+1","Electrodynamics+1","Gash+1","Scrape+1","Reboot+1","Machine Learning+1","Capacitor+1","Gash+1","Loop+1","Go for the Eyes+1","Scrape+1","FTL+1","Steam+1","Go for the Eyes+1"],"max_hp_per_floor":[75,75,75,75,75,75,75,75,75,75,75,75,75,75,75,75,75,75,75,75,75,75,75,75,75,75,75,75,75,75,75,75,75,75,75,75,75,75,75,75,75,75,75,75,75,75,75,75,75,75],"special_seed":0,"relics":["Cracked Core","Vajra","Unceasing Top","Molten Egg 2","Regal Pillow","Bag of Marbles","Eternal Feather","Nilry\u0027s Codex","Bronze Scales","Bottled Tornado","Toxic Egg 2","Red Mask","Bottled Flame","Frozen Egg 2","Fusion Hammer","Peace Pipe","Art of War","Darkstone Periapt","Ginger"],"card_choices":[{"not_picked":["Coolheaded","Force Field","Beam Cell"],"picked":"SKIP","floor":1.0},{"not_picked":["Beam Cell","Turbo"],"picked":"Cold Snap","floor":3.0},{"not_picked":["Heatsinks","Consume","Blizzard"],"picked":"SKIP","floor":4.0},{"not_picked":["Sweeping Beam","Streamline"],"picked":"Leap","floor":5.0},{"not_picked":["Turbo","Aggregate"],"picked":"Streamline","floor":6.0},{"not_picked":["Coolheaded","Fission"],"picked":"Chill","floor":8.0},{"not_picked":["Hologram","Steam"],"picked":"Redo","floor":10.0},{"not_picked":["Stack","Go for the Eyes+1"],"picked":"Gash+1","floor":11.0},{"not_picked":["Stack","Consume"],"picked":"Melter+1","floor":14.0},{"not_picked":["Multi-Cast","Amplify"],"picked":"Electrodynamics","floor":16.0},{"not_picked":["Streamline+1","Barrage+1"],"picked":"Gash+1","floor":18.0},{"not_picked":["Hologram","Rip and Tear+1"],"picked":"Scrape+1","floor":19.0},{"not_picked":["Streamline+1","Consume","Hyperbeam+1"],"picked":"SKIP","floor":23.0},{"not_picked":["Beam Cell+1","Barrage+1","Turbo+1"],"picked":"SKIP","floor":28.0},{"not_picked":["Undo+1","Chaos+1","Doom and Gloom+1"],"picked":"SKIP","floor":29.0},{"not_picked":["Stack+1","Barrage+1"],"picked":"Reboot+1","floor":30.0},{"not_picked":["Skim+1","Barrage+1","Reprogram+1"],"picked":"SKIP","floor":31.0},{"not_picked":["Meteor Strike+1","Electrodynamics+1"],"picked":"Machine Learning+1","floor":33.0},{"not_picked":["Hologram+1","Conserve Battery+1"],"picked":"Capacitor+1","floor":35.0},{"not_picked":["Melter+1","Beam Cell+1"],"picked":"Gash+1","floor":36},{"not_picked":["Blizzard+1","Chill+1"],"picked":"Loop+1","floor":39},{"not_picked":["Beam Cell+1","Darkness+1","Doom and Gloom+1"],"picked":"SKIP","floor":40},{"not_picked":["Coolheaded+1","Blizzard+1"],"picked":"Go for the Eyes+1","floor":42},{"not_picked":["Thunder Strike+1","Rebound+1"],"picked":"Scrape+1","floor":45},{"not_picked":["Chaos+1","Fusion+1"],"picked":"Steam+1","floor":47},{"not_picked":["Stack+1","Doom and Gloom+1"],"picked":"Go for the Eyes+1","floor":48}],"player_experience":97498,"potions_floor_usage":[40,50],"damage_taken":[{"damage":2.0,"enemies":"Jaw Worm","floor":1.0,"turns":4.0},{"damage":0.0,"enemies":"Cultist","floor":3.0,"turns":3.0},{"damage":0.0,"enemies":"2 Louse","floor":4.0,"turns":2.0},{"damage":4.0,"enemies":"Red Slaver","floor":5.0,"turns":3.0},{"damage":16.0,"enemies":"Gremlin Nob","floor":6.0,"turns":5.0},{"damage":9.0,"enemies":"Lagavulin","floor":8.0,"turns":5.0},{"damage":0.0,"enemies":"3 Sentries","floor":10.0,"turns":7.0},{"damage":4.0,"enemies":"Exordium Wildlife","floor":11.0,"turns":2.0},{"damage":11.0,"enemies":"Gremlin Nob","floor":14.0,"turns":3.0},{"damage":33.0,"enemies":"Hexaghost","floor":16.0,"turns":9.0},{"damage":0.0,"enemies":"3 Byrds","floor":18.0,"turns":2.0},{"damage":0.0,"enemies":"Spheric Guardian","floor":19.0,"turns":1.0},{"damage":33.0,"enemies":"Book of Stabbing","floor":23.0,"turns":4.0},{"damage":0.0,"floor":25.0,"turns":2.0},{"damage":0.0,"enemies":"Cultist and Chosen","floor":28.0,"turns":5.0},{"damage":10.0,"enemies":"Centurion and Healer","floor":29.0,"turns":2.0},{"damage":11.0,"enemies":"Slavers","floor":30.0,"turns":2.0},{"damage":0.0,"enemies":"Sentry and Sphere","floor":31.0,"turns":2.0},{"damage":46.0,"enemies":"Collector","floor":33.0,"turns":8.0},{"damage":9.0,"enemies":"Orb Walker","floor":35.0,"turns":3.0},{"damage":12.0,"enemies":"3 Shapes","floor":36.0,"turns":2.0},{"damage":8,"enemies":"Sphere and 2 Shapes","floor":39,"turns":2},{"damage":31,"enemies":"Nemesis","floor":40,"turns":5},{"damage":0,"enemies":"4 Shapes","floor":42,"turns":2},{"damage":0,"enemies":"Transient","floor":45,"turns":5},{"damage":0,"enemies":"Flame Bruiser 2 Orb","floor":47,"turns":2},{"damage":0,"floor":48,"turns":1},{"damage":59,"enemies":"Time Eater","floor":50,"turns":8}],"relics_obtained":[{"floor":6.0,"key":"Vajra"},{"floor":8.0,"key":"Unceasing Top"},{"floor":9.0,"key":"Molten Egg 2"},{"floor":10.0,"key":"Regal Pillow"},{"floor":14.0,"key":"Bag of Marbles"},{"floor":20.0,"key":"Nilry\u0027s Codex"},{"floor":23.0,"key":"Toxic Egg 2"},{"floor":25.0,"key":"Red Mask"},{"floor":26.0,"key":"Bottled Flame"},{"floor":30.0,"key":"Frozen Egg 2"},{"floor":40,"key":"Art of War"},{"floor":43,"key":"Darkstone Periapt"},{"floor":48,"key":"Ginger"}],"event_choices":[{"event_name":"Accursed Blacksmith","player_choice":"Forge","floor":2.0,"damage_taken":0.0},{"event_name":"The Lab","player_choice":"Got Potions","floor":13.0,"damage_taken":0.0},{"event_name":"Cursed Tome","player_choice":"Obtained Book","floor":20.0,"damage_taken":0.0},{"event_name":"Ghosts","player_choice":"Ignored","floor":22.0,"damage_taken":0.0},{"event_name":"Masked Bandits","player_choice":"Fought over 51 gold","floor":25.0,"damage_taken":0.0},{"event_name":"Purifier","player_choice":"One Purge","floor":37,"damage_taken":0},{"event_name":"Mysterious Sphere","player_choice":"Fight","floor":48,"damage_taken":0}],"boss_relics":[{"not_picked":["Orrery","Tiny House"],"picked":"Eternal Feather"},{"not_picked":["Runic Dome","Coffee Dripper"],"picked":"Fusion Hammer"}],"items_purged_floors":[],"potions_floor_spawned":[3,4,8,14,16,18,28,29,39,42,47],"seed_played":"6704347996708622368","ascension_level":3,"potions_obtained":[{"floor":3.0,"key":"SpeedPotion"},{"floor":4.0,"key":"Ancient Potion"},{"floor":8.0,"key":"Ancient Potion"},{"floor":13.0,"key":"Swift Potion"},{"floor":13.0,"key":"Explosive Potion"},{"floor":14.0,"key":"Poison Potion"},{"floor":18.0,"key":"Fire Potion"},{"floor":28.0,"key":"Ancient Potion"},{"floor":29.0,"key":"Weak Potion"},{"floor":39,"key":"Weak Potion"},{"floor":42,"key":"LiquidBronze"},{"floor":47,"key":"SpeedPotion"}],"is_trial":false}