{"gold_per_floor":[110,110,110,12,87,87,87,87,110,144,144,157,9,27,27,104,104,114,124,143,143,143,143,162,162,192,207,207],"floor_reached":28,"playtime":1729,"items_purged":["Strike_G"],"score":356,"play_id":"a6bc2a33-95de-4dc2-9bf9-06c3dd84695f","local_time":"20180806220813","is_ascension_mode":true,"campfire_choices":[{"data":"Poisoned Stab","floor":6.0,"key":"SMITH"},{"data":"Strike_G","floor":8.0,"key":"PURGE"},{"data":"Defend_G","floor":11.0,"key":"PURGE"},{"floor":15.0,"key":"REST"},{"floor":23.0,"key":"REST"},{"data":"Writhe","floor":25.0,"key":"PURGE"}],"neow_cost":"NONE","seed_source_timestamp":0,"circlet_count":0,"master_deck":["Defend_G","Defend_G","Defend_G","Defend_G","Strike_G","Strike_G","Strike_G","Survivor+1","Neutralize","AscendersBane","Backflip+1","Poisoned Stab+1","Backstab","PiercingWail","Adrenaline","Choke","Underhanded Strike+1","Noxious Fumes"],"special_seed":0,"relics":["Ring of the Snake","Potion Belt","Ornamental Fan","Peace Pipe","Blood Vial","The Specimen","War Paint","Snecko Eye","Bird Faced Urn","Tiny Chest"],"potions_floor_usage":[27],"damage_taken":[{"damage":0.0,"enemies":"2 Louse","floor":1.0,"turns":3.0},{"damage":10.0,"enemies":"3 Sentries","floor":10.0,"turns":12.0},{"damage":0.0,"enemies":"Cultist","floor":12.0,"turns":3.0},{"damage":0.0,"enemies":"Small Slimes","floor":14.0,"turns":3.0},{"damage":26.0,"enemies":"Slime Boss","floor":16.0,"turns":14.0},{"damage":22.0,"enemies":"Spheric Guardian","floor":18.0,"turns":6.0},{"damage":13.0,"enemies":"2 Thieves","floor":19.0,"turns":5.0},{"damage":15.0,"enemies":"Cultist and Chosen","floor":20.0,"turns":7.0},{"damage":7.0,"enemies":"Snake Plant","floor":24.0,"turns":3.0},{"damage":0,"enemies":"Chosen and Byrds","floor":27,"turns":4},{"damage":40,"enemies":"Slaver and Parasite","floor":28,"turns":3}],"seed_played":"7750049100348734505","potions_obtained":[{"floor":2.0,"key":"FearPotion"},{"floor":2.0,"key":"SneckoOil"},{"floor":2.0,"key":"FearPotion"},{"floor":10.0,"key":"Dexterity Potion"},{"floor":14.0,"key":"Strength Potion"},{"floor":16.0,"key":"SteroidPotion"},{"floor":24.0,"key":"LiquidBronze"}],"is_trial":false,"path_per_floor":["M","?","?","$","?","R","T","R","T","E","R","M","$","M","R","B",null,"M","M","M","?","?","R","M","R","T","M"],"character_chosen":"THE_SILENT","items_purchased":["Poisoned Stab","War Paint"],"campfire_rested":2,"item_purchase_floors":[4,13],"current_hp_per_floor":[63,63,45,45,34,34,34,34,34,26,26,28,28,30,51,27,59,39,28,15,15,15,36,31,31,31,33,0],"gold":207,"neow_bonus":"RANDOM_COMMON_RELIC","is_prod":false,"is_daily":false,"chose_seed":false,"campfire_upgraded":1,"win_rate":0,"timestamp":1533586093,"path_taken":["M","?","?","?","?","R","?","R","T","E","R","M","?","M","R","BOSS","M","M","?","?","?","R","M","R","T","?","M"],"build_version":"2018-08-01","purchased_purges":1,"victory":false,"max_hp_per_floor":[70,70,70,70,70,70,70,70,70,70,70,70,70,70,70,70,70,70,70,70,70,70,70,70,70,70,70,70],"card_choices":[{"not_picked":["Slice","Dodge and Roll"],"picked":"Backflip","floor":1.0},{"not_picked":["Blade Dance","Expertise","Skewer"],"picked":"SKIP","floor":10.0},{"not_picked":["Choke","Terror"],"picked":"Backstab","floor":12.0},{"not_picked":["Choke","Bane"],"picked":"PiercingWail","floor":14.0},{"not_picked":["A Thousand Cuts","Malaise"],"picked":"Adrenaline","floor":16.0},{"not_picked":["Blur","Finisher"],"picked":"Choke","floor":18.0},{"not_picked":["Dagger Throw","Dodge and Roll"],"picked":"Underhanded Strike+1","floor":19.0},{"not_picked":["Dagger Throw","Blade Dance","Outmaneuver+1"],"picked":"SKIP","floor":20.0},{"not_picked":["Prepared","Dagger Throw"],"picked":"Noxious Fumes","floor":24.0},{"not_picked":["Distraction","Flechettes","Slice+1"],"picked":"SKIP","floor":27}],"player_experience":396439,"relics_obtained":[{"floor":7.0,"key":"Peace Pipe"},{"floor":9.0,"key":"Blood Vial"},{"floor":10.0,"key":"The Specimen"},{"floor":26.0,"key":"Tiny Chest"}],"event_choices":[{"event_name":"The Lab","player_choice":"Got Potions","floor":2.0,"damage_taken":0.0},{"event_name":"Scrap Ooze","player_choice":"success","floor":3.0,"damage_taken":18.0},{"event_name":"World of Goop","player_choice":"Gather Gold","floor":5.0,"damage_taken":0.0},{"event_name":"The Mausoleum","player_choice":"Yes","floor":21.0,"damage_taken":0.0},{"event_name":"Drug Dealer","player_choice":"Ignored","floor":22.0,"damage_taken":0.0}],"is_beta":true,"boss_relics":[{"not_picked":["Ring of the Serpent","Calling Bell"],"picked":"Snecko Eye"}],"items_purged_floors":[4],"is_endless":false,"potions_floor_spawned":[10,14,16,24],"killed_by":"Slaver and Parasite","ascension_level":13}