{"path_per_floor":["M","?","?","$","M","R","E","M","T","R","M","M","E","M","R","B",null,"M","?","M","?","M","R"],"character_chosen":"DEFECT","items_purchased":["Molten Egg 2","Streamline"],"gold_per_floor":[367,367,367,2,22,22,54,70,70,70,90,108,136,150,150,252,252,269,192,205,205,217,217,217],"floor_reached":24,"campfire_rested":1,"playtime":1365,"item_purchase_floors":[],"current_hp_per_floor":[69,69,69,69,65,65,60,60,60,60,60,53,51,45,69,45,82,80,80,64,48,26,26,0],"items_purged":["Strike_B"],"gold":217,"score":250,"play_id":"6cd2dc69-a7f6-43f4-972b-e8cdf1865afb","local_time":"20180615132133","is_prod":false,"is_daily":false,"chose_seed":false,"is_ascension_mode":true,"campfire_upgraded":3,"win_rate":0,"timestamp":1529061693,"campfire_choices":[{"data":"Dualcast","floor":6.0,"key":"SMITH"},{"data":"Stack","floor":10.0,"key":"SMITH"},{"floor":15,"key":"REST"},{"data":"Machine Learning","floor":23,"key":"SMITH"}],"path_taken":["M","?","?","$","M","R","E","M","T","R","M","M","E","M","R","BOSS","M","?","M","?","M","R","E"],"build_version":"2018-06-14v2","seed_source_timestamp":73723472310649,"purchased_purges":1,"victory":false,"master_deck":["Strike_B","Strike_B","Strike_B","Defend_B","Defend_B","Defend_B","Defend_B","Zap+1","Dualcast+1","Stack+1","Streamline+1","Cold Snap+1","Gash+1","Cold Snap+1","Ball Lightning+1","Gash+1","Ball Lightning+1","Machine Learning+1","Go for the Eyes+1","J.A.X.","Loop+1","Coolheaded+1"],"max_hp_per_floor":[75,75,75,75,75,75,82,82,82,82,82,82,82,82,82,82,82,82,82,82,82,82,82,82],"special_seed":0,"relics":["Cracked Core","Molten Egg 2","Strawberry","Darkstone Periapt","Boot","Cursed Key","Enchiridion"],"card_choices":[{"not_picked":["Redo","Compile Driver"],"picked":"Stack","floor":1.0},{"not_picked":["Redo","Chaos"],"picked":"Cold Snap+1","floor":5.0},{"not_picked":["Force Field","Buffer"],"picked":"Gash+1","floor":7.0},{"not_picked":["Go for the Eyes+1","Turbo"],"picked":"Cold Snap+1","floor":8.0},{"not_picked":["Glacier","Heatsinks"],"picked":"Ball Lightning+1","floor":11.0},{"not_picked":["Hologram","Compile Driver+1","Chaos"],"picked":"SKIP","floor":12.0},{"not_picked":["Beam Cell+1","Reboot"],"picked":"Gash+1","floor":13.0},{"not_picked":["Compile Driver+1","Coolheaded"],"picked":"Ball Lightning+1","floor":14},{"not_picked":["Buffer","Thunder Strike+1"],"picked":"Machine Learning","floor":16},{"not_picked":["Sweeping Beam+1","Static Discharge"],"picked":"Go for the Eyes+1","floor":18},{"not_picked":["Lockon+1","Ball Lightning+1"],"picked":"Loop+1","floor":20},{"not_picked":["Scrape+1","Stack"],"picked":"Coolheaded+1","floor":22}],"player_experience":118200,"potions_floor_usage":[16,16,16,24],"damage_taken":[{"damage":6.0,"enemies":"Cultist","floor":1.0,"turns":4.0},{"damage":4.0,"enemies":"2 Louse","floor":5.0,"turns":2.0},{"damage":12.0,"enemies":"Lagavulin","floor":7.0,"turns":6.0},{"damage":0.0,"enemies":"Jaw Worm","floor":8.0,"turns":2.0},{"damage":0.0,"enemies":"Gremlin Gang","floor":11.0,"turns":3.0},{"damage":7.0,"enemies":"2 Fungi Beasts","floor":12.0,"turns":2.0},{"damage":2.0,"enemies":"3 Sentries","floor":13.0,"turns":4.0},{"damage":6,"enemies":"3 Louse","floor":14,"turns":2},{"damage":24,"enemies":"Hexaghost","floor":16,"turns":6},{"damage":2,"enemies":"Shell Parasite","floor":18,"turns":4},{"damage":16,"enemies":"2 Thieves","floor":20,"turns":3},{"damage":22,"enemies":"Snake Plant","floor":22,"turns":3},{"damage":30,"enemies":"Slavers","floor":24,"turns":2}],"relics_obtained":[{"floor":7.0,"key":"Strawberry"},{"floor":9.0,"key":"Darkstone Periapt"},{"floor":13.0,"key":"Boot"},{"floor":21,"key":"Enchiridion"}],"event_choices":[{"event_name":"Living Wall","player_choice":"Forget","floor":2.0,"damage_taken":0.0},{"event_name":"Accursed Blacksmith","player_choice":"Forge","floor":3.0,"damage_taken":0.0},{"event_name":"Drug Dealer","player_choice":"Got JAXXED","floor":19,"damage_taken":0},{"event_name":"Cursed Tome","player_choice":"Obtained Book","floor":21,"damage_taken":0}],"boss_relics":[{"not_picked":["Orrery","Philosopher\u0027s Stone"],"picked":"Cursed Key"}],"items_purged_floors":[],"is_endless":false,"potions_floor_spawned":[1,11,12,14,22],"seed_played":"-2123802922433356437","killed_by":"Slavers","ascension_level":4,"potions_obtained":[{"floor":1.0,"key":"Poison Potion"},{"floor":11.0,"key":"SkillPotion"},{"floor":12.0,"key":"AttackPotion"},{"floor":14,"key":"AttackPotion"},{"floor":22,"key":"SkillPotion"}],"is_trial":false}