{"gold_per_floor":[119,132,147,164,164,190,203,203,226,0,0],"floor_reached":11,"playtime":296,"items_purged":[],"score":143,"play_id":"bd6091a2-6905-4164-b27e-78a8aab8b87b","local_time":"20190128220457","is_ascension_mode":true,"campfire_choices":[],"neow_cost":"NONE","seed_source_timestamp":380700541415893,"circlet_count":0,"master_deck":["AscendersBane","Strike_B","Strike_B","Strike_B","Defend_B","Defend_B","Defend_B","Defend_B","Zap","Dualcast","Melter","Chill","Sweeping Beam","Sweeping Beam","Conserve Battery","Hologram","Echo Form"],"relics":["Cracked Core","NeowsBlessing","Potion Belt","PreservedInsect","Medical Kit"],"potions_floor_usage":[6,11],"damage_taken":[{"damage":0,"enemies":"2 Louse","floor":1,"turns":1},{"damage":0,"enemies":"Small Slimes","floor":2,"turns":1},{"damage":0,"enemies":"Cultist","floor":3,"turns":1},{"damage":0,"enemies":"Large Slime","floor":4,"turns":4},{"damage":28,"enemies":"Lagavulin","floor":6,"turns":6},{"damage":0,"enemies":"Lots of Slimes","floor":7,"turns":3},{"damage":48,"enemies":"Gremlin Gang","floor":11,"turns":3}],"seed_played":"-6419265796317921129","potions_obtained":[{"floor":4,"key":"Weak Potion"},{"floor":7,"key":"SkillPotion"}],"is_trial":false,"path_per_floor":["M","M","M","M","?","E","M","?","T","$","M"],"character_chosen":"DEFECT","items_purchased":["Medical Kit"],"campfire_rested":0,"item_purchase_floors":[10],"current_hp_per_floor":[64,64,64,64,64,36,36,36,36,36,0],"gold":0,"neow_bonus":"THREE_ENEMY_KILL","is_prod":false,"is_daily":false,"chose_seed":false,"campfire_upgraded":0,"win_rate":0,"timestamp":1548731097,"path_taken":["M","M","M","M","?","E","M","?","T","$","?"],"build_version":"2019-01-23","purchased_purges":0,"victory":false,"max_hp_per_floor":[71,71,71,71,71,71,71,71,71,71,71],"card_choices":[{"not_picked":["Streamline","Turbo"],"picked":"Melter","floor":1},{"not_picked":["Recycle","Steam"],"picked":"Chill","floor":2},{"not_picked":["Cold Snap","Gash"],"picked":"Sweeping Beam","floor":3},{"not_picked":["Redo","Turbo"],"picked":"Sweeping Beam","floor":4},{"not_picked":["White Noise","Double Energy"],"picked":"Conserve Battery","floor":6},{"not_picked":["Darkness","Cold Snap"],"picked":"Hologram","floor":7}],"player_experience":2205112,"relics_obtained":[{"floor":6,"key":"Potion Belt"},{"floor":9,"key":"PreservedInsect"}],"event_choices":[{"damage_healed":0,"gold_gain":0,"player_choice":"Ignored","damage_taken":0,"max_hp_gain":0,"max_hp_loss":0,"event_name":"Shining Light","floor":5,"gold_loss":0},{"damage_healed":0,"gold_gain":0,"cards_transformed":["Strike_B"],"player_choice":"Transformed","damage_taken":0,"max_hp_gain":0,"max_hp_loss":0,"event_name":"Transmorgrifier","floor":8,"gold_loss":0,"cards_obtained":["Echo Form"]}],"is_beta":false,"boss_relics":[],"items_purged_floors":[],"is_endless":false,"potions_floor_spawned":[4,7],"killed_by":"Gremlin Gang","ascension_level":18}