{"gold_per_floor":[117,392,409,429,33,64,84,118,171,171,189,200,216,251,251,350,350,366,366,32,32,36,63,63,97,97,97,97,115,150,163,163,266,266,278,297,313,313,8,37,137,172,197,197,216,216,242,0,0,0,0,0,0,27,27],"floor_reached":55,"playtime":5432,"items_purged":["Regret"],"score":1004,"play_id":"259d71c4-c64b-440f-a356-f25badc77781","local_time":"20190202171737","is_ascension_mode":true,"campfire_choices":[{"data":"Apotheosis","floor":10.0,"key":"SMITH"},{"data":"Dualcast","floor":15.0,"key":"SMITH"},{"floor":24.0,"key":"RECALL"},{"data":"Zap","floor":27.0,"key":"SMITH"},{"data":"Biased Cognition","floor":32.0,"key":"SMITH"},{"floor":46,"key":"DIG"},{"floor":49,"key":"DIG"},{"floor":52,"key":"DIG"}],"neow_cost":"NONE","seed_source_timestamp":0,"circlet_count":0,"master_deck":["Strike_B","Defend_B","Defend_B","Defend_B","Defend_B","Zap+1","Dualcast+1","Coolheaded","Conserve Battery","Apotheosis+1","Cold Snap","Self Repair","Leap","Redo+1","Auto Shields+1","All For One","Hologram+1","Self Repair","Self Repair","Heatsinks","Echo Form","Glacier+1","Hologram+1","Creative AI","Chaos+1","Cold Snap+1","Biased Cognition+1","Echo Form","Go for the Eyes","Buffer","Leap+1","Hologram+1","Double Energy+1","Defragment"],"special_seed":0,"relics":["Cracked Core","NeowsBlessing","Toxic Egg 2","Symbiotic Virus","Oddly Smooth Stone","Omamori","Black Star","Unceasing Top","Pear","MutagenicStrength","Mummified Hand","Bottled Tornado","Bag of Marbles","Pen Nib","DataDisk","Thread and Needle","Mercury Hourglass","Empty Cage","Torii","Nunchaku","Turnip","Shovel","Regal Pillow","Blood Vial","Bronze Scales","Smiling Mask","Sundial","Red Mask","Bottled Flame","Letter Opener","Bottled Lightning","Vajra"],"potions_floor_usage":[50,55,55],"damage_taken":[{"damage":0.0,"enemies":"Cultist","floor":1.0,"turns":1.0},{"damage":0.0,"enemies":"2 Louse","floor":3.0,"turns":1.0},{"damage":0.0,"enemies":"Small Slimes","floor":4.0,"turns":1.0},{"damage":10.0,"enemies":"3 Sentries","floor":6.0,"turns":8.0},{"damage":0.0,"enemies":"3 Louse","floor":7.0,"turns":4.0},{"damage":34.0,"enemies":"Lagavulin","floor":8.0,"turns":7.0},{"damage":0.0,"enemies":"Large Slime","floor":11.0,"turns":4.0},{"damage":12.0,"enemies":"Red Slaver","floor":12.0,"turns":4.0},{"damage":3.0,"enemies":"Exordium Wildlife","floor":13.0,"turns":3.0},{"damage":7.0,"enemies":"3 Sentries","floor":14.0,"turns":7.0},{"damage":17.0,"enemies":"Slime Boss","floor":16.0,"turns":13.0},{"damage":20.0,"enemies":"3 Byrds","floor":18.0,"turns":4.0},{"damage":22.0,"enemies":"2 Thieves","floor":22.0,"turns":5.0},{"damage":13.0,"enemies":"Book of Stabbing","floor":23.0,"turns":6.0},{"damage":39.0,"enemies":"Slavers","floor":25.0,"turns":4.0},{"damage":5.0,"enemies":"Centurion and Healer","floor":29.0,"turns":6.0},{"damage":15.0,"enemies":"Book of Stabbing","floor":30.0,"turns":4.0},{"damage":11.0,"enemies":"Snake Plant","floor":31.0,"turns":3.0},{"damage":0.0,"enemies":"Champ","floor":33.0,"turns":8.0},{"damage":2.0,"enemies":"3 Shapes","floor":35.0,"turns":5.0},{"damage":19.0,"enemies":"3 Darklings","floor":36.0,"turns":5.0},{"damage":0.0,"enemies":"Jaw Worm Horde","floor":37.0,"turns":4.0},{"damage":9,"enemies":"Giant Head","floor":40,"turns":9},{"damage":1,"enemies":"Mind Bloom Boss Battle","floor":41,"turns":7},{"damage":7,"enemies":"Nemesis","floor":42,"turns":7},{"damage":8,"enemies":"4 Shapes","floor":45,"turns":5},{"damage":0,"enemies":"Reptomancer","floor":47,"turns":5},{"damage":1,"enemies":"Donu and Deca","floor":50,"turns":10},{"damage":8,"enemies":"Shield and Spear","floor":54,"turns":7},{"damage":85,"enemies":"The Heart","floor":55,"turns":5}],"seed_played":"6765709378878758514","potions_obtained":[{"floor":4.0,"key":"Ancient Potion"},{"floor":8.0,"key":"Fire Potion"},{"floor":13.0,"key":"Fire Potion"},{"floor":16.0,"key":"Block Potion"},{"floor":18.0,"key":"Ancient Potion"},{"floor":25.0,"key":"Ancient Potion"},{"floor":30.0,"key":"Dexterity Potion"},{"floor":33.0,"key":"Explosive Potion"},{"floor":40,"key":"FearPotion"},{"floor":41,"key":"GamblersBrew"}],"is_trial":false,"path_per_floor":["M","?","M","M","$","E","M","E","T","R","M","M","M","E","R","B",null,"M","T","$","?","M","E","R","E","T","R","?","M","E","M","R","B",null,"M","M","M","?","$","E","?","E","T","?","M","R","E","?","R","B",null,"R","$","E","B"],"character_chosen":"DEFECT","items_purchased":["Apotheosis","Cold Snap","Self Repair","Leap","Glacier+1","Pear","Torii"],"campfire_rested":0,"item_purchase_floors":[5,5,5,5,20,20,39],"current_hp_per_floor":[75,75,75,75,75,72,75,51,51,51,58,53,60,73,73,75,75,65,65,75,75,67,68,68,79,79,79,79,85,85,74,74,85,85,85,85,85,85,85,85,85,85,85,81,81,81,81,81,81,81,81,81,81,81,0],"gold":27,"neow_bonus":"THREE_ENEMY_KILL","is_prod":false,"is_daily":false,"chose_seed":false,"campfire_upgraded":4,"win_rate":0,"timestamp":1549156657,"path_taken":["M","?","M","?","$","E","M","E","T","R","M","M","M","E","R","BOSS","M","?","$","?","M","E","R","E","T","R","?","M","E","M","R","BOSS","M","M","M","?","$","E","?","E","T","?","M","R","E","?","R","BOSS","R","$","E","BOSS"],"build_version":"2019-01-23","purchased_purges":1,"victory":false,"max_hp_per_floor":[75,75,75,75,75,75,75,75,75,75,75,75,75,75,75,75,75,75,75,85,85,85,85,85,85,85,85,85,85,85,85,85,85,85,85,85,85,85,85,85,85,85,85,81,81,81,81,81,81,81,81,81,81,81,81],"card_choices":[{"not_picked":["Undo","Sweeping Beam"],"picked":"Coolheaded","floor":1.0},{"not_picked":["Steam","Sweeping Beam","Streamline"],"picked":"SKIP","floor":3.0},{"not_picked":["Loop","Leap"],"picked":"Conserve Battery","floor":4.0},{"not_picked":["Melter","Sweeping Beam"],"picked":"Redo","floor":6.0},{"not_picked":["Ball Lightning","Rip and Tear"],"picked":"Auto Shields+1","floor":7.0},{"not_picked":["Stack+1","Sweeping Beam"],"picked":"All For One","floor":8.0},{"not_picked":["Sweeping Beam","Compile Driver"],"picked":"Hologram+1","floor":11.0},{"not_picked":["Conserve Battery+1","Barrage"],"picked":"Self Repair","floor":12.0},{"not_picked":["Beam Cell","Stack+1"],"picked":"Self Repair","floor":13.0},{"not_picked":["Rebound","Turbo+1"],"picked":"Heatsinks","floor":14.0},{"not_picked":["Rainbow+1","Creative AI"],"picked":"Echo Form","floor":16.0},{"not_picked":["Gash","Compile Driver"],"picked":"Reprogram+1","floor":18.0},{"not_picked":["Lockon","Streamline"],"picked":"Hologram+1","floor":22.0},{"not_picked":["Ball Lightning","Barrage"],"picked":"Creative AI","floor":23.0},{"not_picked":["Melter+1","Stack+1"],"picked":"Chaos+1","floor":25.0},{"not_picked":["Reprogram+1","Ball Lightning"],"picked":"Cold Snap+1","floor":29.0},{"not_picked":["Tempest+1","Recycle+1"],"picked":"Biased Cognition","floor":30.0},{"not_picked":["Rip and Tear","Static Discharge+1","Gash"],"picked":"SKIP","floor":31.0},{"not_picked":["Machine Learning","Multi-Cast+1"],"picked":"Echo Form","floor":33.0},{"not_picked":["Tempest+1","Gash+1","Sunder"],"picked":"SKIP","floor":35.0},{"not_picked":["Sweeping Beam","Turbo+1"],"picked":"Go for the Eyes","floor":36.0},{"not_picked":["Reprogram+1","Tempest+1"],"picked":"Buffer","floor":37.0},{"not_picked":["Barrage+1","Rebound+1","Darkness+1"],"picked":"SKIP","floor":40},{"not_picked":["Ball Lightning","Compile Driver+1"],"picked":"Leap+1","floor":41},{"not_picked":["Recycle+1","Ball Lightning"],"picked":"Hologram+1","floor":42},{"not_picked":["Aggregate+1","Steam Power+1"],"picked":"Double Energy+1","floor":45},{"not_picked":["Hyperbeam","Hologram+1","Streamline"],"picked":"SKIP","floor":47},{"not_picked":["Double Energy+1","Chaos+1"],"picked":"Defragment","floor":54}],"player_experience":240346,"relics_obtained":[{"floor":6.0,"key":"Toxic Egg 2"},{"floor":8.0,"key":"Symbiotic Virus"},{"floor":9.0,"key":"Oddly Smooth Stone"},{"floor":14.0,"key":"Omamori"},{"floor":19.0,"key":"Unceasing Top"},{"floor":23.0,"key":"Mummified Hand"},{"floor":23.0,"key":"Bottled Tornado"},{"floor":25.0,"key":"Bag of Marbles"},{"floor":25.0,"key":"Pen Nib"},{"floor":26.0,"key":"DataDisk"},{"floor":30.0,"key":"Thread and Needle"},{"floor":30.0,"key":"Mercury Hourglass"},{"floor":40,"key":"Nunchaku"},{"floor":40,"key":"Turnip"},{"floor":41,"key":"Shovel"},{"floor":42,"key":"Regal Pillow"},{"floor":42,"key":"Blood Vial"},{"floor":46,"key":"Bronze Scales"},{"floor":47,"key":"Smiling Mask"},{"floor":47,"key":"Sundial"},{"floor":49,"key":"Bottled Flame"},{"floor":52,"key":"Letter Opener"},{"floor":54,"key":"Bottled Lightning"},{"floor":54,"key":"Vajra"}],"event_choices":[{"damage_healed":0.0,"max_hp_gain":0.0,"max_hp_loss":0.0,"gold_gain":275.0,"event_name":"Golden Shrine","player_choice":"Desecrate","floor":2.0,"gold_loss":0.0,"damage_taken":0.0,"cards_obtained":["Regret"]},{"damage_healed":0.0,"max_hp_gain":0.0,"max_hp_loss":0.0,"gold_gain":0.0,"event_name":"Drug Dealer","player_choice":"Inject Mutagens","floor":21.0,"gold_loss":0.0,"damage_taken":0.0,"relics_obtained":["MutagenicStrength"]},{"cards_removed":["Strike_B"],"damage_healed":0.0,"max_hp_gain":0.0,"max_hp_loss":0.0,"gold_gain":0.0,"event_name":"Back to Basics","player_choice":"Elegance","floor":28.0,"gold_loss":0.0,"damage_taken":0.0},{"cards_removed":["Reprogram"],"damage_healed":0.0,"max_hp_gain":0.0,"max_hp_loss":0.0,"gold_gain":0.0,"event_name":"Falling","player_choice":"Removed Skill","floor":38.0,"gold_loss":0.0,"damage_taken":0.0},{"damage_healed":0,"gold_gain":0,"player_choice":"Fight","damage_taken":0,"max_hp_gain":0,"max_hp_loss":0,"event_name":"MindBloom","floor":41,"gold_loss":0},{"damage_healed":0,"gold_gain":0,"player_choice":"Max HP","damage_taken":0,"max_hp_gain":0,"max_hp_loss":4,"event_name":"Winding Halls","floor":44,"gold_loss":0},{"damage_healed":0,"gold_gain":0,"player_choice":"Paid","damage_taken":0,"relics_obtained":["Red Mask"],"max_hp_gain":0,"max_hp_loss":0,"event_name":"Tomb of Lord Red Mask","floor":48,"gold_loss":242}],"is_beta":false,"boss_relics":[{"not_picked":["Busted Crown","Astrolabe"],"picked":"Black Star"},{"not_picked":["White Beast Statue","Philosopher\u0027s Stone"],"picked":"Empty Cage"}],"items_purged_floors":[5],"is_endless":false,"potions_floor_spawned":[4,8,13,16,18,25,30,33,40,41],"killed_by":"The Heart","ascension_level":1}