{"gold_per_floor":[110,110,110,126,13,13,46,66,66,96,96,108,183,193,193,290,290,306,317,61,75,75,75,75,93,93,93,113,130,150,168,168,271,271,283,300,318,65,65,96,96,106,131,131,131,131,161,161],"floor_reached":48,"playtime":3554,"items_purged":["Strike_G","Strike_G","Defend_G"],"score":544,"play_id":"dbc2bab9-898c-4e62-a2c9-977905db4f82","local_time":"20181210171412","is_ascension_mode":false,"campfire_choices":[{"data":"Deadly Poison","floor":6,"key":"SMITH"},{"data":"Catalyst","floor":11,"key":"SMITH"},{"floor":15,"key":"REST"},{"data":"Neutralize","floor":23,"key":"SMITH"},{"data":"Noxious Fumes","floor":27,"key":"SMITH"},{"floor":32,"key":"REST"},{"floor":41,"key":"RECALL"},{"data":"Night Terror","floor":46,"key":"SMITH"}],"neow_cost":"NONE","seed_source_timestamp":446431810788959,"circlet_count":0,"master_deck":["Defend_G","Defend_G","Defend_G+1","Strike_G+1","Survivor","Neutralize+1","Caltrops","Deadly Poison+1","Caltrops","Catalyst+1","Noxious Fumes+1","Blur","Reflex+1","Doppelganger+1","Escape Plan+1","Blur+1","Well Laid Plans","Dark Shackles","Escape Plan","PiercingWail","Blur","Night Terror+1","Bane+1","Dodge and Roll","Prepared+1"],"relics":["Ring of the Snake","Anchor","PreservedInsect","Shuriken","Astrolabe","Dream Catcher","Paper Crane","Black Star","Membership Card","Smiling Mask","Happy Flower","Strawberry","Art of War","Gambling Chip"],"potions_floor_usage":[7,14,33,35,36,37,47,47],"damage_taken":[{"damage":0,"enemies":"Small Slimes","floor":1,"turns":4},{"damage":0,"enemies":"Jaw Worm","floor":4,"turns":5},{"damage":8,"enemies":"Lagavulin","floor":7,"turns":4},{"damage":0,"enemies":"2 Louse","floor":8,"turns":2},{"damage":2,"enemies":"2 Fungi Beasts","floor":12,"turns":4},{"damage":0,"enemies":"Looter","floor":14,"turns":3},{"damage":35,"enemies":"Slime Boss","floor":16,"turns":12},{"damage":0,"enemies":"Shell Parasite","floor":18,"turns":3},{"damage":0,"enemies":"Spheric Guardian","floor":19,"turns":5},{"damage":0,"enemies":"Snake Plant","floor":21,"turns":4},{"damage":13,"enemies":"Chosen and Byrds","floor":25,"turns":5},{"damage":0,"enemies":"Centurion and Healer","floor":28,"turns":7},{"damage":0,"enemies":"Snake Plant","floor":29,"turns":4},{"damage":0,"enemies":"Cultist and Chosen","floor":30,"turns":6},{"damage":0,"enemies":"3 Cultists","floor":31,"turns":5},{"damage":10,"enemies":"Collector","floor":33,"turns":8},{"damage":11,"enemies":"3 Darklings","floor":35,"turns":14},{"damage":9,"enemies":"3 Shapes","floor":36,"turns":5},{"damage":3,"enemies":"Maw","floor":37,"turns":8},{"damage":0,"enemies":"Giant Head","floor":40,"turns":4},{"damage":4,"enemies":"3 Darklings","floor":42,"turns":7},{"damage":41,"enemies":"Reptomancer","floor":47,"turns":9},{"damage":26,"enemies":"Sphere and 2 Shapes","floor":48,"turns":3}],"seed_played":"-1367277811925679335","potions_obtained":[{"floor":1,"key":"Poison Potion"},{"floor":7,"key":"Poison Potion"},{"floor":16,"key":"FearPotion"},{"floor":25,"key":"Regen Potion"},{"floor":28,"key":"SkillPotion"},{"floor":31,"key":"PowerPotion"},{"floor":33,"key":"Swift Potion"},{"floor":35,"key":"FearPotion"},{"floor":42,"key":"Fire Potion"}],"is_trial":false,"path_per_floor":["M","?","?","M","$","R","E","M","T","?","R","M","?","M","R","B",null,"M","M","$","M","?","R","T","M","T","R","M","M","M","M","R","B",null,"M","M","M","$","$","E","R","M","T","?","?","R","E","M"],"character_chosen":"THE_SILENT","items_purchased":["Caltrops","Well Laid Plans","Dark Shackles","Membership Card"],"campfire_rested":2,"item_purchase_floors":[5,20,20,38],"current_hp_per_floor":[70,58,44,44,44,44,36,36,36,36,36,34,23,23,44,9,70,70,70,70,70,70,70,70,57,57,57,57,57,57,57,70,60,70,70,61,58,58,58,58,58,54,61,61,61,61,20,0],"gold":161,"neow_bonus":"RANDOM_COMMON_RELIC","is_prod":false,"is_daily":false,"chose_seed":false,"campfire_upgraded":5,"win_rate":0,"timestamp":1544483652,"path_taken":["M","?","?","M","$","R","E","M","T","?","R","M","?","M","R","BOSS","M","M","$","M","?","R","?","M","T","R","M","?","M","M","R","BOSS","M","?","M","?","$","E","R","M","T","?","?","R","E","M"],"build_version":"2018-12-06","purchased_purges":3,"victory":false,"max_hp_per_floor":[70,70,70,70,70,70,70,70,70,70,70,70,70,70,70,70,70,70,70,70,70,70,70,70,70,70,70,70,70,70,70,70,70,70,70,70,70,70,70,70,70,70,77,73,73,73,73,73],"card_choices":[{"not_picked":["Poisoned Stab","Deflect"],"picked":"Caltrops","floor":1},{"not_picked":["Blade Dance","Setup"],"picked":"Deadly Poison","floor":4},{"not_picked":["Dagger Spray","Blade Dance"],"picked":"Catalyst","floor":7},{"not_picked":["Grand Finale","Setup","Underhanded Strike"],"picked":"SKIP","floor":8},{"not_picked":["Prepared","Bane"],"picked":"Noxious Fumes","floor":12},{"not_picked":["Dodge and Roll","Dagger Throw"],"picked":"Blur","floor":14},{"not_picked":["Bane+1","Acrobatics"],"picked":"Blur+1","floor":18},{"not_picked":["Quick Slash","Eviscerate","Deadly Poison"],"picked":"SKIP","floor":19},{"not_picked":["Prepared","Flying Knee","Terror"],"picked":"SKIP","floor":21},{"not_picked":["Cloak And Dagger","Prepared+1"],"picked":"Escape Plan","floor":25},{"not_picked":["Concentrate","Heel Hook+1","Outmaneuver"],"picked":"SKIP","floor":28},{"not_picked":["Poisoned Stab","Flechettes","Eviscerate+1"],"picked":"SKIP","floor":29},{"not_picked":["Cloak And Dagger","Acrobatics+1"],"picked":"PiercingWail","floor":30},{"not_picked":["Tactician","Dagger Spray"],"picked":"Blur","floor":31},{"not_picked":["Doppelganger","Storm of Steel"],"picked":"Night Terror","floor":33},{"not_picked":["Underhanded Strike+1","Dagger Spray"],"picked":"Bane+1","floor":35},{"not_picked":["Underhanded Strike+1","Heel Hook","Cloak And Dagger+1"],"picked":"SKIP","floor":36},{"not_picked":["Accuracy+1","Bane+1","Flying Knee+1"],"picked":"SKIP","floor":37},{"not_picked":["Poisoned Stab+1","Bullet Time"],"picked":"Dodge and Roll","floor":40},{"not_picked":["Deflect","Endless Agony"],"picked":"Prepared+1","floor":42},{"not_picked":["Riddle With Holes+1","Masterful Stab+1","Phantasmal Killer"],"picked":"SKIP","floor":47}],"player_experience":771892,"relics_obtained":[{"floor":7,"key":"Shuriken"},{"floor":24,"key":"Dream Catcher"},{"floor":26,"key":"Paper Crane"},{"floor":40,"key":"Smiling Mask"},{"floor":40,"key":"Happy Flower"},{"floor":43,"key":"Strawberry"},{"floor":47,"key":"Art of War"},{"floor":47,"key":"Gambling Chip"}],"event_choices":[{"damage_healed":0,"gold_gain":0,"player_choice":"Success","damage_taken":12,"relics_obtained":["PreservedInsect"],"max_hp_gain":0,"max_hp_loss":0,"event_name":"Scrap Ooze","floor":2,"gold_loss":0},{"damage_healed":0,"gold_gain":0,"player_choice":"Entered Light","damage_taken":14,"max_hp_gain":0,"max_hp_loss":0,"event_name":"Shining Light","floor":3,"gold_loss":0,"cards_upgraded":["Strike_G","Defend_G"]},{"damage_healed":0,"gold_gain":30,"player_choice":"Searched \u00271\u0027 times","damage_taken":0,"max_hp_gain":0,"max_hp_loss":0,"event_name":"Dead Adventurer","floor":10,"gold_loss":0},{"damage_healed":0,"gold_gain":75,"player_choice":"Gather Gold","damage_taken":11,"max_hp_gain":0,"max_hp_loss":0,"event_name":"World of Goop","floor":13,"gold_loss":0},{"damage_healed":0,"gold_gain":0,"player_choice":"Ignored","damage_taken":0,"max_hp_gain":0,"max_hp_loss":0,"event_name":"Ghosts","floor":22,"gold_loss":0},{"damage_healed":0,"gold_gain":0,"player_choice":"Max HP","damage_taken":0,"max_hp_gain":0,"max_hp_loss":4,"event_name":"Winding Halls","floor":44,"gold_loss":0},{"damage_healed":0,"gold_gain":0,"player_choice":"Ignored","damage_taken":0,"max_hp_gain":0,"max_hp_loss":0,"event_name":"Mysterious Sphere","floor":45,"gold_loss":0}],"is_beta":true,"boss_relics":[{"not_picked":["White Beast Statue","Calling Bell"],"picked":"Astrolabe"},{"not_picked":["HoveringKite","Pandora\u0027s Box"],"picked":"Black Star"}],"items_purged_floors":[5,20,38],"is_endless":false,"potions_floor_spawned":[1,7,16,25,28,30,31,33,35,42],"killed_by":"Sphere and 2 Shapes","ascension_level":0}