{"gold_per_floor":[114,39,39,49,49,49,76,76,124,144,155,166,40,40,40,144,144,161,178,193,210,16,16],"floor_reached":23,"playtime":981,"items_purged":["Strike_B","Regret"],"score":251,"play_id":"62a03ed1-9172-4ec6-91b3-b081a9b5436b","local_time":"20190212205118","is_ascension_mode":true,"campfire_choices":[{"data":"White Noise","floor":6,"key":"SMITH"},{"data":"Reprogram","floor":8,"key":"SMITH"},{"data":"Go for the Eyes","floor":15,"key":"SMITH"}],"neow_cost":"NONE","seed_source_timestamp":27634476132863,"circlet_count":0,"master_deck":["Strike_B","Strike_B","Defend_B","Defend_B","Defend_B+1","Defend_B+1","Zap","Dualcast","White Noise+1","Core Surge","Reprogram+1","FTL+1","Coolheaded","Defragment+1","Go for the Eyes+1","Machine Learning","Compile Driver+1","Apotheosis"],"relics":["Cracked Core","NeowsBlessing","Blood Vial","Oddly Smooth Stone","War Paint","Inserter"],"potions_floor_usage":[21,23,23],"damage_taken":[{"damage":0,"enemies":"2 Louse","floor":1,"turns":1},{"damage":0,"enemies":"Cultist","floor":4,"turns":1},{"damage":0,"enemies":"3 Sentries","floor":7,"turns":1},{"damage":12,"enemies":"Jaw Worm","floor":10,"turns":4},{"damage":11,"enemies":"Looter","floor":11,"turns":2},{"damage":4,"enemies":"Large Slime","floor":12,"turns":4},{"damage":6,"enemies":"The Guardian","floor":16,"turns":12},{"damage":0,"enemies":"Spheric Guardian","floor":18,"turns":4},{"damage":0,"enemies":"Shell Parasite","floor":19,"turns":8},{"damage":23,"enemies":"Shelled Parasite and Fungi","floor":20,"turns":9},{"damage":16,"enemies":"Snake Plant","floor":21,"turns":4},{"damage":51,"enemies":"Slavers","floor":23,"turns":2}],"seed_played":"9051777706286827617","potions_obtained":[{"floor":4,"key":"Energy Potion"},{"floor":7,"key":"Fire Potion"},{"floor":11,"key":"SpeedPotion"},{"floor":12,"key":"Dexterity Potion"},{"floor":21,"key":"Strength Potion"}],"is_trial":false,"path_per_floor":["M","$","?","M","?","R","E","R","T","M","M","M","$","?","R","B",null,"M","M","M","M","$","E"],"character_chosen":"DEFECT","items_purchased":["Go for the Eyes","Apotheosis"],"campfire_rested":0,"item_purchase_floors":[13,22],"current_hp_per_floor":[75,75,75,75,75,75,75,75,75,63,54,52,52,37,37,33,75,75,75,52,38,38,0],"gold":16,"neow_bonus":"THREE_ENEMY_KILL","is_prod":false,"is_daily":false,"chose_seed":false,"campfire_upgraded":3,"win_rate":0,"timestamp":1550001078,"path_taken":["M","$","?","?","?","R","E","R","T","M","M","M","$","?","R","BOSS","M","M","M","M","$","E"],"build_version":"2019-01-23","purchased_purges":2,"victory":false,"max_hp_per_floor":[75,75,75,75,75,75,75,75,75,75,75,75,75,75,75,75,75,75,75,75,75,75,75],"card_choices":[{"not_picked":["Rebound","Skim"],"picked":"White Noise","floor":1},{"not_picked":["Fusion","Rebound","Consume"],"picked":"SKIP","floor":4},{"not_picked":["Melter","Core Surge"],"picked":"Reprogram","floor":7},{"not_picked":["Tempest","Streamline"],"picked":"FTL","floor":10},{"not_picked":["Steam","Beam Cell"],"picked":"Coolheaded","floor":11},{"not_picked":["Stack","Turbo"],"picked":"Defragment","floor":12},{"not_picked":["All For One","Fission"],"picked":"Machine Learning","floor":16},{"not_picked":["Stack","Gash","Hello World"],"picked":"SKIP","floor":18},{"not_picked":["Chaos","Rebound","Streamline"],"picked":"SKIP","floor":19},{"not_picked":["Cold Snap","Coolheaded"],"picked":"Compile Driver+1","floor":20},{"not_picked":["Go for the Eyes","Scrape+1","Sweeping Beam"],"picked":"SKIP","floor":21}],"player_experience":74131,"relics_obtained":[{"floor":7,"key":"Oddly Smooth Stone"},{"floor":9,"key":"War Paint"}],"event_choices":[{"damage_healed":0,"gold_gain":0,"cards_transformed":["Strike_B"],"player_choice":"Transformed","damage_taken":0,"max_hp_gain":0,"max_hp_loss":0,"event_name":"Transmorgrifier","floor":3,"gold_loss":0,"cards_obtained":["Core Surge"]},{"damage_healed":0,"gold_gain":0,"player_choice":"Box","damage_taken":0,"relics_obtained":["Blood Vial"],"max_hp_gain":0,"max_hp_loss":0,"event_name":"Big Fish","floor":5,"gold_loss":0,"cards_obtained":["Regret"]},{"damage_healed":0,"gold_gain":0,"player_choice":"Entered Light","damage_taken":15,"max_hp_gain":0,"max_hp_loss":0,"event_name":"Shining Light","floor":14,"gold_loss":0,"cards_upgraded":["Defragment","FTL"]}],"is_beta":false,"boss_relics":[{"not_picked":["Nuclear Battery","Tiny House"],"picked":"Inserter"}],"items_purged_floors":[2,13],"is_endless":false,"potions_floor_spawned":[4,7,11,12,19,21],"killed_by":"Slavers","ascension_level":3}