{"gold_per_floor":[116,116,116,132,146,146,162,162,162,192,192,192],"floor_reached":12,"playtime":367,"items_purged":[],"score":78,"play_id":"960bc566-7c00-4d27-97c2-b50716eef6ff","local_time":"20190215160006","is_ascension_mode":false,"campfire_choices":[{"data":"Spot Weakness","floor":6,"key":"SMITH"},{"data":"Havoc","floor":11,"key":"SMITH"}],"neow_cost":"NONE","seed_source_timestamp":15504894472620,"circlet_count":0,"master_deck":["Strike_R","Strike_R","Strike_R","Defend_R","Defend_R","Defend_R","Defend_R","Bash","True Grit+1","Power Through","Spot Weakness+1","Havoc+1","Havoc"],"relics":["Burning Blood","FossilizedHelix","Ginger","Potion Belt"],"potions_floor_usage":[12],"damage_taken":[{"damage":3,"enemies":"Jaw Worm","floor":1,"turns":6},{"damage":0,"enemies":"2 Louse","floor":4,"turns":3},{"damage":3,"enemies":"Cultist","floor":5,"turns":5},{"damage":0,"enemies":"Large Slime","floor":7,"turns":8},{"damage":44,"enemies":"3 Sentries","floor":10,"turns":12},{"damage":77,"enemies":"Gremlin Nob","floor":12,"turns":6}],"seed_played":"-5901899695488295915","potions_obtained":[{"floor":4,"key":"Regen Potion"},{"floor":10,"key":"SkillPotion"}],"is_trial":false,"path_per_floor":["M","?","?","M","M","R","M","?","T","E","R","E"],"character_chosen":"IRONCLAD","items_purchased":[],"campfire_rested":0,"item_purchase_floors":[],"current_hp_per_floor":[80,80,80,80,80,80,80,80,80,42,42,0],"gold":192,"neow_bonus":"REMOVE_CARD","is_prod":false,"is_daily":false,"chose_seed":false,"campfire_upgraded":2,"win_rate":0,"timestamp":1550268006,"path_taken":["M","?","?","M","M","R","?","?","T","E","R","E"],"build_version":"2019-01-23","purchased_purges":0,"victory":false,"max_hp_per_floor":[80,80,80,80,80,80,80,80,80,80,80,80],"card_choices":[{"not_picked":["Body Slam","Clothesline"],"picked":"True Grit","floor":1},{"not_picked":["Armaments","Dual Wield"],"picked":"Power Through","floor":4},{"not_picked":["Havoc","Clash"],"picked":"Spot Weakness","floor":5},{"not_picked":["Seeing Red","Fire Breathing"],"picked":"Havoc","floor":7},{"not_picked":["Sever Soul","Wild Strike"],"picked":"Havoc","floor":10}],"player_experience":830716,"relics_obtained":[{"floor":9,"key":"Ginger"},{"floor":10,"key":"Potion Belt"}],"event_choices":[{"damage_healed":0,"gold_gain":0,"player_choice":"Grow","damage_taken":0,"max_hp_gain":0,"max_hp_loss":0,"event_name":"Living Wall","floor":2,"gold_loss":0,"cards_upgraded":["True Grit"]},{"cards_removed":["Strike_R"],"damage_healed":0,"gold_gain":0,"player_choice":"Purged","damage_taken":0,"max_hp_gain":0,"max_hp_loss":0,"event_name":"Purifier","floor":3,"gold_loss":0},{"damage_healed":0,"gold_gain":0,"player_choice":"Gave Potion","damage_taken":0,"relics_obtained":["FossilizedHelix"],"max_hp_gain":0,"max_hp_loss":0,"event_name":"WeMeetAgain","floor":8,"gold_loss":0}],"is_beta":false,"boss_relics":[],"items_purged_floors":[],"is_endless":false,"potions_floor_spawned":[4,10],"killed_by":"Gremlin Nob","ascension_level":0}