{"gold_per_floor":[110,32,32,44,60,86,86,100,100,133,47,47,60,73,73,171,171,183,196,209,57,57,57,68,100,175,28,53,70,70,90,90,188,238,257,271,271,18,66,92,104,133,133,160,160,193,25,43,43,43,43,43,19,50,50],"floor_reached":55,"playtime":5594,"items_purged":["Fission"],"score":966,"play_id":"bde3e03f-94f2-4c33-814f-84fb5c5c6c6f","local_time":"20190213083908","is_ascension_mode":true,"campfire_choices":[{"data":"Dualcast","floor":7.0,"key":"SMITH"},{"data":"Zap","floor":12.0,"key":"SMITH"},{"data":"BootSequence","floor":15.0,"key":"SMITH"},{"data":"FTL","floor":23.0,"key":"SMITH"},{"data":"Chill","floor":30.0,"key":"SMITH"},{"data":"Go for the Eyes","floor":32.0,"key":"SMITH"},{"data":"Coolheaded","floor":45,"key":"SMITH"},{"floor":49,"key":"RECALL"},{"data":"Thinking Ahead","floor":52,"key":"SMITH"}],"neow_cost":"NONE","seed_source_timestamp":115534068961212,"circlet_count":0,"master_deck":["Zap+1","Dualcast+1","Go for the Eyes+1","Skim","Self Repair","Ball Lightning","BootSequence+1","Hologram","Coolheaded","Electrodynamics","Compile Driver","Self Repair","Go for the Eyes","Leap","All For One","Steam Power","Rebound","Doom and Gloom","Coolheaded+1","Coolheaded+1","White Noise+1","Auto Shields","Cold Snap","Conserve Battery+1","FTL+1","Chill+1","FTL+1","Reboot","Defragment+1","Go for the Eyes+1","Loop+1","Creative AI+1","Go for the Eyes+1","Loop+1","Core Surge+1","Mayhem+1","Chrysalis","Panacea","Magnetism+1","Swift Strike+1","Beam Cell+1","Defragment+1","Capacitor+1","Conserve Battery","Echo Form+1","Conserve Battery+1","Thinking Ahead+1","Scrape+1","Coolheaded","Leap+1"],"special_seed":0,"relics":["Cracked Core","Thread and Needle","Symbiotic Virus","Matryoshka","Pandora\u0027s Box","Molten Egg 2","Ancient Tea Set","Frozen Egg 2","Anchor","Tiny House","Gambling Chip","Gremlin Horn","PreservedInsect","Art of War","Smiling Mask","Vajra","Torii"],"potions_floor_usage":[42,55,55],"damage_taken":[{"damage":0.0,"enemies":"Cultist","floor":1.0,"turns":3.0},{"damage":8.0,"enemies":"2 Louse","floor":4.0,"turns":2.0},{"damage":0.0,"enemies":"Small Slimes","floor":5.0,"turns":2.0},{"damage":24.0,"enemies":"Gremlin Nob","floor":6.0,"turns":4.0},{"damage":0.0,"enemies":"3 Louse","floor":8.0,"turns":3.0},{"damage":5.0,"enemies":"Lagavulin","floor":10.0,"turns":5.0},{"damage":0.0,"enemies":"Looter","floor":13.0,"turns":2.0},{"damage":0.0,"enemies":"Exordium Wildlife","floor":14.0,"turns":2.0},{"damage":44.0,"enemies":"Hexaghost","floor":16.0,"turns":10.0},{"damage":15.0,"enemies":"2 Thieves","floor":18.0,"turns":4.0},{"damage":3.0,"enemies":"Chosen","floor":19.0,"turns":5.0},{"damage":21.0,"enemies":"Snake Plant","floor":20.0,"turns":3.0},{"damage":5.0,"enemies":"Chosen and Byrds","floor":24.0,"turns":6.0},{"damage":11.0,"enemies":"Slavers","floor":25.0,"turns":5.0},{"damage":9.0,"enemies":"Book of Stabbing","floor":28.0,"turns":5.0},{"damage":0.0,"enemies":"Cultist and Chosen","floor":29.0,"turns":5.0},{"damage":0.0,"enemies":"3 Cultists","floor":31.0,"turns":3.0},{"damage":23.0,"enemies":"Collector","floor":33.0,"turns":9.0},{"damage":0.0,"enemies":"Orb Walker","floor":35.0,"turns":4.0},{"damage":0.0,"enemies":"3 Shapes","floor":36.0,"turns":4.0},{"damage":24.0,"enemies":"2 Orb Walkers","floor":39.0,"turns":6.0},{"damage":18.0,"enemies":"Nemesis","floor":40.0,"turns":7.0},{"damage":0,"enemies":"Spire Growth","floor":41,"turns":4},{"damage":37,"enemies":"Reptomancer","floor":42,"turns":6},{"damage":14,"enemies":"Nemesis","floor":44,"turns":9},{"damage":14,"enemies":"Reptomancer","floor":46,"turns":4},{"damage":4,"enemies":"Jaw Worm Horde","floor":48,"turns":4},{"damage":2,"enemies":"Donu and Deca","floor":50,"turns":10},{"damage":62,"enemies":"Shield and Spear","floor":54,"turns":6},{"damage":28,"enemies":"The Heart","floor":55,"turns":2}],"seed_played":"1097843598144985586","potions_obtained":[{"floor":5.0,"key":"Swift Potion"},{"floor":6.0,"key":"GamblersBrew"},{"floor":8.0,"key":"AttackPotion"},{"floor":16.0,"key":"Regen Potion"},{"floor":19.0,"key":"Weak Potion"},{"floor":28.0,"key":"Fire Potion"},{"floor":31.0,"key":"EssenceOfSteel"},{"floor":34.0,"key":"SmokeBomb"},{"floor":35.0,"key":"EssenceOfSteel"},{"floor":39.0,"key":"SteroidPotion"},{"floor":41,"key":"PowerPotion"},{"floor":46,"key":"Dexterity Potion"},{"floor":54,"key":"Ancient Potion"}],"is_trial":false,"path_per_floor":["M","$","?","M","M","E","R","M","T","E","$","R","M","M","R","B",null,"M","M","M","$","?","R","M","E","T","$","E","M","R","M","R","B",null,"M","M","?","$","?","E","M","E","T","E","R","E","$","M","R","B",null,"R","$","E","B"],"character_chosen":"DEFECT","items_purchased":["Self Repair","Compile Driver","Self Repair","FTL","FTL+1","Reboot","Magnetism+1","Swift Strike+1","Thinking Ahead","Coolheaded"],"campfire_rested":0,"item_purchase_floors":[2,11,11,21,27,27,38,38,47,53],"current_hp_per_floor":[75,75,75,74,75,58,58,65,65,67,67,67,67,74,74,44,75,67,75,54,54,54,54,63,75,75,75,75,75,75,75,75,52,80,80,80,70,70,46,49,56,33,33,33,33,26,26,22,22,34,80,80,80,25,0],"gold":50,"neow_bonus":"THREE_CARDS","is_prod":false,"is_daily":false,"chose_seed":false,"campfire_upgraded":8,"win_rate":0,"timestamp":1550075948,"path_taken":["M","$","?","M","M","E","R","M","T","E","$","R","?","M","R","BOSS","M","M","M","$","?","R","M","E","T","$","E","M","R","?","R","BOSS","M","M","?","$","?","E","M","E","T","E","R","E","$","M","R","BOSS","R","$","E","BOSS"],"build_version":"2019-01-23","purchased_purges":1,"victory":false,"max_hp_per_floor":[75,75,75,75,75,75,75,75,75,75,75,75,75,75,75,75,75,75,75,75,75,75,75,75,75,75,75,75,75,75,75,75,75,80,80,80,80,80,80,80,80,80,80,80,80,80,80,80,80,80,80,80,80,80,80],"card_choices":[{"not_picked":["Redo","Rebound"],"picked":"Go for the Eyes","floor":0.0},{"not_picked":["Go for the Eyes","Steam"],"picked":"Skim","floor":1.0},{"not_picked":["Barrage","Self Repair"],"picked":"Ball Lightning","floor":4.0},{"not_picked":["Rebound","Redo"],"picked":"BootSequence","floor":5.0},{"not_picked":["Streamline","Scrape"],"picked":"Hologram","floor":6.0},{"not_picked":["Chill","Skim"],"picked":"Coolheaded","floor":8.0},{"not_picked":["Skim","Barrage"],"picked":"Electrodynamics","floor":10.0},{"not_picked":["Reprogram","Fusion"],"picked":"Go for the Eyes","floor":13.0},{"not_picked":["Storm","Turbo"],"picked":"Leap","floor":14.0},{"not_picked":["Electrodynamics","Hyperbeam"],"picked":"All For One","floor":16.0},{"not_picked":["Compile Driver","Chaos"],"picked":"Auto Shields","floor":18.0},{"not_picked":["Ball Lightning","Go for the Eyes"],"picked":"Cold Snap","floor":19.0},{"not_picked":["Stack","Compile Driver"],"picked":"Conserve Battery+1","floor":20.0},{"not_picked":["Gash","Steam","Scrape"],"picked":"SKIP","floor":24.0},{"not_picked":["Stack","Go for the Eyes"],"picked":"Chill","floor":25.0},{"not_picked":["Coolheaded","Conserve Battery"],"picked":"Defragment+1","floor":28.0},{"not_picked":["Rainbow","Sweeping Beam+1"],"picked":"Go for the Eyes+1","floor":29.0},{"not_picked":["Rebound+1","Compile Driver+1"],"picked":"Loop+1","floor":31.0},{"not_picked":["Amplify","Multi-Cast"],"picked":"Creative AI+1","floor":33.0},{"not_picked":["Steam+1","Barrage+1"],"picked":"Go for the Eyes+1","floor":34.0},{"not_picked":["Compile Driver+1","Recycle+1"],"picked":"Loop+1","floor":35.0},{"not_picked":["Cold Snap+1","Beam Cell+1"],"picked":"Core Surge+1","floor":36.0},{"not_picked":["Discovery","Madness"],"picked":"Mayhem+1","floor":37.0},{"not_picked":["The Bomb","Madness"],"picked":"Chrysalis","floor":37.0},{"not_picked":["Blind","Purity"],"picked":"Panacea","floor":37.0},{"not_picked":["Sweeping Beam+1","Rip and Tear+1"],"picked":"Beam Cell+1","floor":39.0},{"not_picked":["Core Surge+1","Steam"],"picked":"Defragment+1","floor":40},{"not_picked":["Reprogram+1","Hologram"],"picked":"Capacitor+1","floor":41},{"not_picked":["Turbo+1","Compile Driver+1"],"picked":"Conserve Battery","floor":42},{"not_picked":["Loop+1","Beam Cell+1"],"picked":"Echo Form+1","floor":44},{"not_picked":["Lockon+1","Ball Lightning+1"],"picked":"Conserve Battery+1","floor":46},{"not_picked":["Gash+1","Sweeping Beam+1"],"picked":"Scrape+1","floor":48},{"not_picked":["Turbo","Go for the Eyes+1"],"picked":"Leap+1","floor":54}],"player_experience":342216,"relics_obtained":[{"floor":6.0,"key":"Thread and Needle"},{"floor":9.0,"key":"Symbiotic Virus"},{"floor":10.0,"key":"Matryoshka"},{"floor":25.0,"key":"Molten Egg 2"},{"floor":26.0,"key":"Ancient Tea Set"},{"floor":26.0,"key":"Frozen Egg 2"},{"floor":28.0,"key":"Anchor"},{"floor":39.0,"key":"Gambling Chip"},{"floor":40,"key":"Gremlin Horn"},{"floor":42,"key":"PreservedInsect"},{"floor":43,"key":"Art of War"},{"floor":44,"key":"Smiling Mask"},{"floor":46,"key":"Vajra"},{"floor":54,"key":"Torii"}],"event_choices":[{"cards_removed":["Strike_B"],"damage_healed":0.0,"max_hp_gain":0.0,"max_hp_loss":0.0,"gold_gain":0.0,"event_name":"Purifier","player_choice":"Purged","floor":3.0,"gold_loss":0.0,"damage_taken":0.0},{"damage_healed":0.0,"max_hp_gain":0.0,"max_hp_loss":0.0,"gold_gain":0.0,"event_name":"Upgrade Shrine","player_choice":"Upgraded","floor":22.0,"gold_loss":0.0,"damage_taken":0.0,"cards_upgraded":["White Noise"]},{"damage_healed":0.0,"max_hp_gain":0.0,"max_hp_loss":0.0,"gold_gain":0.0,"event_name":"SensoryStone","player_choice":"Memory 3","floor":37.0,"gold_loss":0.0,"damage_taken":10.0},{"damage_healed":0.0,"max_hp_gain":0.0,"max_hp_loss":0.0,"gold_gain":0.0,"event_name":"Mysterious Sphere","player_choice":"Fight","floor":39.0,"gold_loss":0.0,"damage_taken":0.0}],"is_beta":false,"boss_relics":[{"not_picked":["Sozu","Velvet Choker"],"picked":"Pandora\u0027s Box"},{"not_picked":["Coffee Dripper","Snecko Eye"],"picked":"Tiny House"}],"items_purged_floors":[21],"is_endless":false,"potions_floor_spawned":[5,6,8,16,19,28,31,35,39,41,46,54],"killed_by":"The Heart","ascension_level":2}