{"path_per_floor":["M","?","?","$","M","R","M","M","T","R","E","M","?","M","R","B",null,"M","M","?","M","$","?","M","?","T","?","M","M","M","M","R"],"character_chosen":"IRONCLAD","items_purchased":["Cleave","Feed","Combust"],"gold_per_floor":[110,110,80,54,71,71,84,101,124,124,155,165,165,180,180,284,284,302,315,240,258,72,72,84,84,111,111,126,142,161,181,181,181],"floor_reached":33,"campfire_rested":1,"playtime":1963,"item_purchase_floors":[4,22,22],"current_hp_per_floor":[88,88,88,88,88,88,84,81,88,88,63,69,69,72,72,50,95,95,84,84,82,82,66,65,65,65,45,56,67,47,36,69,0],"items_purged":[],"gold":181,"score":303,"play_id":"60bc9454-429a-4173-bf9b-4c95cbf2eef7","local_time":"20180530115810","is_prod":false,"is_daily":false,"chose_seed":false,"is_ascension_mode":false,"campfire_upgraded":3,"win_rate":0.0,"timestamp":1527699490,"campfire_choices":[{"data":"Flex","floor":6,"key":"SMITH"},{"data":"Iron Wave","floor":10,"key":"SMITH"},{"data":"Cleave","floor":15,"key":"SMITH"},{"floor":32,"key":"REST"}],"path_taken":["M","?","?","$","?","R","M","M","T","R","E","M","?","M","R","BOSS","M","?","?","M","$","?","M","?","T","?","M","?","M","?","R","BOSS"],"build_version":"2018-05-29","seed_source_timestamp":643080833188752,"purchased_purges":0,"victory":false,"master_deck":["Strike_R","Strike_R","Strike_R","Strike_R","Defend_R","Defend_R","Defend_R","Defend_R","Bash","Flex+1","Cleave+1","Flex+1","Iron Wave+1","Iron Wave","Clash","Bludgeon","Perfected Strike+1","Feed","Combust","Seeing Red+1","Clumsy","Rage","Shrug It Off+1"],"max_hp_per_floor":[88,88,88,88,88,88,88,88,95,95,95,95,95,95,95,95,95,95,95,95,95,95,95,98,98,98,103,106,106,109,112,112,112],"relics":["Burning Blood","Strawberry","Bag of Preparation","Cursed Key","Nilry\u0027s Codex","Blood Vial"],"card_choices":[{"not_picked":["Dual Wield","Shockwave"],"picked":"Flex","floor":1},{"not_picked":["Sword Boomerang","Clothesline"],"picked":"Flex","floor":5},{"not_picked":["Twin Strike","Shrug It Off"],"picked":"Iron Wave","floor":7},{"not_picked":["Combust","Heavy Blade"],"picked":"Iron Wave","floor":8},{"not_picked":["Seeing Red","True Grit","Rupture"],"picked":"SKIP","floor":11},{"not_picked":["Burning Pact","Inflame"],"picked":"Clash","floor":12},{"not_picked":["Armaments","Pommel Strike","Twin Strike"],"picked":"SKIP","floor":14},{"not_picked":["Impervious","Barricade"],"picked":"Bludgeon","floor":16},{"not_picked":["Feel No Pain","Clothesline","Iron Wave"],"picked":"SKIP","floor":18},{"not_picked":["Warcry","Wild Strike"],"picked":"Perfected Strike+1","floor":19},{"not_picked":["Anger","Flame Barrier+1","Havoc"],"picked":"SKIP","floor":21},{"not_picked":["Twin Strike","Uppercut"],"picked":"Seeing Red+1","floor":24},{"not_picked":["Bloodletting+1","True Grit"],"picked":"Rage","floor":28},{"not_picked":["Cleave","Sentinel","Battle Trance"],"picked":"SKIP","floor":29},{"not_picked":["Feel No Pain","Twin Strike+1"],"picked":"Shrug It Off+1","floor":30},{"not_picked":["Exhume","Cleave","Iron Wave"],"picked":"SKIP","floor":31}],"player_experience":163592,"potions_floor_usage":[5,8,11,16,16,19,28,28,28,28,29,30,33],"damage_taken":[{"damage":0,"enemies":"2 Louse","floor":1,"turns":2},{"damage":3,"enemies":"Jaw Worm","floor":5,"turns":3},{"damage":10,"enemies":"Small Slimes","floor":7,"turns":2},{"damage":9,"enemies":"3 Louse","floor":8,"turns":3},{"damage":31,"enemies":"Lagavulin","floor":11,"turns":6},{"damage":0,"enemies":"Lots of Slimes","floor":12,"turns":3},{"damage":3,"enemies":"Gremlin Gang","floor":14,"turns":3},{"damage":28,"enemies":"Slime Boss","floor":16,"turns":10},{"damage":0,"enemies":"Spheric Guardian","floor":18,"turns":3},{"damage":17,"enemies":"3 Byrds","floor":19,"turns":4},{"damage":8,"enemies":"Cultist and Chosen","floor":21,"turns":4},{"damage":10,"enemies":"3 Cultists","floor":24,"turns":4},{"damage":0,"enemies":"Chosen and Byrds","floor":28,"turns":3},{"damage":5,"enemies":"Snecko","floor":29,"turns":4},{"damage":31,"enemies":"Centurion and Healer","floor":30,"turns":4},{"damage":22,"enemies":"3 Cultists","floor":31,"turns":5},{"damage":88,"enemies":"Collector","floor":33,"turns":8}],"relics_obtained":[{"floor":9,"key":"Strawberry"},{"floor":11,"key":"Bag of Preparation"},{"floor":23,"key":"Nilry\u0027s Codex"},{"floor":26,"key":"Blood Vial"}],"event_choices":[{"event_name":"Living Wall","player_choice":"Grow","floor":2,"damage_taken":0},{"event_name":"The Woman in Blue","player_choice":"Bought 2 Potions","floor":3,"damage_taken":0},{"event_name":"The Lab","player_choice":"Got Potions","floor":13,"damage_taken":0},{"event_name":"Beggar","player_choice":"Gave Gold","floor":20,"damage_taken":0},{"event_name":"Cursed Tome","player_choice":"Obtained Book","floor":23,"damage_taken":0},{"event_name":"Addict","player_choice":"Ignored","floor":25,"damage_taken":0},{"event_name":"Forgotten Altar","player_choice":"Shed Blood","floor":27,"damage_taken":0}],"boss_relics":[{"not_picked":["Sozu","Philosopher\u0027s Stone"],"picked":"Cursed Key"}],"items_purged_floors":[],"potions_floor_spawned":[1,8,16,24,29,31],"seed_played":"1149361716706863044","killed_by":"Collector","ascension_level":0,"potions_obtained":[{"floor":1,"key":"Dexterity Potion"},{"floor":3,"key":"SpeedPotion"},{"floor":3,"key":"Ancient Potion"},{"floor":8,"key":"PowerPotion"},{"floor":13,"key":"EntropicBrew"},{"floor":13,"key":"LiquidBronze"},{"floor":16,"key":"PowerPotion"},{"floor":24,"key":"AttackPotion"},{"floor":29,"key":"Poison Potion"},{"floor":31,"key":"Ancient Potion"}],"is_trial":false}