{"gold_per_floor":[119,44,74,74,89,89,119,119,119,119,119,119,119,138,138,217,217,195,213,54,71,71],"floor_reached":22,"playtime":1024,"items_purged":["Strike_R","Strike_R"],"score":364,"play_id":"dee29893-2bd4-4e85-8b4b-ac93fdcbe909","local_time":"20181016134240","is_ascension_mode":true,"campfire_choices":[{"data":"Body Slam","floor":6,"key":"SMITH"},{"floor":11,"key":"REST"},{"data":"Dual Wield","floor":13,"key":"SMITH"},{"floor":15,"key":"REST"}],"neow_cost":"NONE","seed_source_timestamp":47135683231739,"circlet_count":0,"master_deck":["Strike_R","Defend_R","Defend_R","Defend_R","Defend_R","Bash","AscendersBane","Body Slam+1","Dual Wield+1","Impervious","True Grit","True Grit","Body Slam","Iron Wave"],"relics":["Burning Blood","Tiny Chest","Gremlin Horn","Strawberry","Bag of Marbles","Ornamental Fan","Orrery"],"potions_floor_usage":[7,16,19,21,21],"damage_taken":[{"damage":5,"enemies":"Small Slimes","floor":1,"turns":4},{"damage":8,"enemies":"Cultist","floor":5,"turns":5},{"damage":50,"enemies":"3 Sentries","floor":7,"turns":17},{"damage":0,"enemies":"2 Louse","floor":14,"turns":2},{"damage":69,"enemies":"The Guardian","floor":16,"turns":15},{"damage":20,"enemies":"2 Thieves","floor":18,"turns":4},{"damage":50,"enemies":"Spheric Guardian","floor":19,"turns":9},{"damage":0,"enemies":"Snake Plant","floor":21,"turns":2},{"damage":19,"enemies":"Sentry and Sphere","floor":22,"turns":5}],"seed_played":"-641484370394584022","potions_obtained":[{"floor":1,"key":"SteroidPotion"},{"floor":14,"key":"Dexterity Potion"},{"floor":16,"key":"AttackPotion"},{"floor":18,"key":"FearPotion"}],"is_trial":false,"path_per_floor":["M","$","?","?","M","R","E","T","T","T","R","?","R","M","R","B",null,"M","M","$","M"],"character_chosen":"IRONCLAD","items_purchased":["Block Potion"],"campfire_rested":2,"item_purchase_floors":[20],"current_hp_per_floor":[69,69,69,69,67,67,23,30,30,30,54,59,59,65,87,24,71,57,13,13,19,0],"gold":71,"neow_bonus":"REMOVE_CARD","is_prod":false,"is_daily":false,"chose_seed":false,"campfire_upgraded":2,"win_rate":0,"timestamp":1539715360,"path_taken":["M","$","?","?","M","R","E","?","T","?","R","?","R","M","R","BOSS","M","?","$","M","M"],"build_version":"2018-10-15v2","purchased_purges":2,"victory":false,"max_hp_per_floor":[75,75,75,75,75,75,75,82,82,82,82,87,87,87,87,87,87,87,87,87,87,87],"card_choices":[{"not_picked":["Bloodletting","True Grit"],"picked":"Body Slam","floor":1},{"not_picked":["Anger","Cleave","Reckless Charge"],"picked":"SKIP","floor":5},{"not_picked":["Immolate","Blood for Blood"],"picked":"Dual Wield","floor":7},{"not_picked":["Thunderclap","Perfected Strike","Flex"],"picked":"SKIP","floor":14},{"not_picked":["Demon Form","Berserk"],"picked":"Impervious","floor":16},{"not_picked":["Metallicize","Flex"],"picked":"True Grit","floor":17},{"not_picked":["Intimidate","Sever Soul"],"picked":"True Grit","floor":17},{"not_picked":["Havoc","Bloodletting"],"picked":"Body Slam","floor":17},{"not_picked":["Spot Weakness","Perfected Strike"],"picked":"Iron Wave","floor":17},{"not_picked":["Wild Strike+1","Flex","Rage"],"picked":"SKIP","floor":18},{"not_picked":["Anger+1","Clothesline","Iron Wave"],"picked":"SKIP","floor":19},{"not_picked":["Corruption","Whirlwind","Twin Strike"],"picked":"SKIP","floor":21}],"player_experience":669191,"relics_obtained":[{"floor":3,"key":"Tiny Chest"},{"floor":7,"key":"Gremlin Horn"},{"floor":8,"key":"Strawberry"},{"floor":9,"key":"Bag of Marbles"},{"floor":10,"key":"Ornamental Fan"}],"event_choices":[{"event_name":"Wheel of Change","player_choice":"Relic","floor":3,"damage_taken":0},{"event_name":"Living Wall","player_choice":"Forget","floor":4,"damage_taken":0},{"event_name":"Big Fish","player_choice":"Donut","floor":12,"damage_taken":0}],"is_beta":true,"boss_relics":[{"not_picked":["White Beast Statue","Calling Bell"],"picked":"Orrery"}],"items_purged_floors":[2,20],"is_endless":false,"potions_floor_spawned":[1,14,16,18],"killed_by":"Sentry and Sphere","ascension_level":20}