{"path_per_floor":["M","?","M","?","?","E","R","M","T","$","E","M","R","?","R","B",null,"M","M","$","?","?","E","M","R","T","R","?","?","M","$","R","B",null,"M","?","M","?","M","R","M","$","T","R","T","E","?","M","R","B"],"character_chosen":"DEFECT","items_purchased":["Apotheosis","Coolheaded","Defragment","Defragment","Redo+1"],"gold_per_floor":[110,285,298,298,298,333,333,350,350,31,66,77,77,77,77,180,180,199,218,46,136,136,163,176,176,199,199,199,114,128,54,54,153,153,172,172,189,189,200,200,210,31,58,58,83,113,113,131,131,131],"floor_reached":51,"campfire_rested":5,"playtime":6599,"item_purchase_floors":[10,10,20,31,42],"current_hp_per_floor":[75,75,71,71,71,28,50,50,60,60,54,47,72,78,78,73,91,82,76,76,60,60,33,10,47,47,91,91,91,82,82,91,77,91,67,56,56,56,56,70,25,25,25,83,90,90,90,67,83,17],"items_purged":["Doubt","Regret","Strike_B"],"gold":131,"score":844,"play_id":"7b287782-495d-4bcf-96b6-03c1e8328407","local_time":"20180608092309","is_prod":false,"is_daily":false,"chose_seed":false,"is_ascension_mode":true,"campfire_upgraded":4,"win_rate":0,"timestamp":1528464189,"campfire_choices":[{"floor":7,"key":"REST"},{"floor":13,"key":"REST"},{"data":"Apotheosis","floor":15,"key":"SMITH"},{"floor":25,"key":"REST"},{"floor":27,"key":"REST"},{"data":"Hello World","floor":32,"key":"SMITH"},{"data":"BootSequence","floor":40,"key":"SMITH"},{"floor":44,"key":"REST"},{"data":"Dramatic Entrance","floor":49,"key":"SMITH"}],"path_taken":["M","?","M","?","?","E","R","M","T","$","E","?","R","?","R","BOSS","M","M","$","?","?","E","?","R","T","R","?","?","M","?","R","BOSS","M","?","?","?","M","R","M","?","T","R","?","E","?","M","R","BOSS"],"build_version":"2018-06-07","seed_source_timestamp":131908921473326,"purchased_purges":3,"victory":true,"master_deck":["Defend_B","Defend_B","Defend_B","Defend_B","Zap","Dualcast","Steam","Glacier","Darkness","Zap","Dramatic Entrance+1","BootSequence+1","Leap","Fission","Cold Snap","Apotheosis+1","Coolheaded","Hello World+1","Conserve Battery+1","Seek+1","Hologram+1","Stack+1","Defragment","Multi-Cast+1","Stack+1","Tempest+1","Aggregate+1","Redo+1","Defragment","Buffer","Redo+1","Sweeping Beam","Madness+1","Madness+1","Redo+1","Seek+1","Consume+1","Steam Power+1","Genetic Algorithm+1","Redo+1","White Noise+1","Thinking Ahead+1","Chill+1"],"max_hp_per_floor":[75,75,75,75,75,75,75,75,85,85,85,85,85,91,91,91,91,91,91,91,91,91,91,91,91,91,91,91,91,91,91,91,91,91,91,91,91,91,91,91,91,91,91,91,98,98,98,98,98,98],"relics":["Cracked Core","Darkstone Periapt","Toxic Egg 2","Unceasing Top","Eternal Feather","Nloth\u0027s Gift","Prayer Wheel","Regal Pillow","Shuriken","Runic Pyramid","Orichalcum","Strawberry","Matryoshka"],"card_choices":[{"not_picked":["Steam","Storm"],"picked":"Glacier","floor":1},{"not_picked":["Leap","Stack"],"picked":"Darkness","floor":3},{"not_picked":["FTL","Aggregate"],"picked":"Fission","floor":6},{"not_picked":["Streamline","Aggregate"],"picked":"Cold Snap","floor":8},{"not_picked":["Coolheaded","All For One"],"picked":"Hello World","floor":11},{"not_picked":["Tempest+1","Undo+1"],"picked":"Conserve Battery+1","floor":12},{"not_picked":["Reboot+1","Multi-Cast+1"],"picked":"Seek+1","floor":16},{"not_picked":["Go for the Eyes","Sweeping Beam+1"],"picked":"Hologram+1","floor":18},{"not_picked":["Leap+1","Auto Shields+1"],"picked":"Stack+1","floor":19},{"not_picked":["Cold Snap+1","Streamline"],"picked":"Multi-Cast+1","floor":23},{"not_picked":["Rebound+1","Sunder+1"],"picked":"Stack+1","floor":24},{"not_picked":["Rebound","Ball Lightning"],"picked":"Tempest+1","floor":24},{"not_picked":["Beam Cell","Steam+1"],"picked":"Aggregate+1","floor":30},{"not_picked":["Leap+1","Thunder Strike"],"picked":"Redo+1","floor":30},{"not_picked":["Amplify+1","Machine Learning"],"picked":"Buffer","floor":33},{"not_picked":["Chaos+1","Sweeping Beam+1"],"picked":"Redo+1","floor":35},{"not_picked":["Coolheaded+1","Rebound+1"],"picked":"Sweeping Beam","floor":35},{"not_picked":["Leap+1","Ball Lightning"],"picked":"Redo+1","floor":37},{"not_picked":["Turbo+1","Storm+1"],"picked":"Seek+1","floor":37},{"not_picked":["White Noise+1","Force Field+1"],"picked":"Consume+1","floor":39},{"not_picked":["Aggregate+1","Compile Driver"],"picked":"Steam Power+1","floor":39},{"not_picked":["Skim+1","Conserve Battery+1"],"picked":"Genetic Algorithm+1","floor":41},{"not_picked":["Compile Driver+1","Ball Lightning+1","Cold Snap"],"picked":"SKIP","floor":41},{"not_picked":["Force Field+1","Conserve Battery+1"],"picked":"White Noise+1","floor":46},{"not_picked":["Sadistic Nature","Secret Technique+1"],"picked":"Thinking Ahead+1","floor":47},{"not_picked":["Ball Lightning+1","Rebound"],"picked":"Chill+1","floor":48},{"not_picked":["Hologram+1","Sweeping Beam","All For One"],"picked":"SKIP","floor":48}],"player_experience":402061,"potions_floor_usage":[6,16,16,33,39,41],"damage_taken":[{"damage":0,"enemies":"Jaw Worm","floor":1,"turns":6},{"damage":4,"enemies":"2 Louse","floor":3,"turns":5},{"damage":43,"enemies":"Gremlin Nob","floor":6,"turns":6},{"damage":0,"enemies":"Cultist","floor":8,"turns":3},{"damage":6,"enemies":"3 Sentries","floor":11,"turns":8},{"damage":7,"enemies":"2 Fungi Beasts","floor":12,"turns":3},{"damage":5,"enemies":"The Guardian","floor":16,"turns":9},{"damage":9,"enemies":"3 Byrds","floor":18,"turns":5},{"damage":6,"enemies":"Chosen","floor":19,"turns":4},{"damage":27,"enemies":"Book of Stabbing","floor":23,"turns":10},{"damage":23,"enemies":"Centurion and Healer","floor":24,"turns":11},{"damage":9,"enemies":"Snake Plant","floor":30,"turns":6},{"damage":14,"enemies":"Collector","floor":33,"turns":20},{"damage":24,"enemies":"3 Darklings","floor":35,"turns":10},{"damage":0,"enemies":"Orb Walker","floor":37,"turns":4},{"damage":0,"enemies":"Sphere and 2 Shapes","floor":39,"turns":6},{"damage":45,"enemies":"Maw","floor":41,"turns":8},{"damage":0,"enemies":"Nemesis","floor":46,"turns":9},{"damage":23,"enemies":"4 Shapes","floor":48,"turns":6},{"damage":66,"enemies":"Time Eater","floor":50,"turns":17}],"relics_obtained":[{"floor":6,"key":"Darkstone Periapt"},{"floor":9,"key":"Pear"},{"floor":11,"key":"Toxic Egg 2"},{"floor":23,"key":"Prayer Wheel"},{"floor":26,"key":"Regal Pillow"},{"floor":43,"key":"Orichalcum"},{"floor":45,"key":"Strawberry"},{"floor":46,"key":"Matryoshka"}],"event_choices":[{"event_name":"Liars Game","player_choice":"agreed","floor":2,"damage_taken":0},{"event_name":"Match and Keep!","player_choice":"3 cards matched","floor":4,"damage_taken":0},{"event_name":"Transmorgrifier","player_choice":"Transform","floor":5,"damage_taken":0},{"event_name":"Big Fish","player_choice":"Box","floor":14,"damage_taken":0},{"event_name":"Knowing Skull","player_choice":"GOLD ","floor":21,"damage_taken":0},{"event_name":"N\u0027loth","player_choice":"Traded a Pear","floor":22,"damage_taken":0},{"event_name":"Ghosts","player_choice":"Ignored","floor":28,"damage_taken":0},{"event_name":"Addict","player_choice":"Obtained Relic","floor":29,"damage_taken":0},{"event_name":"Winding Halls","player_choice":"Embrace Madness","floor":36,"damage_taken":0},{"event_name":"Falling","player_choice":"Removed Attack","floor":38,"damage_taken":0},{"event_name":"SensoryStone","player_choice":"Memory 1","floor":47,"damage_taken":0}],"boss_relics":[{"not_picked":["Ectoplasm","Pandora\u0027s Box"],"picked":"Eternal Feather"},{"not_picked":["Black Star","Astrolabe"],"picked":"Runic Pyramid"}],"items_purged_floors":[10,20,42],"potions_floor_spawned":[3,11,12,16,18,19,33,35,37],"seed_played":"8806677938378190470","ascension_level":2,"potions_obtained":[{"floor":3,"key":"Fire Potion"},{"floor":11,"key":"Weak Potion"},{"floor":12,"key":"Fire Potion"},{"floor":16,"key":"Dexterity Potion"},{"floor":18,"key":"Swift Potion"},{"floor":19,"key":"FearPotion"},{"floor":33,"key":"AttackPotion"},{"floor":35,"key":"PowerPotion"}],"is_trial":false}