{"gold_per_floor":[118,43,56,6,6,6,26,26,50,225,243,272,285,12,12,114,114,126,141,1,11,11,40,40,55,108,136,136,151,151,176,176,275,325,344,244,261,261,16,16,49,66,145,0,52,52,52],"floor_reached":47,"playtime":8260,"items_purged":["Strike_G","Doubt"],"score":740,"play_id":"724cc73c-ed58-4fdf-a206-67b67db01135","local_time":"20180722134521","is_ascension_mode":true,"campfire_choices":[{"data":"Neutralize","floor":6,"key":"SMITH"},{"data":"Caltrops","floor":8,"key":"SMITH"},{"floor":15,"key":"REST"},{"floor":24,"key":"REST"},{"floor":28,"key":"REST"},{"floor":30,"key":"REST"},{"floor":32,"key":"REST"},{"data":"Apotheosis","floor":40,"key":"SMITH"}],"neow_cost":"NONE","seed_source_timestamp":237516529553395,"circlet_count":0,"master_deck":["Defend_G","Defend_G","Defend_G","Defend_G+1","Strike_G","Strike_G","Survivor","Neutralize+1","Leg Sweep","Footwork","Caltrops+1","Deflect","PiercingWail","Poisoned Stab","Escape Plan","Dagger Spray","Cloak And Dagger","Blur","Finisher+1","Burst","Riddle With Holes+1","Blur+1","Slice+1","Leg Sweep+1","Caltrops","Dash+1","RitualDagger+1","Die Die Die+1","Deflect","Heel Hook+1","PiercingWail","Burst","Deadly Poison+1","Cloak And Dagger+1","Poisoned Stab+1","Apotheosis+1","Footwork","Cloak And Dagger+1","Poisoned Stab+1","PiercingWail+1","Outmaneuver+1","Doubt"],"relics":["Orrery","Lantern","Ninja Scroll","Molten Egg 2","Astrolabe","Oddly Smooth Stone","Snake Skull","Vajra","Ancient Tea Set","Tiny House","Meat on the Bone","Toxic Egg 2","Ice Cream"],"potions_floor_usage":[11,11,12,23,23,23,35,41,41,42,45,47],"damage_taken":[{"damage":0,"enemies":"Cultist","floor":1,"turns":6},{"damage":1,"enemies":"2 Louse","floor":3,"turns":5},{"damage":0,"enemies":"Small Slimes","floor":7,"turns":6},{"damage":20,"enemies":"Exordium Thugs","floor":11,"turns":7},{"damage":6,"enemies":"Lagavulin","floor":12,"turns":14},{"damage":2,"enemies":"2 Fungi Beasts","floor":13,"turns":6},{"damage":38,"enemies":"Hexaghost","floor":16,"turns":12},{"damage":12,"enemies":"Spheric Guardian","floor":18,"turns":5},{"damage":5,"enemies":"Shell Parasite","floor":19,"turns":10},{"damage":16,"enemies":"Snecko","floor":21,"turns":8},{"damage":14,"enemies":"Gremlin Leader","floor":23,"turns":11},{"damage":0,"enemies":"Snake Plant","floor":25,"turns":5},{"damage":19,"enemies":"Slavers","floor":27,"turns":6},{"damage":0,"enemies":"3 Cultists","floor":29,"turns":5},{"damage":24,"enemies":"Book of Stabbing","floor":31,"turns":7},{"damage":27,"enemies":"Collector","floor":33,"turns":17},{"damage":13,"enemies":"Flame Bruiser 1 Orb","floor":35,"turns":8},{"damage":4,"enemies":"3 Shapes","floor":37,"turns":8},{"damage":22,"enemies":"2 Orb Walkers","floor":41,"turns":5},{"damage":0,"enemies":"Transient","floor":42,"turns":5},{"damage":27,"floor":45,"turns":10},{"damage":101,"enemies":"Giant Head","floor":47,"turns":8}],"seed_played":"8446856564769917376","potions_obtained":[{"floor":1,"key":"PowerPotion"},{"floor":7,"key":"Weak Potion"},{"floor":11,"key":"Weak Potion"},{"floor":18,"key":"Dexterity Potion"},{"floor":19,"key":"Dexterity Potion"},{"floor":33,"key":"Poison Potion"},{"floor":34,"key":"Energy Potion"},{"floor":41,"key":"GhostInAJar"},{"floor":45,"key":"Explosive Potion"}],"is_trial":false,"path_per_floor":["M","$","M","?","$","R","M","R","T","?","M","E","M","$","R","B",null,"M","M","$","M","?","E","R","M","T","E","R","M","R","E","R","B",null,"M","$","M","?","$","R","E","M","T","$","?","?"],"character_chosen":"THE_SILENT","items_purchased":["Molten Egg 2","Finisher+1","Caltrops","GhostInAJar","Apotheosis","Dexterity Potion","Regen Potion","Poisoned Stab+1","PiercingWail+1"],"campfire_rested":5,"item_purchase_floors":[14,14,20,20,39,39,44,44,44],"current_hp_per_floor":[63,63,62,62,62,62,62,62,62,62,42,36,34,34,55,17,57,45,40,40,24,18,4,25,25,25,6,27,27,48,24,45,18,62,49,49,45,45,45,45,23,35,35,35,35,75,0],"gold":52,"neow_bonus":"BOSS_RELIC","is_prod":false,"is_daily":false,"chose_seed":false,"campfire_upgraded":3,"win_rate":0,"timestamp":1532232921,"path_taken":["M","?","?","?","?","R","M","R","T","?","?","E","M","$","R","BOSS","M","M","$","?","?","E","R","M","T","E","R","M","R","E","R","BOSS","M","$","M","?","$","R","E","M","T","$","?","?","E"],"build_version":"2018-07-19v2","purchased_purges":2,"victory":false,"max_hp_per_floor":[70,70,70,70,70,70,70,70,70,70,70,70,70,70,70,70,70,70,70,70,70,70,70,70,70,70,70,70,70,70,70,70,70,75,75,75,75,75,75,75,75,75,75,75,75,75,75],"card_choices":[{"not_picked":["Cloak And Dagger","Sucker Punch"],"picked":"Leg Sweep","floor":0},{"not_picked":["Dagger Throw","PiercingWail"],"picked":"Footwork","floor":0},{"not_picked":["Deadly Poison","Prepared"],"picked":"Caltrops","floor":0},{"not_picked":["Dagger Spray","Quick Slash"],"picked":"Deflect","floor":0},{"not_picked":["Accuracy","Sucker Punch"],"picked":"PiercingWail","floor":0},{"not_picked":["Endless Agony","Infinite Blades"],"picked":"Poisoned Stab","floor":1},{"not_picked":["Dagger Spray","Sucker Punch"],"picked":"Escape Plan","floor":3},{"not_picked":["Poisoned Stab","Unload"],"picked":"Dagger Spray","floor":7},{"not_picked":["Underhanded Strike","Accuracy"],"picked":"Cloak And Dagger","floor":11},{"not_picked":["Flying Knee","Expertise"],"picked":"Blur","floor":12},{"not_picked":["Poisoned Stab","Concentrate"],"picked":"Tactician","floor":13},{"not_picked":["Malaise","Bullet Time"],"picked":"Burst","floor":16},{"not_picked":["Deflect","PiercingWail"],"picked":"Escape Plan+1","floor":18},{"not_picked":["Slice+1","Dagger Throw+1"],"picked":"Leg Sweep+1","floor":19},{"not_picked":["Quick Slash+1","Infinite Blades"],"picked":"Dash+1","floor":21},{"not_picked":["Escape Plan","Poisoned Stab+1"],"picked":"Die Die Die+1","floor":23},{"not_picked":["Escape Plan","Distraction"],"picked":"Deflect","floor":25},{"not_picked":["Quick Slash+1","Adrenaline"],"picked":"Heel Hook+1","floor":27},{"not_picked":["Prepared","Finisher+1"],"picked":"PiercingWail","floor":29},{"not_picked":["Bane+1","Tools of the Trade","Quick Slash+1"],"picked":"SKIP","floor":31},{"not_picked":["Venomology","Unload+1"],"picked":"Burst","floor":33},{"not_picked":["Dagger Spray+1","All Out Attack+1"],"picked":"Deadly Poison+1","floor":34},{"not_picked":["Dagger Throw+1","Reflex"],"picked":"Cloak And Dagger+1","floor":35},{"not_picked":["Deadly Poison","Sucker Punch+1"],"picked":"Poisoned Stab+1","floor":37},{"not_picked":["Dagger Spray+1","Dagger Throw+1"],"picked":"Footwork","floor":41},{"not_picked":["Underhanded Strike+1","Concentrate"],"picked":"Cloak And Dagger+1","floor":42},{"not_picked":["Heel Hook+1","Flying Knee+1"],"picked":"Outmaneuver+1","floor":45}],"player_experience":217371,"relics_obtained":[{"floor":9,"key":"Lantern"},{"floor":12,"key":"Ninja Scroll"},{"floor":23,"key":"Oddly Smooth Stone"},{"floor":26,"key":"Snake Skull"},{"floor":27,"key":"Vajra"},{"floor":31,"key":"Ancient Tea Set"},{"floor":41,"key":"Meat on the Bone"},{"floor":43,"key":"Toxic Egg 2"},{"floor":45,"key":"Ice Cream"}],"event_choices":[{"event_name":"The Cleric","player_choice":"Card Removal","floor":4,"damage_taken":0},{"event_name":"Liars Game","player_choice":"agreed","floor":10,"damage_taken":0},{"event_name":"Nest","player_choice":"Joined the Cult","floor":22,"damage_taken":0},{"event_name":"Falling","player_choice":"Removed Skill","floor":38,"damage_taken":0},{"event_name":"Mysterious Sphere","player_choice":"Fight","floor":45,"damage_taken":0},{"event_name":"MindBloom","player_choice":"Heal","floor":46,"damage_taken":0}],"is_beta":false,"boss_relics":[{"not_picked":["Lizard Tail","Cursed Key"],"picked":"Astrolabe"},{"not_picked":["Philosopher\u0027s Stone","Velvet Choker"],"picked":"Tiny House"}],"items_purged_floors":[2,36],"is_endless":false,"potions_floor_spawned":[1,7,11,18,19,21,33,41,45],"killed_by":"Giant Head","ascension_level":8}