{"gold_per_floor":[213,388,388,398,83,111,111,144,144,159,159,177,177,201,201,325,325,344,269,269,184,205,205],"floor_reached":23,"playtime":1199,"items_purged":["Strike_R"],"score":256,"play_id":"17154911-8e8f-4b71-b1d1-a4e344c3a174","local_time":"20190214043307","is_ascension_mode":true,"campfire_choices":[{"data":"Corruption","floor":7,"key":"SMITH"},{"data":"Whirlwind","floor":13,"key":"SMITH"},{"floor":15,"key":"RECALL"}],"neow_cost":"NONE","seed_source_timestamp":125604787676271,"circlet_count":0,"master_deck":["Strike_R","Strike_R","Strike_R","Strike_R","Defend_R","Defend_R","Defend_R","Defend_R","Bash","Sword Boomerang","Iron Wave","Corruption+1","Sentinel","Disarm","Twin Strike","Pummel","Flame Barrier","Whirlwind+1","Seeing Red","Reaper","True Grit","J.A.X.","True Grit"],"relics":["Burning Blood","Pear","Juzu Bracelet","Letter Opener","Golden Idol","Cursed Key","Boot"],"potions_floor_usage":[16,16,16,23],"damage_taken":[{"damage":0,"enemies":"2 Louse","floor":1,"turns":4},{"damage":2,"enemies":"Jaw Worm","floor":4,"turns":5},{"damage":26,"enemies":"Lagavulin","floor":6,"turns":8},{"damage":18,"enemies":"Gremlin Nob","floor":8,"turns":5},{"damage":0,"enemies":"Small Slimes","floor":10,"turns":3},{"damage":12,"enemies":"Blue Slaver","floor":12,"turns":4},{"damage":43,"enemies":"The Guardian","floor":16,"turns":11},{"damage":12,"enemies":"Chosen","floor":18,"turns":6},{"damage":30,"enemies":"2 Thieves","floor":22,"turns":4},{"damage":52,"enemies":"Slavers","floor":23,"turns":5}],"seed_played":"-7812056519294756229","potions_obtained":[{"floor":8,"key":"AttackPotion"},{"floor":10,"key":"AttackPotion"},{"floor":12,"key":"Fire Potion"},{"floor":22,"key":"Strength Potion"}],"is_trial":false,"path_per_floor":["M","?","?","M","$","E","R","E","T","M","?","M","R","T","R","B",null,"M","$","?","?","M","E"],"character_chosen":"IRONCLAD","items_purchased":["Corruption","Sentinel","Disarm","Twin Strike","Pummel"],"campfire_rested":0,"item_purchase_floors":[5,5,5,5,5],"current_hp_per_floor":[78,78,71,75,75,65,65,53,53,59,59,53,53,53,53,16,66,60,60,60,60,36,0],"gold":205,"neow_bonus":"HUNDRED_GOLD","is_prod":false,"is_daily":false,"chose_seed":false,"campfire_upgraded":2,"win_rate":0,"timestamp":1550140387,"path_taken":["M","?","?","M","$","E","R","E","T","M","?","M","R","?","R","BOSS","M","$","?","?","M","E"],"build_version":"2019-02-06","purchased_purges":1,"victory":false,"max_hp_per_floor":[80,80,80,80,80,90,90,90,90,90,83,83,83,83,83,83,83,83,83,83,83,83,83],"card_choices":[{"not_picked":["Havoc","Warcry"],"picked":"Sword Boomerang","floor":1},{"not_picked":["Wild Strike","Fire Breathing"],"picked":"Iron Wave","floor":4},{"not_picked":["Impervious","Havoc"],"picked":"Flame Barrier","floor":6},{"not_picked":["Anger","Searing Blow"],"picked":"Whirlwind","floor":8},{"not_picked":["Sword Boomerang","Headbutt"],"picked":"Seeing Red","floor":10},{"not_picked":["Twin Strike","Havoc","Blood for Blood"],"picked":"SKIP","floor":12},{"not_picked":["Brutality","Berserk"],"picked":"Reaper","floor":16},{"not_picked":["Searing Blow","Sever Soul"],"picked":"True Grit","floor":18},{"not_picked":["Havoc","Rampage"],"picked":"True Grit","floor":22}],"player_experience":154352,"relics_obtained":[{"floor":6,"key":"Pear"},{"floor":8,"key":"Juzu Bracelet"},{"floor":9,"key":"Letter Opener"}],"event_choices":[{"damage_healed":0,"gold_gain":175,"player_choice":"AGREE","damage_taken":0,"max_hp_gain":0,"max_hp_loss":0,"event_name":"Liars Game","floor":2,"gold_loss":0,"cards_obtained":["Doubt"]},{"cards_removed":["Doubt"],"damage_healed":0,"gold_gain":0,"player_choice":"Card Removal","damage_taken":7,"max_hp_gain":0,"max_hp_loss":0,"event_name":"Golden Wing","floor":3,"gold_loss":0},{"damage_healed":0,"gold_gain":0,"player_choice":"Lose Max HP","damage_taken":0,"relics_obtained":["Golden Idol"],"max_hp_gain":0,"max_hp_loss":7,"event_name":"Golden Idol","floor":11,"gold_loss":0},{"damage_healed":0,"gold_gain":0,"player_choice":"Obtain J.A.X.","damage_taken":0,"max_hp_gain":0,"max_hp_loss":0,"event_name":"Drug Dealer","floor":20,"gold_loss":0,"cards_obtained":["J.A.X."]},{"damage_healed":0,"gold_gain":0,"player_choice":"Obtained Relic","damage_taken":0,"relics_obtained":["Boot"],"max_hp_gain":0,"max_hp_loss":0,"event_name":"Addict","floor":21,"gold_loss":85}],"is_beta":true,"boss_relics":[{"not_picked":["Runic Cube","Runic Dome"],"picked":"Cursed Key"}],"items_purged_floors":[19],"is_endless":false,"potions_floor_spawned":[8,10,12,22],"killed_by":"Slavers","ascension_level":6}