{"gold_per_floor":[109,109,128,33,43,77,77,105,105,123,198,214,234,38,38,134,134,147,147,159,176,188,188],"floor_reached":23,"playtime":1517,"items_purged":[],"score":230,"play_id":"aa6d66c9-0e09-41fa-8035-d20a1aac19ec","local_time":"20190107125954","is_ascension_mode":false,"campfire_choices":[{"data":"Bane","floor":7,"key":"SMITH"},{"floor":15,"key":"REST"}],"neow_cost":"NONE","seed_source_timestamp":1474570697440813,"circlet_count":0,"master_deck":["Defend_G","Defend_G","Defend_G","Defend_G","Defend_G","Strike_G","Strike_G","Strike_G","Strike_G","Strike_G","Survivor","Neutralize","Dagger Throw+1","Poisoned Stab","Deadly Poison","Bane+1","Crippling Poison","Footwork","Acrobatics","PiercingWail","Deadly Poison","Echo Form","Discovery","Enlightenment+1","Deep Breath"],"relics":["Ring of the Snake","NeowsBlessing","Smiling Mask","Orichalcum","PrismaticShard","Orrery","Nloth\u0027s Gift"],"potions_floor_usage":[8,12,16,21,21,23,23],"damage_taken":[{"damage":0,"enemies":"2 Louse","floor":1,"turns":1},{"damage":0,"enemies":"Cultist","floor":3,"turns":1},{"damage":0,"enemies":"Jaw Worm","floor":5,"turns":1},{"damage":18,"enemies":"Gremlin Nob","floor":6,"turns":4},{"damage":0,"enemies":"3 Sentries","floor":8,"turns":6},{"damage":0,"enemies":"Large Slime","floor":10,"turns":4},{"damage":5,"enemies":"Gremlin Gang","floor":12,"turns":3},{"damage":2,"enemies":"Red Slaver","floor":13,"turns":3},{"damage":32,"enemies":"Hexaghost","floor":16,"turns":9},{"damage":13,"enemies":"Chosen","floor":18,"turns":5},{"damage":10,"enemies":"Shell Parasite","floor":20,"turns":6},{"damage":19,"enemies":"3 Cultists","floor":21,"turns":7},{"damage":22,"enemies":"Snecko","floor":22,"turns":6},{"damage":9,"enemies":"Centurion and Healer","floor":23,"turns":4}],"seed_played":"-1223528946111989702","potions_obtained":[{"floor":6,"key":"SteroidPotion"},{"floor":10,"key":"LiquidBronze"},{"floor":13,"key":"Regen Potion"},{"floor":16,"key":"Swift Potion"},{"floor":18,"key":"Fire Potion"},{"floor":20,"key":"GhostInAJar"},{"floor":21,"key":"Dexterity Potion"}],"is_trial":false,"path_per_floor":["M","?","M","$","M","E","R","E","T","M","?","M","M","$","R","B",null,"M","?","M","M","M","M"],"character_chosen":"THE_SILENT","items_purchased":["Deadly Poison","Bane","PrismaticShard"],"campfire_rested":1,"item_purchase_floors":[4,4,14],"current_hp_per_floor":[70,70,70,70,70,52,52,52,52,52,41,36,34,34,55,38,70,57,57,47,28,6,0],"gold":188,"neow_bonus":"THREE_ENEMY_KILL","is_prod":false,"is_daily":false,"chose_seed":false,"campfire_upgraded":1,"win_rate":0.0,"timestamp":1546894794,"path_taken":["M","?","M","?","?","E","R","E","T","M","?","M","M","$","R","BOSS","M","?","M","M","M","M"],"build_version":"2019-01-03v4","purchased_purges":0,"victory":false,"max_hp_per_floor":[70,70,70,70,70,70,70,70,70,70,70,70,70,70,70,70,70,70,70,70,70,70,70],"card_choices":[{"not_picked":["Blur","Outmaneuver"],"picked":"Dagger Throw","floor":1},{"not_picked":["Deadly Poison","Backflip"],"picked":"Poisoned Stab","floor":3},{"not_picked":["Poisoned Stab","Reflex"],"picked":"Crippling Poison","floor":5},{"not_picked":["Slice","Expertise","Heel Hook"],"picked":"SKIP","floor":6},{"not_picked":["Blur","Deflect"],"picked":"Footwork","floor":8},{"not_picked":["Riddle With Holes","Predator"],"picked":"Acrobatics","floor":10},{"not_picked":["Outmaneuver","Reflex"],"picked":"PiercingWail","floor":12},{"not_picked":["Die Die Die","Prepared"],"picked":"Deadly Poison","floor":13},{"not_picked":["Hyperbeam","Phantasmal Killer"],"picked":"Echo Form","floor":16},{"not_picked":["Armaments","Beam Cell"],"picked":"Discovery","floor":17},{"not_picked":["Prepared+1","Second Wind"],"picked":"Enlightenment+1","floor":18},{"not_picked":["Barrage","Barrage"],"picked":"Deep Breath","floor":20},{"not_picked":["Fission","Blur","Go for the Eyes+1"],"picked":"SKIP","floor":21},{"not_picked":["Go for the Eyes","Gash+1","Blizzard"],"picked":"SKIP","floor":22}],"player_experience":90978,"relics_obtained":[{"floor":6,"key":"Smiling Mask"},{"floor":8,"key":"Ornamental Fan"},{"floor":9,"key":"Orichalcum"}],"event_choices":[{"damage_healed":0,"gold_gain":0,"player_choice":"Upgraded","damage_taken":0,"max_hp_gain":0,"max_hp_loss":0,"event_name":"Upgrade Shrine","floor":2,"gold_loss":0,"cards_upgraded":["Dagger Throw"]},{"damage_healed":0,"gold_gain":75,"player_choice":"Gather Gold","damage_taken":11,"max_hp_gain":0,"max_hp_loss":0,"event_name":"World of Goop","floor":11,"gold_loss":0},{"damage_healed":0,"gold_gain":0,"player_choice":"Traded Relic","damage_taken":0,"relics_obtained":["Nloth\u0027s Gift"],"max_hp_gain":0,"max_hp_loss":0,"event_name":"N\u0027loth","floor":19,"relics_lost":["Ornamental Fan"],"gold_loss":0}],"is_beta":false,"boss_relics":[{"not_picked":["Calling Bell","White Beast Statue"],"picked":"Orrery"}],"items_purged_floors":[],"is_endless":false,"potions_floor_spawned":[6,10,13,16,18,20,21],"killed_by":"Centurion and Healer","ascension_level":0}