{"gold_per_floor":[119,137,148,158,178,178,178,278,302,318,338,338,349,349,349,450,450,465,564,599,612,612,612,629,646,670,670,670,303,303,315,315,315],"floor_reached":33,"playtime":1503,"items_purged":["Writhe"],"score":325,"play_id":"75209451-9241-4403-8d32-a154829fc25e","local_time":"20180702114139","is_ascension_mode":true,"campfire_choices":[{"floor":6,"key":"REST"},{"floor":12,"key":"REST"},{"floor":15,"key":"REST"},{"data":"Zap","floor":23,"key":"SMITH"},{"floor":30,"key":"REST"},{"floor":32,"key":"REST"}],"neow_cost":"NONE","seed_source_timestamp":661594209128510,"circlet_count":0,"master_deck":["Strike_B+1","Strike_B+1","Strike_B+1","Defend_B+1","Defend_B+1","Defend_B+1","Defend_B+1","Zap+1","Dualcast","Coolheaded","Defragment","Doom and Gloom","Redo","Defragment","Reinforced Body","Stack","Go for the Eyes","Seek","Cold Snap+1","Sweeping Beam","Blizzard","Chill","Defragment","Storm","Seek","Cold Snap"],"relics":["Cracked Core","Lantern","Sozu","Red Mask","Potion Belt","Art of War","Anchor"],"potions_floor_usage":[5,11,13,16,16],"damage_taken":[{"damage":6,"enemies":"Jaw Worm","floor":1,"turns":4},{"damage":0,"enemies":"Cultist","floor":2,"turns":4},{"damage":7,"enemies":"2 Louse","floor":3,"turns":3},{"damage":28,"enemies":"Exordium Wildlife","floor":4,"turns":5},{"damage":15,"enemies":"Exordium Thugs","floor":5,"turns":4},{"damage":18,"enemies":"Looter","floor":10,"turns":3},{"damage":15,"enemies":"Exordium Wildlife","floor":11,"turns":3},{"damage":10,"enemies":"Gremlin Gang","floor":13,"turns":3},{"damage":8,"enemies":"Slime Boss","floor":16,"turns":6},{"damage":0,"enemies":"Shell Parasite","floor":18,"turns":7},{"damage":44,"floor":20,"turns":5},{"damage":4,"enemies":"Spheric Guardian","floor":21,"turns":4},{"damage":17,"enemies":"Centurion and Healer","floor":24,"turns":9},{"damage":24,"enemies":"3 Cultists","floor":25,"turns":5},{"damage":16,"enemies":"Snake Plant","floor":31,"turns":5},{"damage":59,"enemies":"Collector","floor":33,"turns":6}],"seed_played":"7295283350547640866","potions_obtained":[{"floor":3,"key":"SkillPotion"},{"floor":4,"key":"Fire Potion"},{"floor":10,"key":"AttackPotion"},{"floor":11,"key":"AttackPotion"},{"floor":13,"key":"SkillPotion"}],"is_trial":false,"path_per_floor":["M","M","M","M","M","R","?","?","T","M","M","R","M","?","R","B",null,"M","?","?","M","?","R","M","M","T","?","?","$","R","M","R"],"character_chosen":"DEFECT","items_purchased":["Storm","Seek","Anchor"],"campfire_rested":5,"item_purchase_floors":[29,29,29],"current_hp_per_floor":[62,62,55,27,12,34,75,75,75,57,42,64,54,54,75,67,73,73,73,29,25,50,50,33,9,9,9,9,9,31,15,37,0],"gold":315,"neow_bonus":"REMOVE_CARD","is_prod":false,"is_daily":false,"chose_seed":false,"campfire_upgraded":1,"win_rate":0,"timestamp":1530546099,"path_taken":["M","M","M","M","M","R","?","?","T","M","M","R","M","?","R","BOSS","M","?","?","?","?","R","M","M","T","?","?","$","R","?","R","BOSS"],"build_version":"2018-06-28","purchased_purges":1,"victory":false,"max_hp_per_floor":[75,75,75,75,75,75,75,75,75,75,75,75,75,75,75,75,75,75,75,75,75,75,75,75,75,75,75,75,75,75,75,75,75],"card_choices":[{"not_picked":["Heatsinks","Ball Lightning"],"picked":"Coolheaded","floor":1},{"not_picked":["Aggregate","Tempest"],"picked":"Defragment","floor":2},{"not_picked":["Go for the Eyes","Sweeping Beam"],"picked":"Doom and Gloom","floor":3},{"not_picked":["Barrage","Turbo"],"picked":"Redo","floor":4},{"not_picked":["Ball Lightning","Conserve Battery"],"picked":"Defragment","floor":5},{"not_picked":["Streamline","Tempest"],"picked":"Reinforced Body","floor":10},{"not_picked":["Beam Cell","Skim"],"picked":"Stack","floor":11},{"not_picked":["Beam Cell","Steam"],"picked":"Go for the Eyes","floor":13},{"not_picked":["Hyperbeam","Rainbow"],"picked":"Seek","floor":16},{"not_picked":["Hologram","Rebound"],"picked":"Cold Snap+1","floor":18},{"not_picked":["Compile Driver","Steam Power"],"picked":"Sweeping Beam","floor":20},{"not_picked":["Rebound","Gash"],"picked":"Blizzard","floor":21},{"not_picked":["Gash","Hologram"],"picked":"Chill","floor":24},{"not_picked":["Double Energy","Compile Driver+1"],"picked":"Defragment","floor":25},{"not_picked":["Turbo","Barrage"],"picked":"Cold Snap","floor":31}],"player_experience":906396,"relics_obtained":[{"floor":9,"key":"Lantern"},{"floor":20,"key":"Red Mask"},{"floor":26,"key":"Potion Belt"}],"event_choices":[{"event_name":"Wheel of Change","player_choice":"Full Heal","floor":7,"damage_taken":0},{"event_name":"Golden Shrine","player_choice":"Pray","floor":8,"damage_taken":0},{"event_name":"Liars Game","player_choice":"disagreed","floor":14,"damage_taken":0},{"event_name":"Nest","player_choice":"Stole From Cult","floor":19,"damage_taken":0},{"event_name":"Masked Bandits","player_choice":"Fought over 564 gold","floor":20,"damage_taken":0},{"event_name":"The Library","player_choice":"Heal","floor":22,"damage_taken":0},{"event_name":"The Mausoleum","player_choice":"Yes","floor":27,"damage_taken":0},{"event_name":"Back to Basics","player_choice":"Simplicity","floor":28,"damage_taken":0}],"boss_relics":[{"not_picked":["Calling Bell","White Beast Statue"],"picked":"Sozu"}],"items_purged_floors":[29],"is_endless":false,"potions_floor_spawned":[3,4,10,11,13,25,31],"killed_by":"Collector","ascension_level":7}