{"gold_per_floor":[116,66,66,19,33,33,56,75,128,160,160,177,66,84,84,179,179,192,192,205,82,82,82,82],"floor_reached":24,"playtime":1778,"items_purged":["Strike_G"],"score":310,"play_id":"de0f40a5-d0aa-44c1-b155-cd132e62d400","local_time":"20180913170152","is_ascension_mode":true,"campfire_choices":[{"data":"Neutralize","floor":6,"key":"SMITH"},{"data":"Cloak And Dagger","floor":11,"key":"SMITH"},{"data":"Infinite Blades","floor":15,"key":"SMITH"},{"data":"A Thousand Cuts","floor":23,"key":"SMITH"}],"neow_cost":"NONE","seed_source_timestamp":133942760498849,"circlet_count":0,"master_deck":["Defend_G","Defend_G","Defend_G","Defend_G","Defend_G","Strike_G","Strike_G","Strike_G","Survivor","Neutralize+1","AscendersBane","Choke","Backflip","Backflip","Escape Plan","Cloak And Dagger+1","Dagger Throw","Die Die Die","Riddle With Holes","Infinite Blades+1","Blur","A Thousand Cuts+1","Dodge and Roll","Dodge and Roll"],"relics":["Coffee Dripper","Odd Mushroom","Regal Pillow","Nunchaku","Busted Crown","MutagenicStrength"],"potions_floor_usage":[12,16],"damage_taken":[{"damage":3,"enemies":"Jaw Worm","floor":1,"turns":5},{"damage":0,"enemies":"Cultist","floor":5,"turns":4},{"damage":11,"enemies":"The Mushroom Lair","floor":7,"turns":5},{"damage":0,"enemies":"2 Louse","floor":8,"turns":2},{"damage":9,"enemies":"Lagavulin","floor":10,"turns":7},{"damage":3,"enemies":"Looter","floor":12,"turns":2},{"damage":1,"enemies":"3 Louse","floor":14,"turns":3},{"damage":22,"enemies":"The Guardian","floor":16,"turns":16},{"damage":0,"enemies":"Chosen","floor":18,"turns":4},{"damage":24,"enemies":"Colosseum Slavers","floor":19,"turns":4},{"damage":13,"enemies":"Spheric Guardian","floor":20,"turns":4},{"damage":21,"enemies":"Gremlin Leader","floor":24,"turns":3}],"seed_played":"7105783371367142321","potions_obtained":[{"floor":10,"key":"Regen Potion"},{"floor":12,"key":"PowerPotion"}],"is_trial":false,"path_per_floor":["M","?","?","$","M","R","?","M","T","E","R","M","$","M","R","B",null,"M","?","M","$","?","R"],"character_chosen":"THE_SILENT","items_purchased":["Backflip","Riddle With Holes","Infinite Blades","Dodge and Roll"],"campfire_rested":0,"item_purchase_floors":[4,13,13,21],"current_hp_per_floor":[60,60,60,60,60,60,49,49,49,40,40,42,42,41,41,19,57,57,33,20,20,20,20,0],"gold":82,"neow_bonus":"BOSS_RELIC","is_prod":false,"is_daily":false,"chose_seed":false,"campfire_upgraded":4,"win_rate":0,"timestamp":1536872512,"path_taken":["M","?","?","$","M","R","?","?","T","E","R","M","$","M","R","BOSS","M","?","M","$","?","R","E"],"build_version":"2018-09-06","purchased_purges":1,"victory":false,"max_hp_per_floor":[70,70,70,70,70,70,70,70,70,70,70,70,70,70,70,70,70,70,70,70,70,70,70,70],"card_choices":[{"not_picked":["Dagger Spray","Dagger Throw"],"picked":"Choke","floor":1},{"not_picked":["Slice","Dagger Throw"],"picked":"Backflip","floor":5},{"not_picked":["PiercingWail","Acrobatics"],"picked":"Escape Plan","floor":7},{"not_picked":["Outmaneuver","Night Terror"],"picked":"Cloak And Dagger","floor":8},{"not_picked":["Dagger Spray","Eviscerate"],"picked":"Dagger Throw","floor":10},{"not_picked":["Poisoned Stab","Deflect"],"picked":"Die Die Die","floor":12},{"not_picked":["Well Laid Plans","Masterful Stab"],"picked":"Blur","floor":14},{"not_picked":["Storm of Steel","Glass Knife"],"picked":"A Thousand Cuts","floor":16},{"not_picked":["Heel Hook"],"picked":"SKIP","floor":18},{"not_picked":[],"picked":"Dodge and Roll","floor":20}],"player_experience":1526363,"relics_obtained":[{"floor":7,"key":"Odd Mushroom"},{"floor":9,"key":"Regal Pillow"},{"floor":10,"key":"Nunchaku"}],"event_choices":[{"event_name":"The Cleric","player_choice":"Card Removal","floor":2,"damage_taken":0},{"event_name":"Shining Light","player_choice":"Ignored","floor":3,"damage_taken":0},{"event_name":"Mushrooms","player_choice":"Fought Mushrooms","floor":7,"damage_taken":0},{"event_name":"Colosseum","player_choice":"Fight","floor":19,"damage_taken":0},{"event_name":"Colosseum","player_choice":"Fled From Nobs","floor":19,"damage_taken":0},{"event_name":"Drug Dealer","player_choice":"Inject Mutagens","floor":22,"damage_taken":0}],"is_beta":false,"boss_relics":[{"not_picked":["HoveringKite","Fusion Hammer"],"picked":"Busted Crown"}],"items_purged_floors":[21],"is_endless":false,"potions_floor_spawned":[10,12,19],"killed_by":"Gremlin Leader","ascension_level":12}