{"gold_per_floor":[119,130,22,22,40,40,66,66,66,66,66,83,83,96,96,175,175,157,157,174,187,187,187,187],"floor_reached":24,"playtime":1299,"items_purged":["Strike_G"],"score":323,"play_id":"e8f9d602-b6c4-4381-8286-2d810a13d36f","local_time":"20180806223146","is_ascension_mode":true,"campfire_choices":[{"data":"Noxious Fumes","floor":6.0,"key":"SMITH"},{"data":"Dodge and Roll","floor":10.0,"key":"SMITH"},{"data":"Caltrops","floor":13.0,"key":"SMITH"},{"data":"Noxious Fumes","floor":15.0,"key":"SMITH"},{"data":"A Thousand Cuts","floor":23,"key":"SMITH"}],"neow_cost":"NONE","seed_source_timestamp":545910386397249,"circlet_count":0,"master_deck":["Defend_G+1","Defend_G+1","Defend_G+1","Defend_G+1","Defend_G+1","Strike_G+1","Strike_G+1","Survivor","Neutralize","AscendersBane","Noxious Fumes+1","Cloak And Dagger+1","Caltrops+1","Well Laid Plans","Dodge and Roll+1","Neutralize","Noxious Fumes+1","A Thousand Cuts+1","Blade Dance"],"special_seed":0,"relics":["Ring of the Snake","StoneCalendar","Matryoshka","Empty Cage"],"potions_floor_usage":[],"damage_taken":[{"damage":0.0,"enemies":"Jaw Worm","floor":1.0,"turns":8.0},{"damage":0.0,"enemies":"2 Louse","floor":2.0,"turns":4.0},{"damage":1.0,"enemies":"Cultist","floor":5.0,"turns":5.0},{"damage":16.0,"enemies":"3 Sentries","floor":7.0,"turns":8.0},{"damage":21.0,"enemies":"Gremlin Gang","floor":12.0,"turns":5.0},{"damage":0.0,"enemies":"3 Louse","floor":14.0,"turns":4.0},{"damage":20.0,"enemies":"The Guardian","floor":16.0,"turns":9.0},{"damage":19.0,"enemies":"2 Thieves","floor":18.0,"turns":4.0},{"damage":0,"enemies":"3 Byrds","floor":20,"turns":2},{"damage":28,"enemies":"Snake Plant","floor":21,"turns":5},{"damage":23,"enemies":"Snecko","floor":24,"turns":5}],"seed_played":"6578813965658871961","potions_obtained":[{"floor":2.0,"key":"Swift Potion"},{"floor":5.0,"key":"Ancient Potion"},{"floor":16.0,"key":"Strength Potion"}],"is_trial":false,"path_per_floor":["M","M","$","?","M","R","E","?","T","R","?","M","R","M","R","B",null,"M","?","M","M","?","R"],"character_chosen":"THE_SILENT","items_purchased":["Caltrops"],"campfire_rested":0,"item_purchase_floors":[3],"current_hp_per_floor":[70,70,70,75,74,74,58,58,58,58,58,37,37,37,37,17,66,47,47,47,19,19,19,0],"gold":187,"neow_bonus":"TEN_PERCENT_HP_BONUS","is_prod":false,"is_daily":false,"chose_seed":false,"campfire_upgraded":5,"win_rate":0,"timestamp":1533587506,"path_taken":["M","M","$","?","M","R","E","?","T","R","?","M","R","M","R","BOSS","M","?","?","M","?","R","M"],"build_version":"2018-08-01","purchased_purges":1,"victory":false,"max_hp_per_floor":[77,77,77,82,82,82,82,82,82,82,82,82,82,82,82,82,82,82,82,82,82,82,82,82],"card_choices":[{"not_picked":["Backflip","Leg Sweep"],"picked":"Noxious Fumes","floor":1.0},{"not_picked":["Blade Dance","Reflex"],"picked":"Cloak And Dagger","floor":2.0},{"not_picked":["Predator","Sucker Punch"],"picked":"Well Laid Plans","floor":5.0},{"not_picked":["Quick Slash","Night Terror"],"picked":"Dodge and Roll","floor":7.0},{"not_picked":["Dagger Spray","Riddle With Holes","Blade Dance"],"picked":"SKIP","floor":12.0},{"not_picked":["Blur","Dagger Throw"],"picked":"Noxious Fumes","floor":14.0},{"not_picked":["Storm of Steel","Envenom"],"picked":"A Thousand Cuts","floor":16.0},{"not_picked":["Tactician","Prepared","Masterful Stab"],"picked":"SKIP","floor":18.0},{"not_picked":["Accuracy","Concentrate","Slice"],"picked":"SKIP","floor":20},{"not_picked":["Underhanded Strike","Quick Slash"],"picked":"Blade Dance","floor":21}],"player_experience":398168,"relics_obtained":[{"floor":7.0,"key":"StoneCalendar"},{"floor":9.0,"key":"Matryoshka"}],"event_choices":[{"event_name":"Big Fish","player_choice":"Donut","floor":4.0,"damage_taken":0.0},{"event_name":"Accursed Blacksmith","player_choice":"Forge","floor":8.0,"damage_taken":0.0},{"event_name":"Match and Keep!","player_choice":"1 cards matched","floor":11.0,"damage_taken":0.0},{"event_name":"Drug Dealer","player_choice":"Ignored","floor":19.0,"damage_taken":0.0},{"event_name":"Back to Basics","player_choice":"Simplicity","floor":22,"damage_taken":0}],"is_beta":true,"boss_relics":[{"not_picked":["Philosopher\u0027s Stone","Calling Bell"],"picked":"Empty Cage"}],"items_purged_floors":[3],"is_endless":false,"potions_floor_spawned":[2,5,16,21],"killed_by":"Snecko","ascension_level":13}