{"gold_per_floor":[111,126,126,145,95,95,115,40,40,40,55,55,55,68,68,68],"floor_reached":16,"playtime":429,"items_purged":["Defend_R"],"score":92,"play_id":"22e15a10-de13-4bc5-a40e-34dae3bb6038","local_time":"20190206230110","is_ascension_mode":false,"campfire_choices":[{"data":"Shrug It Off","floor":6,"key":"SMITH"},{"data":"Cleave","floor":10,"key":"SMITH"},{"data":"Defend_R","floor":15,"key":"SMITH"}],"neow_cost":"NONE","seed_source_timestamp":36959416995145,"circlet_count":0,"master_deck":["Strike_R","Strike_R","Strike_R+1","Strike_R","Defend_R+1","Defend_R","Defend_R","Bash+1","Iron Wave+1","Shrug It Off+1","Cleave+1","Twin Strike+1"],"relics":["Burning Blood","NeowsBlessing","Molten Egg 2"],"potions_floor_usage":[],"damage_taken":[{"damage":0,"enemies":"Jaw Worm","floor":1,"turns":1},{"damage":0,"enemies":"2 Louse","floor":2,"turns":1},{"damage":0,"enemies":"Small Slimes","floor":4,"turns":1},{"damage":17,"enemies":"Exordium Wildlife","floor":7,"turns":6},{"damage":7,"enemies":"Exordium Thugs","floor":11,"turns":6},{"damage":4,"enemies":"Red Slaver","floor":14,"turns":3},{"damage":38,"enemies":"Hexaghost","floor":16,"turns":9}],"seed_played":"-5126127472776765055","potions_obtained":[{"floor":2,"key":"FearPotion"}],"is_trial":false,"path_per_floor":["M","M","?","M","?","R","M","$","T","R","M","$","?","M","R","B"],"character_chosen":"IRONCLAD","items_purchased":[],"campfire_rested":0,"item_purchase_floors":[],"current_hp_per_floor":[80,80,80,80,80,80,69,69,69,69,68,68,52,54,54,16],"gold":68,"neow_bonus":"THREE_ENEMY_KILL","is_prod":false,"is_daily":false,"chose_seed":false,"campfire_upgraded":3,"win_rate":0.0,"timestamp":1549490470,"path_taken":["M","M","?","M","?","R","M","?","T","R","M","$","?","M","R","BOSS"],"build_version":"2019-01-23","purchased_purges":1,"victory":false,"max_hp_per_floor":[80,80,80,80,80,80,80,80,80,80,80,80,80,80,80,80],"card_choices":[{"not_picked":["Burning Pact","Dropkick"],"picked":"Iron Wave","floor":1},{"not_picked":["Anger","Pommel Strike","Clothesline"],"picked":"SKIP","floor":2},{"not_picked":["Bludgeon","Warcry"],"picked":"Shrug It Off","floor":4},{"not_picked":["Pommel Strike","Impervious"],"picked":"Cleave","floor":7},{"not_picked":["Headbutt+1","Shrug It Off"],"picked":"Twin Strike+1","floor":11},{"not_picked":["Perfected Strike+1","Rage","Warcry"],"picked":"SKIP","floor":14}],"player_experience":5795,"relics_obtained":[{"floor":9,"key":"Molten Egg 2"}],"event_choices":[{"damage_healed":0,"gold_gain":0,"player_choice":"Grow","damage_taken":0,"max_hp_gain":0,"max_hp_loss":0,"event_name":"Living Wall","floor":3,"gold_loss":0,"cards_upgraded":["Bash"]},{"cards_removed":["Strike_R"],"damage_healed":0,"gold_gain":0,"player_choice":"Card Removal","damage_taken":0,"max_hp_gain":0,"max_hp_loss":0,"event_name":"The Cleric","floor":5,"gold_loss":50},{"damage_healed":0,"gold_gain":0,"player_choice":"Entered Light","damage_taken":16,"max_hp_gain":0,"max_hp_loss":0,"event_name":"Shining Light","floor":13,"gold_loss":0,"cards_upgraded":["Strike_R","Iron Wave"]}],"is_beta":false,"boss_relics":[],"items_purged_floors":[8],"is_endless":false,"potions_floor_spawned":[2],"killed_by":"Hexaghost","ascension_level":0}