{"gold_per_floor":[118,118,69,82,82,82,109,120,120,120,135,149,149,182,182,282,282,247,247,259,270,270,270,295,307],"floor_reached":25,"playtime":925,"items_purged":[],"score":365,"play_id":"811e87da-4f65-4fbf-9da7-0c1248366027","local_time":"20190119001256","is_ascension_mode":true,"campfire_choices":[{"data":"Clothesline","floor":6,"key":"SMITH"},{"data":"Cleave","floor":10,"key":"SMITH"},{"data":"Pommel Strike","floor":15,"key":"SMITH"},{"floor":23,"key":"REST"}],"neow_cost":"NONE","seed_source_timestamp":859289420319004,"circlet_count":0,"master_deck":["Strike_R","Strike_R","Strike_R","Strike_R","Defend_R","Defend_R","Defend_R","Defend_R","Bash","Shrug It Off","Clothesline+1","Cleave+1","Rampage","Pommel Strike+1","Shrug It Off","Barricade","RitualDagger","Battle Trance+1","Infernal Blade","True Grit"],"relics":["Burning Blood","NeowsBlessing","Sundial","Gremlin Horn","Orichalcum","Vajra","MawBank"],"potions_floor_usage":[14,16,18,20],"damage_taken":[{"damage":0,"enemies":"Jaw Worm","floor":1,"turns":1},{"damage":0,"enemies":"Small Slimes","floor":4,"turns":1},{"damage":0,"enemies":"Lagavulin","floor":7,"turns":1},{"damage":0,"enemies":"2 Louse","floor":8,"turns":2},{"damage":5,"enemies":"2 Fungi Beasts","floor":11,"turns":4},{"damage":14,"enemies":"Red Slaver","floor":12,"turns":3},{"damage":0,"enemies":"Gremlin Nob","floor":14,"turns":3},{"damage":3,"enemies":"Slime Boss","floor":16,"turns":6},{"damage":22,"enemies":"2 Thieves","floor":18,"turns":5},{"damage":27,"enemies":"Shell Parasite","floor":20,"turns":8},{"damage":23,"enemies":"3 Cultists","floor":21,"turns":5},{"damage":35,"enemies":"Slavers","floor":24,"turns":4},{"damage":19,"enemies":"Centurion and Healer","floor":25,"turns":6}],"seed_played":"-1965669988067790638","potions_obtained":[{"floor":7,"key":"Energy Potion"},{"floor":14,"key":"BloodPotion"},{"floor":16,"key":"SpeedPotion"},{"floor":18,"key":"Fire Potion"},{"floor":21,"key":"Ancient Potion"}],"is_trial":false,"path_per_floor":["M","?","$","M","?","R","E","M","T","R","M","M","?","E","R","B",null,"M","?","M","M","?","R","E","M"],"character_chosen":"IRONCLAD","items_purchased":["Clothesline"],"campfire_rested":1,"item_purchase_floors":[3],"current_hp_per_floor":[78,78,78,80,85,85,85,85,85,85,85,77,65,71,71,82,84,68,62,41,24,24,49,20,1],"gold":307,"neow_bonus":"THREE_ENEMY_KILL","is_prod":false,"is_daily":false,"chose_seed":false,"campfire_upgraded":3,"win_rate":0,"timestamp":1547878376,"path_taken":["M","?","$","M","?","R","E","M","T","R","M","M","?","E","R","BOSS","M","?","M","M","?","R","E","?"],"build_version":"2019-01-17","purchased_purges":0,"victory":false,"max_hp_per_floor":[80,80,80,80,85,85,85,85,85,85,85,85,85,85,85,85,85,85,85,85,85,85,85,85,85],"card_choices":[{"not_picked":["Clash","Wild Strike"],"picked":"Shrug It Off","floor":1},{"not_picked":["Clash","Wild Strike"],"picked":"Cleave","floor":4},{"not_picked":["Seeing Red","Dropkick"],"picked":"Rampage","floor":7},{"not_picked":["Cleave","Flex","Sentinel"],"picked":"SKIP","floor":8},{"not_picked":["Shrug It Off","Clothesline"],"picked":"Pommel Strike","floor":11},{"not_picked":["Burning Pact","Power Through","Entrench"],"picked":"SKIP","floor":12},{"not_picked":["Anger","Sword Boomerang"],"picked":"Shrug It Off","floor":14},{"not_picked":["Reaper","Impervious"],"picked":"Barricade","floor":16},{"not_picked":["Rupture","Cleave+1","Flex"],"picked":"SKIP","floor":18},{"not_picked":["Havoc","Wild Strike"],"picked":"Battle Trance+1","floor":20},{"not_picked":["Body Slam","Heavy Blade","Clash"],"picked":"SKIP","floor":21},{"not_picked":["Dropkick+1","Headbutt"],"picked":"True Grit","floor":24}],"player_experience":610694,"relics_obtained":[{"floor":7,"key":"Sundial"},{"floor":9,"key":"Gremlin Horn"},{"floor":14,"key":"Vajra"},{"floor":24,"key":"MawBank"}],"event_choices":[{"damage_healed":0,"gold_gain":0,"player_choice":"Leave","damage_taken":0,"max_hp_gain":0,"max_hp_loss":0,"event_name":"The Cleric","floor":2,"gold_loss":0},{"damage_healed":0,"gold_gain":0,"player_choice":"Donut","damage_taken":0,"max_hp_gain":5,"max_hp_loss":0,"event_name":"Big Fish","floor":5,"gold_loss":0},{"damage_healed":0,"gold_gain":0,"player_choice":"Success","damage_taken":12,"relics_obtained":["Orichalcum"],"max_hp_gain":0,"max_hp_loss":0,"event_name":"Scrap Ooze","floor":13,"gold_loss":0},{"damage_healed":0,"gold_gain":0,"player_choice":"Joined the Cult","damage_taken":6,"max_hp_gain":0,"max_hp_loss":0,"event_name":"Nest","floor":19,"gold_loss":0,"cards_obtained":["RitualDagger"]},{"damage_healed":0,"gold_gain":0,"cards_transformed":["Strike_R"],"player_choice":"Transformed","damage_taken":0,"max_hp_gain":0,"max_hp_loss":0,"event_name":"Transmorgrifier","floor":22,"gold_loss":0,"cards_obtained":["Infernal Blade"]}],"is_beta":true,"boss_relics":[{"not_picked":["Snecko Eye","Runic Pyramid","Runic Dome"]}],"items_purged_floors":[],"is_endless":false,"potions_floor_spawned":[7,14,16,18,21],"killed_by":"Centurion and Healer","ascension_level":6}