{"gold_per_floor":[209,209,52,67,85,119,129,129,153,153,7,7,21,21,21,150,150,168,168,93,113,132,132,132],"floor_reached":24,"playtime":2097,"items_purged":[],"score":225,"play_id":"721c92e3-03db-4f40-a53a-feaa41a8461a","local_time":"20190211160600","is_ascension_mode":true,"campfire_choices":[{"floor":8,"key":"REST"},{"floor":12,"key":"REST"},{"data":"Footwork","floor":15,"key":"SMITH"},{"floor":23,"key":"REST"}],"neow_cost":"NONE","seed_source_timestamp":2602170036729026,"circlet_count":0,"master_deck":["Defend_G","Defend_G","Defend_G","Defend_G","Defend_G","Strike_G","Strike_G","Strike_G","Strike_G","Strike_G","Survivor","Neutralize","Sucker Punch","Leg Sweep","PiercingWail","Well Laid Plans","Backflip","Cloak And Dagger","Quick Slash","Deflect","Injury","Footwork+1","Slice","Envenom","Acrobatics","Noxious Fumes","PiercingWail","Dagger Throw+1","Escape Plan+1"],"relics":["Ring of the Serpent","Vajra","Bag of Preparation","Golden Idol","Dream Catcher","Centennial Puzzle"],"potions_floor_usage":[16],"damage_taken":[{"damage":0,"enemies":"Cultist","floor":1,"turns":3},{"damage":1,"enemies":"Jaw Worm","floor":4,"turns":4},{"damage":2,"enemies":"Small Slimes","floor":5,"turns":3},{"damage":33,"enemies":"3 Sentries","floor":6,"turns":13},{"damage":3,"enemies":"Looter","floor":7,"turns":3},{"damage":6,"enemies":"Lots of Slimes","floor":13,"turns":6},{"damage":55,"enemies":"Hexaghost","floor":16,"turns":19},{"damage":10,"enemies":"Shell Parasite","floor":18,"turns":11},{"damage":10,"enemies":"2 Thieves","floor":20,"turns":5},{"damage":27,"enemies":"Snecko","floor":21,"turns":8},{"damage":10,"enemies":"Snake Plant","floor":22,"turns":7},{"damage":43,"enemies":"3 Cultists","floor":24,"turns":5}],"seed_played":"-3788578777910290376","potions_obtained":[{"floor":1,"key":"Block Potion"},{"floor":6,"key":"Energy Potion"},{"floor":22,"key":"SteroidPotion"}],"is_trial":false,"path_per_floor":["M","?","$","M","M","E","M","R","T","?","$","R","M","?","R","B",null,"M","?","M","M","M","R","M"],"character_chosen":"THE_SILENT","items_purchased":["Leg Sweep","PiercingWail","Well Laid Plans","Dream Catcher"],"campfire_rested":3,"item_purchase_floors":[3,3,3,11],"current_hp_per_floor":[70,70,70,69,67,34,31,52,52,52,52,70,64,69,69,14,75,65,65,55,28,18,40,0],"gold":132,"neow_bonus":"HUNDRED_GOLD","is_prod":false,"is_daily":false,"chose_seed":false,"campfire_upgraded":1,"win_rate":0,"timestamp":1549872360,"path_taken":["M","?","$","M","M","E","M","R","T","?","$","R","M","?","R","BOSS","M","?","M","M","?","R","M"],"build_version":"2019-01-23","purchased_purges":0,"victory":false,"max_hp_per_floor":[70,70,70,70,70,70,70,70,70,70,70,70,70,75,75,75,75,75,75,75,75,75,75,75],"card_choices":[{"not_picked":["Terror","Concentrate"],"picked":"Sucker Punch","floor":1},{"not_picked":["Endless Agony","Predator"],"picked":"Backflip","floor":4},{"not_picked":["Blade Dance","Deflect"],"picked":"Cloak And Dagger","floor":5},{"not_picked":["Tactician","Riddle With Holes"],"picked":"Quick Slash","floor":6},{"not_picked":["Night Terror","Dodge and Roll"],"picked":"Deflect","floor":7},{"not_picked":["Flying Knee","Concentrate"],"picked":"Footwork","floor":12},{"not_picked":["Blade Dance","Deadly Poison"],"picked":"Slice","floor":13},{"not_picked":["Glass Knife","Venomology"],"picked":"Envenom","floor":16},{"not_picked":["Choke+1","Prepared+1"],"picked":"Acrobatics","floor":18},{"not_picked":["Blade Dance","PiercingWail"],"picked":"Noxious Fumes","floor":20},{"not_picked":["Poisoned Stab","Die Die Die"],"picked":"PiercingWail","floor":21},{"not_picked":["Caltrops+1","Acrobatics"],"picked":"Dagger Throw+1","floor":22},{"not_picked":["Underhanded Strike","Setup+1"],"picked":"Escape Plan+1","floor":23}],"player_experience":67440,"relics_obtained":[{"floor":6,"key":"Vajra"},{"floor":9,"key":"Bag of Preparation"}],"event_choices":[{"damage_healed":0,"gold_gain":0,"player_choice":"Ignored","damage_taken":0,"max_hp_gain":0,"max_hp_loss":0,"event_name":"Golden Wing","floor":2,"gold_loss":0},{"damage_healed":0,"gold_gain":0,"player_choice":"Take Wound","damage_taken":0,"relics_obtained":["Golden Idol"],"max_hp_gain":0,"max_hp_loss":0,"event_name":"Golden Idol","floor":10,"gold_loss":0,"cards_obtained":["Injury"]},{"damage_healed":0,"gold_gain":0,"player_choice":"Donut","damage_taken":0,"max_hp_gain":5,"max_hp_loss":0,"event_name":"Big Fish","floor":14,"gold_loss":0},{"damage_healed":0,"gold_gain":0,"player_choice":"Gave Potion","damage_taken":0,"relics_obtained":["Centennial Puzzle"],"max_hp_gain":0,"max_hp_loss":0,"event_name":"WeMeetAgain","floor":19,"gold_loss":0}],"is_beta":false,"boss_relics":[{"not_picked":["White Beast Statue","Philosopher\u0027s Stone"],"picked":"Ring of the Serpent"}],"items_purged_floors":[],"is_endless":false,"potions_floor_spawned":[1,6,22],"killed_by":"3 Cultists","ascension_level":3}