{"gold_per_floor":[10,24,39,56,72,72,72,72,122,136,136,155,174,201,201,275,275,255,275,275,275,275,275,291,321,321,321,348,358,358,65,65,140,140,152,168,184,200,77,77,27,55,55,0,0,0,10,28,28,28],"floor_reached":50,"playtime":2349,"items_purged":["Strike_B","Strike_B"],"score":1013,"play_id":"9970f61f-b251-4305-b76a-262c5520c13e","local_time":"20190124124142","is_ascension_mode":true,"campfire_choices":[{"data":"Zap","floor":6.0,"key":"SMITH"},{"data":"White Noise","floor":8.0,"key":"SMITH"},{"data":"Streamline","floor":11.0,"key":"SMITH"},{"data":"Buffer","floor":15.0,"key":"SMITH"},{"data":"Go for the Eyes","floor":23,"key":"SMITH"},{"data":"Dualcast","floor":27,"key":"SMITH"},{"data":"Echo Form","floor":30,"key":"SMITH"},{"data":"Defragment","floor":32,"key":"SMITH"},{"floor":40,"key":"REST"},{"floor":45,"key":"REST"},{"floor":49,"key":"REST"}],"neow_cost":"NO_GOLD","seed_source_timestamp":95292825785894,"circlet_count":0,"master_deck":["AscendersBane","Defend_B","Defend_B","Defend_B","Zap+1","Dualcast+1","Leap","White Noise+1","BootSequence","Streamline+1","Hologram","Buffer+1","Go for the Eyes+1","Multi-Cast","Sunder","Ghostly","Ghostly","Ghostly","Ghostly","Ghostly","Scrape","Self Repair","Echo Form+1","Reinforced Body+1","Defragment+1","Electrodynamics","White Noise+1","Ball Lightning+1","Tempest+1","Capacitor"],"special_seed":0,"relics":["Cracked Core","Bronze Scales","DataDisk","Eternal Feather","Shuriken","Toxic Egg 2","Smiling Mask","Orichalcum","Fusion Hammer","Dream Catcher","Cables","The Courier","Red Mask"],"potions_floor_usage":[25,33,38,50,50],"damage_taken":[{"damage":5.0,"enemies":"Small Slimes","floor":1.0,"turns":3.0},{"damage":1.0,"enemies":"Cultist","floor":2.0,"turns":3.0},{"damage":0.0,"enemies":"Jaw Worm","floor":3.0,"turns":1.0},{"damage":3.0,"enemies":"Blue Slaver","floor":4.0,"turns":4.0},{"damage":22.0,"enemies":"Large Slime","floor":5.0,"turns":7.0},{"damage":21.0,"enemies":"Gremlin Gang","floor":10.0,"turns":4.0},{"damage":1.0,"enemies":"Looter","floor":12.0,"turns":2.0},{"damage":2.0,"enemies":"Exordium Thugs","floor":13.0,"turns":4.0},{"damage":23.0,"enemies":"Slime Boss","floor":16.0,"turns":11.0},{"damage":15.0,"enemies":"2 Thieves","floor":18.0,"turns":4.0},{"damage":2.0,"enemies":"Shell Parasite","floor":19.0,"turns":5.0},{"damage":5,"enemies":"Cultist and Chosen","floor":24,"turns":6},{"damage":26,"enemies":"Slavers","floor":25,"turns":5},{"damage":10,"enemies":"Gremlin Leader","floor":28,"turns":7},{"damage":8,"enemies":"Snake Plant","floor":29,"turns":3},{"damage":0,"enemies":"Collector","floor":33,"turns":10},{"damage":0,"enemies":"3 Shapes","floor":35,"turns":6},{"damage":0,"enemies":"3 Darklings","floor":36,"turns":3},{"damage":0,"enemies":"Jaw Worm Horde","floor":37,"turns":4},{"damage":0,"enemies":"Sphere and 2 Shapes","floor":38,"turns":6},{"damage":0,"enemies":"Nemesis","floor":42,"turns":7},{"damage":1,"enemies":"4 Shapes","floor":47,"turns":5},{"damage":0,"enemies":"Spire Growth","floor":48,"turns":4},{"damage":38,"enemies":"Awakened One","floor":50,"turns":4}],"seed_played":"-7712658762684632106","potions_obtained":[{"floor":1.0,"key":"Fire Potion"},{"floor":2.0,"key":"Strength Potion"},{"floor":3.0,"key":"Energy Potion"},{"floor":12.0,"key":"FocusPotion"},{"floor":24,"key":"SkillPotion"},{"floor":28,"key":"Block Potion"},{"floor":33,"key":"AttackPotion"},{"floor":47,"key":"Weak Potion"},{"floor":48,"key":"FocusPotion"}],"is_trial":false,"path_per_floor":["M","M","M","M","M","R","?","R","T","M","R","M","M","T","R","B",null,"M","M","?","?","?","R","M","E","T","R","E","M","R","$","R","B",null,"M","M","M","M","?","R","$","E","T","?","R","?","M","M","R","B"],"character_chosen":"DEFECT","items_purchased":["Defragment","Orichalcum","Energy Potion"],"campfire_rested":3,"item_purchase_floors":[31,31,31],"current_hp_per_floor":[59,58,58,55,33,33,71,71,71,50,50,49,47,47,47,24,59,44,42,42,35,35,35,30,4,4,19,16,15,30,30,35,35,35,35,35,35,35,35,35,35,35,35,35,35,35,35,35,35,0],"gold":28,"neow_bonus":"TRANSFORM_TWO_CARDS","is_prod":false,"is_daily":false,"chose_seed":false,"campfire_upgraded":8,"win_rate":0,"timestamp":1548301302,"path_taken":["M","M","M","M","M","R","?","R","T","?","R","M","M","?","R","BOSS","M","M","?","?","?","R","M","E","T","R","E","M","R","$","R","BOSS","M","M","?","M","?","R","?","E","T","?","R","?","M","?","R","BOSS"],"build_version":"2019-01-23","purchased_purges":2,"victory":false,"max_hp_per_floor":[71,71,71,71,71,71,71,71,71,71,71,71,71,71,71,71,71,71,71,71,35,35,35,35,35,35,35,35,35,35,35,35,35,35,35,35,35,35,35,35,35,35,35,35,35,35,35,35,35,35],"card_choices":[{"not_picked":["Hello World","Static Discharge"],"picked":"White Noise","floor":1.0},{"not_picked":["Force Field","Heatsinks","Rebound"],"picked":"SKIP","floor":2.0},{"not_picked":["Redo","Static Discharge"],"picked":"BootSequence","floor":3.0},{"not_picked":["Compile Driver","Barrage"],"picked":"Streamline","floor":4.0},{"not_picked":["Coolheaded","Streamline"],"picked":"Hologram","floor":5.0},{"not_picked":["Genetic Algorithm","Gash","Heatsinks"],"picked":"SKIP","floor":10.0},{"not_picked":["Compile Driver","Recycle"],"picked":"Buffer","floor":12.0},{"not_picked":["Leap","Conserve Battery"],"picked":"Go for the Eyes","floor":13.0},{"not_picked":["Reboot","Machine Learning"],"picked":"Multi-Cast","floor":16.0},{"not_picked":["Scrape+1","Stack","Storm"],"picked":"SKIP","floor":18.0},{"not_picked":["Barrage","Compile Driver"],"picked":"Sunder","floor":19.0},{"not_picked":["Turbo","Stack","Blizzard"],"picked":"SKIP","floor":24},{"not_picked":["Go for the Eyes+1","Reprogram+1"],"picked":"Self Repair","floor":25},{"not_picked":["Streamline","Sweeping Beam+1"],"picked":"Echo Form","floor":28},{"not_picked":["Cold Snap","Storm"],"picked":"Reinforced Body+1","floor":29},{"not_picked":["Fission+1","All For One"],"picked":"Electrodynamics","floor":33},{"not_picked":["Cold Snap","Auto Shields+1"],"picked":"White Noise+1","floor":35},{"not_picked":["Barrage","Force Field+1","Stack+1"],"picked":"SKIP","floor":36},{"not_picked":["Cold Snap","Beam Cell+1","Steam+1"],"picked":"SKIP","floor":37},{"not_picked":["Rebound","Sweeping Beam"],"picked":"Ball Lightning+1","floor":38},{"not_picked":["Cold Snap","Reboot+1","Doom and Gloom"],"picked":"SKIP","floor":42},{"not_picked":["Conserve Battery+1","Cold Snap"],"picked":"Tempest+1","floor":47},{"not_picked":["Ball Lightning","Doom and Gloom+1","Creative AI"],"picked":"SKIP","floor":48},{"not_picked":["Storm","Hologram+1"],"picked":"Capacitor","floor":49}],"player_experience":442306,"relics_obtained":[{"floor":9.0,"key":"Bronze Scales"},{"floor":14.0,"key":"DataDisk"},{"floor":25,"key":"Shuriken"},{"floor":26,"key":"Toxic Egg 2"},{"floor":28,"key":"Smiling Mask"},{"floor":42,"key":"Cables"},{"floor":43,"key":"The Courier"}],"event_choices":[{"damage_healed":38.0,"max_hp_gain":0.0,"max_hp_loss":0.0,"gold_gain":0.0,"event_name":"Wheel of Change","player_choice":"Full Heal","floor":7.0,"gold_loss":0.0,"damage_taken":0.0},{"damage_healed":0,"gold_gain":0,"player_choice":"Ignored","damage_taken":0,"max_hp_gain":0,"max_hp_loss":0,"event_name":"The Mausoleum","floor":20,"gold_loss":0},{"damage_healed":0,"gold_gain":0,"player_choice":"Became a Ghost","damage_taken":0,"max_hp_gain":0,"max_hp_loss":36,"event_name":"Ghosts","floor":21,"gold_loss":0,"cards_obtained":["Ghostly","Ghostly","Ghostly","Ghostly","Ghostly"]},{"damage_healed":0,"gold_gain":0,"cards_transformed":["Strike_B"],"player_choice":"Transformed","damage_taken":0,"max_hp_gain":0,"max_hp_loss":0,"event_name":"Transmorgrifier","floor":22,"gold_loss":0,"cards_obtained":["Scrape"]},{"damage_healed":0,"gold_gain":0,"player_choice":"Paid Gold","damage_taken":0,"relics_obtained":["Dream Catcher"],"max_hp_gain":0,"max_hp_loss":0,"event_name":"WeMeetAgain","floor":39,"gold_loss":123},{"damage_healed":0,"gold_gain":0,"player_choice":"Paid","damage_taken":0,"relics_obtained":["Red Mask"],"max_hp_gain":0,"max_hp_loss":0,"event_name":"Tomb of Lord Red Mask","floor":44,"gold_loss":55},{"cards_removed":["Hello World"],"damage_healed":0,"gold_gain":0,"player_choice":"Removed Power","damage_taken":0,"max_hp_gain":0,"max_hp_loss":0,"event_name":"Falling","floor":46,"gold_loss":0}],"is_beta":false,"boss_relics":[{"not_picked":["Lizard Tail","Empty Cage"],"picked":"Eternal Feather"},{"not_picked":["Calling Bell","Philosopher\u0027s Stone"],"picked":"Fusion Hammer"}],"items_purged_floors":[31,41],"is_endless":false,"potions_floor_spawned":[1,2,3,12,24,28,33,35,37,47,48],"killed_by":"Awakened One","ascension_level":14}