{"gold_per_floor":[113,127,127,141,157,157,183,183,183,193,126,144,9,24,24,24],"floor_reached":16,"playtime":1251,"items_purged":[],"score":104,"play_id":"bbc8c4fe-3d09-4044-817d-83740d860aa4","local_time":"20190212181555","is_ascension_mode":false,"campfire_choices":[{"data":"Armaments","floor":6,"key":"SMITH"},{"data":"Entrench","floor":8,"key":"SMITH"},{"data":"Seeing Red","floor":15,"key":"SMITH"}],"neow_cost":"NONE","seed_source_timestamp":2697211551330063,"circlet_count":0,"master_deck":["Strike_R","Strike_R","Strike_R","Strike_R","Defend_R","Defend_R","Defend_R","Defend_R","Bash","Dramatic Entrance","Pommel Strike","Headbutt","Armaments+1","Seeing Red+1","Dropkick","Entrench+1","Warcry","Feed","Shrug It Off"],"relics":["Burning Blood","Incense Burner","Peace Pipe","Ice Cream"],"potions_floor_usage":[16],"damage_taken":[{"damage":0,"enemies":"2 Louse","floor":1,"turns":2},{"damage":6,"enemies":"Cultist","floor":2,"turns":3},{"damage":10,"enemies":"Jaw Worm","floor":4,"turns":4},{"damage":3,"enemies":"Lots of Slimes","floor":5,"turns":3},{"damage":30,"enemies":"Lagavulin","floor":7,"turns":6},{"damage":16,"enemies":"2 Fungi Beasts","floor":10,"turns":3},{"damage":3,"enemies":"3 Louse","floor":12,"turns":2},{"damage":1,"enemies":"Looter","floor":14,"turns":4},{"damage":66,"enemies":"Slime Boss","floor":16,"turns":14}],"seed_played":"3119784027408476924","potions_obtained":[{"floor":1,"key":"Dexterity Potion"},{"floor":4,"key":"BloodPotion"}],"is_trial":false,"path_per_floor":["M","M","?","M","M","R","E","R","T","M","?","M","$","M","R","B"],"character_chosen":"IRONCLAD","items_purchased":["Feed"],"campfire_rested":0,"item_purchase_floors":[13],"current_hp_per_floor":[80,80,80,76,79,79,55,55,55,45,45,48,48,57,57,0],"gold":24,"neow_bonus":"RANDOM_COLORLESS","is_prod":false,"is_daily":false,"chose_seed":false,"campfire_upgraded":3,"win_rate":0.0,"timestamp":1549966555,"path_taken":["M","M","?","M","?","R","E","R","T","M","?","?","$","M","R","BOSS"],"build_version":"2019-01-23","purchased_purges":0,"victory":false,"max_hp_per_floor":[80,80,80,80,80,80,80,80,80,80,80,80,80,84,84,84],"card_choices":[{"not_picked":["Clash","Warcry"],"picked":"Pommel Strike","floor":1},{"not_picked":["Pommel Strike","Rampage"],"picked":"Headbutt","floor":2},{"not_picked":["Perfected Strike","Heavy Blade"],"picked":"Seeing Red","floor":4},{"not_picked":["Sword Boomerang","Flex"],"picked":"Dropkick","floor":5},{"not_picked":["Rupture","Heavy Blade"],"picked":"Entrench","floor":7},{"not_picked":["Anger","Flex"],"picked":"Warcry","floor":10},{"not_picked":["Heavy Blade","Seeing Red","Second Wind"],"picked":"SKIP","floor":12},{"not_picked":["Twin Strike","Clothesline"],"picked":"Shrug It Off","floor":14}],"player_experience":88515,"relics_obtained":[{"floor":7,"key":"Incense Burner"},{"floor":9,"key":"Peace Pipe"}],"event_choices":[{"damage_healed":0,"gold_gain":0,"cards_transformed":["Strike_R"],"player_choice":"Transformed","damage_taken":0,"max_hp_gain":0,"max_hp_loss":0,"event_name":"Transmorgrifier","floor":3,"gold_loss":0,"cards_obtained":["Armaments"]},{"damage_healed":0,"gold_gain":0,"player_choice":"Paid Gold","damage_taken":0,"relics_obtained":["Ice Cream"],"max_hp_gain":0,"max_hp_loss":0,"event_name":"WeMeetAgain","floor":11,"gold_loss":67}],"is_beta":false,"boss_relics":[],"items_purged_floors":[],"is_endless":false,"potions_floor_spawned":[1,4],"killed_by":"Slime Boss","ascension_level":0}