{"gold_per_floor":[365,377,23,23,38,38,73,73,127,52,52,77,77,77,77,153,153,168,168,195,205,205,205,239,239,239,255,271,290,290,306,306,306],"floor_reached":33,"playtime":1419,"items_purged":["Pain"],"score":596,"play_id":"9cda6c1b-439c-4cc9-b924-cace8f479b40","local_time":"20181210153802","is_ascension_mode":true,"campfire_choices":[{"data":"Glass Knife","floor":6.0,"key":"SMITH"},{"data":"Dagger Spray","floor":8.0,"key":"SMITH"},{"data":"Dash","floor":11.0,"key":"SMITH"},{"floor":15.0,"key":"REST"},{"data":"Infinite Blades","floor":23.0,"key":"SMITH"},{"floor":25.0,"key":"REST"},{"floor":32,"key":"REST"}],"neow_cost":"CURSE","seed_source_timestamp":0,"circlet_count":0,"master_deck":["AscendersBane","Defend_G+1","Defend_G+1","Defend_G","Defend_G","Defend_G","Survivor","Neutralize+1","Flechettes","Dash+1","Glass Knife+1","Blur","Deflect","Dagger Spray+1","Well Laid Plans","Adrenaline","Doppelganger+1","Quick Slash+1","Dodge and Roll","Dagger Throw+1","Cloak And Dagger","Infinite Blades+1","Leg Sweep","Backstab","Poisoned Stab+1","Deadly Poison","PiercingWail","Escape Plan"],"special_seed":0,"relics":["Ring of the Snake","Strawberry","War Paint","Anchor","Astrolabe","Red Mask","Dream Catcher","Paper Crane"],"potions_floor_usage":[],"damage_taken":[{"damage":8.0,"enemies":"Small Slimes","floor":1.0,"turns":4.0},{"damage":1.0,"enemies":"2 Louse","floor":2.0,"turns":2.0},{"damage":3.0,"enemies":"Jaw Worm","floor":5.0,"turns":2.0},{"damage":0.0,"enemies":"Gremlin Nob","floor":7.0,"turns":4.0},{"damage":38.0,"enemies":"Lagavulin","floor":12.0,"turns":10.0},{"damage":29.0,"enemies":"Slime Boss","floor":16.0,"turns":13.0},{"damage":4.0,"enemies":"Spheric Guardian","floor":18.0,"turns":5.0},{"damage":14.0,"enemies":"Masked Bandits","floor":20.0,"turns":6.0},{"damage":5.0,"enemies":"Chosen","floor":21.0,"turns":4.0},{"damage":10.0,"enemies":"Slavers","floor":24.0,"turns":7.0},{"damage":3.0,"enemies":"Snecko","floor":27.0,"turns":7.0},{"damage":17.0,"enemies":"Cultist and Chosen","floor":28.0,"turns":5.0},{"damage":1,"enemies":"Snake Plant","floor":29,"turns":3},{"damage":2,"enemies":"Snecko","floor":31,"turns":7},{"damage":54,"enemies":"Champ","floor":33,"turns":13}],"seed_played":"5552185100844220369","potions_obtained":[{"floor":1.0,"key":"GhostInAJar"},{"floor":12.0,"key":"GhostInAJar"},{"floor":16.0,"key":"Fire Potion"},{"floor":18.0,"key":"GhostInAJar"},{"floor":24.0,"key":"GamblersBrew"},{"floor":27.0,"key":"SkillPotion"},{"floor":29,"key":"Energy Potion"}],"is_trial":false,"path_per_floor":["M","M","$","?","M","R","E","R","T","?","R","E","?","?","R","B",null,"M","?","?","M","?","R","E","R","T","M","M","M","M","?","M","R","B"],"character_chosen":"THE_SILENT","items_purchased":["Glass Knife","Blur","Deflect"],"campfire_rested":3,"item_purchase_floors":[3,3,3],"current_hp_per_floor":[51,50,50,50,47,47,54,54,54,54,54,16,16,21,44,15,62,58,58,44,39,39,39,29,52,52,49,32,31,9,7,31,0],"gold":306,"neow_bonus":"TWO_FIFTY_GOLD","is_prod":false,"is_daily":false,"chose_seed":false,"campfire_upgraded":4,"win_rate":0,"timestamp":1544452682,"path_taken":["M","M","$","?","M","R","E","R","T","?","R","E","?","?","R","BOSS","M","?","?","M","?","R","E","R","T","?","M","M","?","M","R","BOSS"],"build_version":"2018-12-06","purchased_purges":1,"victory":false,"max_hp_per_floor":[66,66,66,66,66,66,73,73,73,73,73,73,73,78,78,78,78,78,78,78,78,78,78,78,78,78,78,78,78,83,83,83,83],"card_choices":[{"not_picked":["Outmaneuver","Finisher"],"picked":"Flechettes","floor":1.0},{"not_picked":["Underhanded Strike","Bane"],"picked":"Dash","floor":2.0},{"not_picked":["Dagger Throw","Flying Knee"],"picked":"Dagger Spray","floor":5.0},{"not_picked":["Terror","Caltrops"],"picked":"Well Laid Plans","floor":7.0},{"not_picked":["Unload","Slice","Expertise"],"picked":"SKIP","floor":12.0},{"not_picked":["Burst","Die Die Die"],"picked":"Adrenaline","floor":16.0},{"not_picked":["Deflect","Concentrate"],"picked":"Dodge and Roll","floor":18.0},{"not_picked":["Slice","Acrobatics"],"picked":"Dagger Throw+1","floor":20.0},{"not_picked":["Finisher","Masterful Stab"],"picked":"Cloak And Dagger","floor":21.0},{"not_picked":["Catalyst+1","Flying Knee","Dagger Spray"],"picked":"SKIP","floor":24.0},{"not_picked":["Blade Dance","Heel Hook"],"picked":"Backstab","floor":25.0},{"not_picked":["Doppelganger","Backflip"],"picked":"Poisoned Stab+1","floor":27.0},{"not_picked":["Bane","Prepared"],"picked":"Deadly Poison","floor":28},{"not_picked":["Predator","Bullet Time","Bouncing Flask"],"picked":"SKIP","floor":29},{"not_picked":["Well Laid Plans","Dodge and Roll"],"picked":"PiercingWail","floor":31},{"not_picked":["Acrobatics","Dodge and Roll"],"picked":"Escape Plan","floor":32}],"player_experience":1779480,"relics_obtained":[{"floor":7.0,"key":"Strawberry"},{"floor":9.0,"key":"War Paint"},{"floor":12.0,"key":"Anchor"},{"floor":20.0,"key":"Red Mask"},{"floor":24.0,"key":"Dream Catcher"},{"floor":26.0,"key":"Paper Crane"}],"event_choices":[{"damage_healed":0.0,"max_hp_gain":0.0,"max_hp_loss":0.0,"gold_gain":0.0,"event_name":"Living Wall","player_choice":"Grow","floor":4.0,"gold_loss":0.0,"damage_taken":0.0,"cards_upgraded":["Neutralize"]},{"cards_removed":["Strike_G"],"damage_healed":0.0,"max_hp_gain":0.0,"max_hp_loss":0.0,"gold_gain":0.0,"event_name":"The Cleric","player_choice":"Card Removal","floor":10.0,"gold_loss":75.0,"damage_taken":0.0},{"damage_healed":0.0,"max_hp_gain":0.0,"max_hp_loss":0.0,"gold_gain":0.0,"event_name":"Shining Light","player_choice":"Ignored","floor":13.0,"gold_loss":0.0,"damage_taken":0.0},{"damage_healed":0.0,"max_hp_gain":5.0,"max_hp_loss":0.0,"gold_gain":0.0,"event_name":"Big Fish","player_choice":"Donut","floor":14.0,"gold_loss":0.0,"damage_taken":0.0},{"damage_healed":0.0,"max_hp_gain":0.0,"max_hp_loss":0.0,"gold_gain":0.0,"event_name":"The Mausoleum","player_choice":"Ignored","floor":19.0,"gold_loss":0.0,"damage_taken":0.0},{"damage_healed":0.0,"max_hp_gain":0.0,"max_hp_loss":0.0,"gold_gain":0.0,"event_name":"Masked Bandits","player_choice":"Fought Bandits","floor":20.0,"gold_loss":0.0,"damage_taken":0.0},{"damage_healed":0.0,"max_hp_gain":0.0,"max_hp_loss":0.0,"gold_gain":0.0,"cards_transformed":["Grand Finale","Strike_G"],"event_name":"Drug Dealer","player_choice":"Became Test Subject","floor":22.0,"gold_loss":0.0,"damage_taken":0.0,"cards_obtained":["Infinite Blades","Leg Sweep"]},{"damage_healed":0,"gold_gain":0,"player_choice":"Shed Blood","damage_taken":27,"max_hp_gain":5,"max_hp_loss":0,"event_name":"Forgotten Altar","floor":30,"gold_loss":0}],"is_beta":false,"boss_relics":[{"not_picked":["Orrery","Runic Pyramid"],"picked":"Astrolabe"}],"items_purged_floors":[3],"is_endless":false,"potions_floor_spawned":[1,12,16,18,24,27,29],"killed_by":"Champ","ascension_level":20}