{"gold_per_floor":[217,234,245,245,263,293,38,38,89,89,108,139,139,164,164,260,260,280,299,13,13,28,28,28,52,52,52,75,75],"floor_reached":29,"playtime":2174,"items_purged":[],"score":462,"play_id":"5f73448f-33bb-487c-ad15-a0ce6f6437b3","local_time":"20190202200453","is_ascension_mode":true,"campfire_choices":[{"floor":8,"key":"REST"},{"data":"Echo Form","floor":15,"key":"SMITH"},{"data":"Defragment","floor":23,"key":"SMITH"}],"neow_cost":"NONE","seed_source_timestamp":803571577240293,"circlet_count":0,"master_deck":["AscendersBane","Strike_B","Strike_B","Strike_B","Strike_B","Defend_B","Defend_B","Defend_B","Defend_B","Zap","Dualcast","Cold Snap","Loop","Glacier","Barrage","Echo Form+1","Defragment+1","Self Repair","Conserve Battery","Compile Driver","Electrodynamics","Beam Cell","Conserve Battery","Ball Lightning","Chill","Steam","Go for the Eyes"],"relics":["Cracked Core","Pantograph","Juzu Bracelet","Regal Pillow","Omamori","Golden Idol","Gremlin Horn","Cursed Key","OrangePellets","Strawberry"],"potions_floor_usage":[5,5,6,11,16,18,25,27],"damage_taken":[{"damage":2,"enemies":"2 Louse","floor":1,"turns":4},{"damage":8,"enemies":"Small Slimes","floor":2,"turns":4},{"damage":4,"enemies":"Cultist","floor":3,"turns":3},{"damage":15,"enemies":"Large Slime","floor":5,"turns":7},{"damage":11,"enemies":"Lagavulin","floor":6,"turns":6},{"damage":6,"enemies":"3 Louse","floor":11,"turns":3},{"damage":9,"enemies":"3 Sentries","floor":12,"turns":11},{"damage":25,"enemies":"Blue Slaver","floor":14,"turns":5},{"damage":28,"enemies":"Hexaghost","floor":16,"turns":14},{"damage":15,"enemies":"Chosen","floor":18,"turns":7},{"damage":16,"enemies":"Spheric Guardian","floor":19,"turns":5},{"damage":16,"enemies":"Snecko","floor":22,"turns":5},{"damage":23,"enemies":"Sentry and Sphere","floor":25,"turns":9},{"damage":20,"enemies":"Colosseum Slavers","floor":27,"turns":3},{"damage":26,"enemies":"Centurion and Healer","floor":28,"turns":8},{"damage":21,"enemies":"Cultist and Chosen","floor":29,"turns":3}],"seed_played":"5550497032315979438","potions_obtained":[{"floor":2,"key":"FearPotion"},{"floor":3,"key":"Energy Potion"},{"floor":5,"key":"Poison Potion"},{"floor":6,"key":"Fire Potion"},{"floor":14,"key":"Explosive Potion"},{"floor":16,"key":"SkillPotion"},{"floor":18,"key":"SkillPotion"},{"floor":19,"key":"Regen Potion"},{"floor":25,"key":"FocusPotion"}],"is_trial":false,"path_per_floor":["M","M","M","?","M","E","$","R","T","?","M","E","?","M","R","B",null,"M","M","$","?","M","R","?","M","T","?","M","M"],"character_chosen":"DEFECT","items_purchased":["Defragment","Regal Pillow","OrangePellets","Ball Lightning"],"campfire_rested":1,"item_purchase_floors":[7,7,20,20],"current_hp_per_floor":[62,54,50,39,24,13,13,49,49,49,43,48,71,60,60,50,66,65,49,49,63,54,54,54,38,45,34,15,0],"gold":75,"neow_bonus":"HUNDRED_GOLD","is_prod":false,"is_daily":false,"chose_seed":false,"campfire_upgraded":2,"win_rate":0,"timestamp":1549155893,"path_taken":["M","M","M","?","M","E","$","R","T","?","M","E","?","M","R","BOSS","M","M","$","?","M","R","?","M","T","?","M","M"],"build_version":"2019-01-23","purchased_purges":0,"victory":false,"max_hp_per_floor":[71,71,71,71,71,71,71,71,71,71,71,71,71,71,71,71,71,71,71,71,71,71,71,71,71,78,78,78,78],"card_choices":[{"not_picked":["Darkness","Beam Cell"],"picked":"Cold Snap","floor":1},{"not_picked":["Heatsinks","Compile Driver"],"picked":"Loop","floor":2},{"not_picked":["Ball Lightning","Sweeping Beam"],"picked":"Glacier","floor":3},{"not_picked":["Steam Power","Thunder Strike"],"picked":"Barrage","floor":5},{"not_picked":["Rip and Tear","Fusion"],"picked":"Echo Form","floor":6},{"not_picked":["Streamline","Beam Cell"],"picked":"Self Repair","floor":11},{"not_picked":["Meteor Strike","Sweeping Beam"],"picked":"Conserve Battery","floor":12},{"not_picked":["Barrage","Gash"],"picked":"Compile Driver","floor":14},{"not_picked":["All For One","Biased Cognition"],"picked":"Electrodynamics","floor":16},{"not_picked":["Streamline","Steam Power"],"picked":"Beam Cell","floor":18},{"not_picked":["Genetic Algorithm","Aggregate+1"],"picked":"Conserve Battery","floor":19},{"not_picked":["Hologram+1","Sweeping Beam"],"picked":"Chill","floor":22},{"not_picked":["Barrage+1","Beam Cell"],"picked":"Steam","floor":25},{"not_picked":["Double Energy","Compile Driver+1"],"picked":"Go for the Eyes","floor":28}],"player_experience":2290434,"relics_obtained":[{"floor":6,"key":"Juzu Bracelet"},{"floor":9,"key":"Omamori"},{"floor":12,"key":"Gremlin Horn"},{"floor":26,"key":"Strawberry"}],"event_choices":[{"damage_healed":0,"gold_gain":0,"player_choice":"Success","damage_taken":11,"relics_obtained":["Pantograph"],"max_hp_gain":0,"max_hp_loss":0,"event_name":"Scrap Ooze","floor":4,"gold_loss":0},{"damage_healed":0,"gold_gain":0,"player_choice":"Take Wound","damage_taken":0,"relics_obtained":["Golden Idol"],"max_hp_gain":0,"max_hp_loss":0,"event_name":"Golden Idol","floor":10,"gold_loss":0,"cards_obtained":["Injury"]},{"damage_healed":23,"gold_gain":0,"player_choice":"Banana","damage_taken":0,"max_hp_gain":0,"max_hp_loss":0,"event_name":"Big Fish","floor":13,"gold_loss":0},{"damage_healed":14,"gold_gain":0,"player_choice":"Heal","damage_taken":0,"max_hp_gain":0,"max_hp_loss":0,"event_name":"The Library","floor":21,"gold_loss":0},{"damage_healed":0,"gold_gain":0,"player_choice":"Ignored","damage_taken":0,"max_hp_gain":0,"max_hp_loss":0,"event_name":"N\u0027loth","floor":24,"gold_loss":0},{"damage_healed":0,"gold_gain":0,"player_choice":"Fight","damage_taken":0,"max_hp_gain":0,"max_hp_loss":0,"event_name":"Colosseum","floor":27,"gold_loss":0},{"damage_healed":0,"gold_gain":0,"player_choice":"Fled From Nobs","damage_taken":0,"max_hp_gain":0,"max_hp_loss":0,"event_name":"Colosseum","floor":27,"gold_loss":0}],"is_beta":false,"boss_relics":[{"not_picked":["Black Star","Fusion Hammer"],"picked":"Cursed Key"}],"items_purged_floors":[],"is_endless":false,"potions_floor_spawned":[2,3,5,6,14,16,18,19,25],"killed_by":"Cultist and Chosen","ascension_level":19}