{"path_per_floor":["M","M","?","?","?","R","M","M","T","R","M","$","?","M","R","B",null,"M","?","M","M","?","R","?","$","T","R","M","?","M","M","R","B",null,"M","?","B"],"character_chosen":"DEFECT","items_purchased":["Defragment","War Paint"],"gold_per_floor":[13,33,33,33,33,33,48,62,62,62,73,73,73,87,87,190,190,200,200,216,229,229,229,229,14,14,14,31,31,50,69,69,170,170,188,188,188],"floor_reached":38,"campfire_rested":2,"playtime":4483,"item_purchase_floors":[25,25],"current_hp_per_floor":[75,75,75,80,80,80,80,80,80,80,80,80,80,77,77,39,80,66,66,63,58,58,58,43,43,53,81,56,56,53,53,81,81,95,95,95,92],"items_purged":[],"gold":188,"score":591,"play_id":"e3b692be-9f48-40a4-9917-7702e2eb5b6f","local_time":"20180621194551","is_prod":false,"is_daily":false,"chose_seed":false,"is_ascension_mode":false,"campfire_upgraded":4,"win_rate":0,"timestamp":1529624751,"campfire_choices":[{"data":"Zap","floor":6,"key":"SMITH"},{"data":"Chill","floor":10,"key":"SMITH"},{"data":"Loop","floor":15,"key":"SMITH"},{"data":"Creative AI","floor":23,"key":"SMITH"},{"floor":27,"key":"REST"},{"floor":32,"key":"REST"}],"path_taken":["M","M","?","?","?","R","M","M","T","R","M","$","?","M","R","BOSS","M","?","M","?","?","R","?","$","T","R","M","?","?","M","R","BOSS","M","?","BOSS"],"build_version":"2018-06-14v2","seed_source_timestamp":659534960261592,"purchased_purges":0,"victory":true,"master_deck":["Strike_B+1","Strike_B+1","Strike_B+1","Defend_B+1","Defend_B+1","Defend_B+1","Defend_B+1","Zap+1","Dualcast","Chill+1","Loop+1","Melter","Genetic Algorithm+1","Creative AI+1","Redo","Leap+1","Glacier+1","Defragment","Decay","Leap+1","Finesse","Zap","Amplify"],"max_hp_per_floor":[75,75,75,80,80,80,80,80,80,80,80,80,80,80,80,80,80,80,80,80,80,80,80,85,85,95,95,95,95,95,95,95,95,95,95,95,95],"relics":["Cracked Core","Thread and Needle","Shuriken","Cursed Key","War Paint","Pear","Philosopher\u0027s Stone"],"card_choices":[{"not_picked":["Stack","Lockon"],"picked":"Chill","floor":1},{"not_picked":["Cold Snap","Reinforced Body"],"picked":"Loop","floor":2},{"not_picked":["Stack","Hologram"],"picked":"Melter","floor":7},{"not_picked":["Melter","Stack","Rip and Tear"],"picked":"SKIP","floor":8},{"not_picked":["Compile Driver","Gash"],"picked":"Genetic Algorithm","floor":11},{"not_picked":["Hologram","Reprogram","Turbo"],"picked":"SKIP","floor":14},{"not_picked":["All For One","Hyperbeam"],"picked":"Creative AI","floor":16},{"not_picked":["Compile Driver","Go for the Eyes"],"picked":"Redo","floor":18},{"not_picked":["Thunder Strike","Compile Driver"],"picked":"Leap+1","floor":20},{"not_picked":["Steam","Force Field"],"picked":"Glacier","floor":21},{"not_picked":["Hologram+1","Gash"],"picked":"Leap+1","floor":28},{"not_picked":["Rip and Tear","Electrodynamics","Conserve Battery"],"picked":"SKIP","floor":30},{"not_picked":["Turbo+1","Cold Snap+1","Redo"],"picked":"SKIP","floor":31},{"not_picked":["Hyperbeam","Thunder Strike"],"picked":"Amplify","floor":33},{"not_picked":["Sweeping Beam","Cold Snap+1","BootSequence+1"],"picked":"SKIP","floor":35}],"player_experience":683404,"potions_floor_usage":[16,16,16,37,37,37,37,37,37],"damage_taken":[{"damage":0,"enemies":"Cultist","floor":1,"turns":3},{"damage":0,"enemies":"Small Slimes","floor":2,"turns":3},{"damage":0,"enemies":"2 Louse","floor":7,"turns":2},{"damage":0,"enemies":"Blue Slaver","floor":8,"turns":4},{"damage":0,"enemies":"3 Louse","floor":11,"turns":3},{"damage":3,"enemies":"Exordium Thugs","floor":14,"turns":5},{"damage":38,"enemies":"Hexaghost","floor":16,"turns":11},{"damage":14,"enemies":"2 Thieves","floor":18,"turns":5},{"damage":3,"enemies":"Shell Parasite","floor":20,"turns":7},{"damage":5,"enemies":"Snecko","floor":21,"turns":5},{"damage":25,"enemies":"Chosen and Byrds","floor":28,"turns":10},{"damage":3,"enemies":"Centurion and Healer","floor":30,"turns":9},{"damage":0,"enemies":"Sentry and Sphere","floor":31,"turns":5},{"damage":0,"enemies":"Champ","floor":33,"turns":16},{"damage":0,"enemies":"3 Shapes","floor":35,"turns":25},{"damage":3,"enemies":"Time Eater","floor":37,"turns":16}],"relics_obtained":[{"floor":9,"key":"Shuriken"},{"floor":26,"key":"Pear"}],"event_choices":[{"event_name":"Shining Light","player_choice":"Ignored","floor":3,"damage_taken":0},{"event_name":"Big Fish","player_choice":"Donut","floor":4,"damage_taken":0},{"event_name":"Liars Game","player_choice":"disagreed","floor":5,"damage_taken":0},{"event_name":"Living Wall","player_choice":"Forget","floor":13,"damage_taken":0},{"event_name":"Back to Basics","player_choice":"Simplicity","floor":19,"damage_taken":0},{"event_name":"The Lab","player_choice":"Got Potions","floor":22,"damage_taken":0},{"event_name":"Forgotten Altar","player_choice":"Shed Blood","floor":24,"damage_taken":0},{"event_name":"Match and Keep!","player_choice":"2 cards matched","floor":29,"damage_taken":0},{"event_name":"SecretPortal","player_choice":"Took Portal.","floor":36,"damage_taken":0}],"boss_relics":[{"not_picked":["Eternal Feather","Nuclear Battery"],"picked":"Cursed Key"},{"not_picked":["Pandora\u0027s Box","Busted Crown"],"picked":"Philosopher\u0027s Stone"}],"items_purged_floors":[],"is_endless":false,"potions_floor_spawned":[1,2,8,14,18,21,30,31,35],"seed_played":"253890943792913530","ascension_level":0,"potions_obtained":[{"floor":1,"key":"Dexterity Potion"},{"floor":2,"key":"GamblersBrew"},{"floor":8,"key":"FearPotion"},{"floor":14,"key":"Block Potion"},{"floor":18,"key":"AttackPotion"},{"floor":21,"key":"FocusPotion"},{"floor":22,"key":"FocusPotion"},{"floor":22,"key":"Dexterity Potion"},{"floor":35,"key":"EntropicBrew"}],"is_trial":false}