{"gold_per_floor":[10,25,43,63,76,76,87,111,185,185,200,211,211,246,246,348,348,365,365,379,186,220,244,23,53,76,76,92,92,107,122,122,227,227,241,261,261,483,499,499,499,499,499,499,142,219,237,237,237,237],"floor_reached":51,"playtime":2713,"items_purged":["Strike_G","Strike_G"],"score":819,"play_id":"ffff6ac0-3721-46a8-a63e-d5ab4f075e29","local_time":"20190204063522","is_ascension_mode":false,"campfire_choices":[{"data":"Neutralize","floor":6,"key":"SMITH"},{"data":"Cloak And Dagger","floor":10,"key":"SMITH"},{"data":"Cloak And Dagger","floor":13,"key":"SMITH"},{"data":"A Thousand Cuts","floor":15,"key":"SMITH"},{"data":"J.A.X.","floor":27,"key":"SMITH"},{"data":"Footwork","floor":29,"key":"SMITH"},{"floor":32,"key":"REST"},{"data":"Footwork","floor":40,"key":"SMITH"},{"data":"Noxious Fumes","floor":42,"key":"SMITH"},{"data":"Infinite Blades","floor":44,"key":"SMITH"},{"floor":49,"key":"REST"}],"neow_cost":"NO_GOLD","seed_source_timestamp":7807530377177,"circlet_count":0,"master_deck":["Defend_G","Defend_G","Defend_G","Defend_G","Defend_G","Strike_G","Strike_G","Survivor","Neutralize+1","Dramatic Entrance","Impatience","Cloak And Dagger+1","Dagger Spray","Dagger Spray","Infinite Blades+1","Slice","Distraction","Finisher","Cloak And Dagger+1","Infinite Blades","A Thousand Cuts+1","Burst","Choke","J.A.X.+1","Cloak And Dagger","Footwork+1","Backflip","Deflect","Decay","Footwork+1","Slice","Noxious Fumes+1","Doubt","Infinite Blades","Infinite Blades","Expertise+1","Doppelganger","Writhe","Well Laid Plans+1","Shame","Mayhem","Pain","Blade Dance+1","Good Instincts"],"relics":["Ring of the Snake","Odd Mushroom","Question Card","Potion Belt","Cursed Key","Red Mask","Oddly Smooth Stone","Unceasing Top","Regal Pillow","Busted Crown","Bottled Lightning","Toolbox","Ornamental Fan"],"potions_floor_usage":[14,22,22,22,28,50,50,50],"damage_taken":[{"damage":0,"enemies":"2 Louse","floor":1,"turns":3},{"damage":0,"enemies":"Jaw Worm","floor":2,"turns":5},{"damage":0,"enemies":"Cultist","floor":3,"turns":4},{"damage":0,"enemies":"2 Fungi Beasts","floor":4,"turns":2},{"damage":0,"enemies":"3 Louse","floor":5,"turns":2},{"damage":0,"enemies":"Looter","floor":7,"turns":3},{"damage":0,"enemies":"The Mushroom Lair","floor":8,"turns":2},{"damage":4,"enemies":"Blue Slaver","floor":11,"turns":2},{"damage":0,"enemies":"2 Fungi Beasts","floor":12,"turns":2},{"damage":13,"enemies":"3 Sentries","floor":14,"turns":4},{"damage":24,"enemies":"Slime Boss","floor":16,"turns":7},{"damage":10,"enemies":"2 Thieves","floor":18,"turns":5},{"damage":0,"enemies":"3 Byrds","floor":20,"turns":3},{"damage":4,"enemies":"Masked Bandits","floor":22,"turns":2},{"damage":12,"enemies":"Gremlin Leader","floor":25,"turns":4},{"damage":7,"enemies":"Cultist and Chosen","floor":28,"turns":8},{"damage":11,"enemies":"Centurion and Healer","floor":30,"turns":6},{"damage":8,"enemies":"Snake Plant","floor":31,"turns":4},{"damage":9,"enemies":"Champ","floor":33,"turns":8},{"damage":0,"enemies":"3 Shapes","floor":35,"turns":3},{"damage":11,"enemies":"Orb Walker","floor":36,"turns":4},{"damage":18,"enemies":"4 Shapes","floor":39,"turns":7},{"damage":12,"enemies":"Writhing Mass","floor":47,"turns":7},{"damage":62,"enemies":"Awakened One","floor":50,"turns":9}],"seed_played":"-5309260662875739615","potions_obtained":[{"floor":1,"key":"Swift Potion"},{"floor":4,"key":"LiquidBronze"},{"floor":8,"key":"Fire Potion"},{"floor":16,"key":"Weak Potion"},{"floor":25,"key":"Block Potion"},{"floor":30,"key":"Fire Potion"},{"floor":31,"key":"SpeedPotion"},{"floor":36,"key":"SkillPotion"}],"is_trial":false,"path_per_floor":["M","M","M","M","M","R","M","?","T","R","M","M","R","E","R","B",null,"M","?","M","$","?","T","$","E","T","R","M","R","M","M","R","B",null,"M","M","?","?","M","R","?","R","T","R","$","T","M","?","R","B",null],"character_chosen":"THE_SILENT","items_purchased":["Footwork","Backflip","Footwork","Slice","Toolbox","Mayhem"],"campfire_rested":2,"item_purchase_floors":[21,21,24,24,45,45],"current_hp_per_floor":[70,70,70,70,70,70,70,70,70,70,66,66,66,53,53,29,70,60,60,60,60,56,56,56,44,44,44,37,37,26,18,54,45,70,70,59,70,70,52,52,52,52,52,52,52,52,40,40,70,8],"gold":237,"neow_bonus":"RANDOM_COLORLESS_2","is_prod":false,"is_daily":false,"chose_seed":false,"campfire_upgraded":9,"win_rate":0,"timestamp":1549283722,"path_taken":["M","M","M","M","M","R","M","?","T","R","M","M","R","E","R","BOSS","M","?","M","$","?","?","$","E","T","R","M","R","?","M","R","BOSS","M","M","?","?","M","R","?","R","T","R","$","?","M","?","R","BOSS"],"build_version":"2019-01-23","purchased_purges":2,"victory":true,"max_hp_per_floor":[70,70,70,70,70,70,70,70,70,70,70,70,70,70,70,70,70,70,70,70,70,70,70,70,70,70,70,70,70,70,70,70,70,70,70,70,70,70,70,70,70,70,70,70,70,70,70,70,70,70],"card_choices":[{"not_picked":["Bane","Blade Dance"],"picked":"Cloak And Dagger","floor":1},{"not_picked":["Endless Agony","Deflect"],"picked":"Dagger Spray","floor":2},{"not_picked":["Masterful Stab","Predator"],"picked":"Dagger Spray","floor":3},{"not_picked":["Burst","Dodge and Roll"],"picked":"Infinite Blades","floor":4},{"not_picked":["Dodge and Roll","Poisoned Stab"],"picked":"Slice","floor":5},{"not_picked":["PiercingWail","Outmaneuver"],"picked":"Distraction","floor":7},{"not_picked":["Acrobatics","Dagger Spray"],"picked":"Finisher","floor":8},{"not_picked":["Setup","Skewer","Prepared"],"picked":"Cloak And Dagger","floor":11},{"not_picked":["Eviscerate","Deadly Poison","Acrobatics"],"picked":"Infinite Blades","floor":12},{"not_picked":["Deadly Poison","Terror","Backflip"],"picked":"A Thousand Cuts","floor":14},{"not_picked":["Tools of the Trade","Wraith Form v2","Corpse Explosion"],"picked":"Burst","floor":16},{"not_picked":["Deflect+1","Distraction","Cloak And Dagger"],"picked":"Choke","floor":18},{"not_picked":["Dodge and Roll","Outmaneuver+1","Setup"],"picked":"Cloak And Dagger","floor":20},{"not_picked":["Acrobatics","Concentrate","All Out Attack"],"picked":"Deflect","floor":22},{"not_picked":["Bane+1","Flechettes","Finisher"],"picked":"Noxious Fumes","floor":25},{"not_picked":["Venomology","Cloak And Dagger","Expertise"],"picked":"Infinite Blades","floor":28},{"not_picked":["Sucker Punch+1","Setup+1","Blade Dance"],"picked":"Infinite Blades","floor":30},{"not_picked":["Bane","Sucker Punch","Well Laid Plans"],"picked":"Expertise+1","floor":31},{"not_picked":["Die Die Die","Envenom","Phantasmal Killer"],"picked":"Doppelganger","floor":33},{"not_picked":["Sucker Punch","Tactician+1"],"picked":"SKIP","floor":35},{"not_picked":["Deadly Poison+1","Caltrops"],"picked":"SKIP","floor":36},{"not_picked":["Expertise"],"picked":"Well Laid Plans+1","floor":39},{"not_picked":["Bane"],"picked":"Blade Dance+1","floor":47},{"not_picked":["Magnetism"],"picked":"Good Instincts","floor":48}],"player_experience":735859,"relics_obtained":[{"floor":8,"key":"Odd Mushroom"},{"floor":9,"key":"Question Card"},{"floor":14,"key":"Potion Belt"},{"floor":22,"key":"Red Mask"},{"floor":23,"key":"Oddly Smooth Stone"},{"floor":25,"key":"Unceasing Top"},{"floor":26,"key":"Regal Pillow"},{"floor":43,"key":"Bottled Lightning"},{"floor":46,"key":"Ornamental Fan"}],"event_choices":[{"damage_healed":0,"gold_gain":0,"player_choice":"Fought Mushrooms","damage_taken":0,"max_hp_gain":0,"max_hp_loss":0,"event_name":"Mushrooms","floor":8,"gold_loss":0},{"damage_healed":0,"gold_gain":0,"player_choice":"Obtain J.A.X.","damage_taken":0,"max_hp_gain":0,"max_hp_loss":0,"event_name":"Drug Dealer","floor":19,"gold_loss":0,"cards_obtained":["J.A.X."]},{"damage_healed":0,"gold_gain":0,"player_choice":"Fought Bandits","damage_taken":0,"max_hp_gain":0,"max_hp_loss":0,"event_name":"Masked Bandits","floor":22,"gold_loss":0},{"damage_healed":18,"gold_gain":0,"player_choice":"Writhe","damage_taken":0,"max_hp_gain":0,"max_hp_loss":0,"event_name":"Winding Halls","floor":37,"gold_loss":0,"cards_obtained":["Writhe"]},{"damage_healed":0,"gold_gain":222,"player_choice":"Wore Mask","damage_taken":0,"max_hp_gain":0,"max_hp_loss":0,"event_name":"Tomb of Lord Red Mask","floor":38,"gold_loss":0},{"cards_removed":["Strike_G"],"damage_healed":0,"gold_gain":0,"player_choice":"Removed Attack","damage_taken":0,"max_hp_gain":0,"max_hp_loss":0,"event_name":"Falling","floor":41,"gold_loss":0},{"damage_healed":0,"gold_gain":0,"player_choice":"Memory 1","damage_taken":0,"max_hp_gain":0,"max_hp_loss":0,"event_name":"SensoryStone","floor":48,"gold_loss":0}],"is_beta":false,"boss_relics":[{"not_picked":["Runic Dome","Orrery"],"picked":"Cursed Key"},{"not_picked":["Tiny House","Snecko Eye"],"picked":"Busted Crown"}],"items_purged_floors":[21,24],"is_endless":false,"potions_floor_spawned":[1,4,8,12,16,25,30,31,36],"ascension_level":0}