{"gold_per_floor":[19,37,47,57,9,9,9,44,44,44,63,73,105,120,120,223,223,240,165,185,185,284,284],"floor_reached":23,"playtime":1838,"items_purged":["Strike_G"],"score":264,"play_id":"f95569f9-f3a6-4f7a-9453-3c19e19cac57","local_time":"20180630162726","is_ascension_mode":true,"campfire_choices":[{"data":"Neutralize","floor":6,"key":"SMITH"},{"data":"Catalyst","floor":10,"key":"SMITH"},{"data":"Noxious Fumes","floor":15,"key":"SMITH"}],"neow_cost":"NO_GOLD","seed_source_timestamp":327200990617355,"circlet_count":0,"master_deck":["Defend_G","Defend_G","Defend_G","Defend_G","Strike_G","Strike_G","Strike_G","Survivor","Neutralize+1","Noxious Fumes+1","Caltrops","Catalyst+1","Cloak And Dagger","Tools of the Trade","Sucker Punch","Cloak And Dagger","Night Terror","Footwork","Malaise+1"],"relics":["Ring of the Snake","Toolbox","Paper Crane","Meat on the Bone","Cursed Key"],"potions_floor_usage":[8,13,16,16,23,23],"damage_taken":[{"damage":2,"enemies":"Small Slimes","floor":1,"turns":4},{"damage":1,"enemies":"2 Louse","floor":2,"turns":3},{"damage":0,"enemies":"Cultist","floor":3,"turns":4},{"damage":19,"enemies":"Lots of Slimes","floor":4,"turns":3},{"damage":27,"enemies":"Gremlin Nob","floor":8,"turns":4},{"damage":0,"enemies":"Looter","floor":11,"turns":3},{"damage":0,"enemies":"Large Slime","floor":12,"turns":5},{"damage":1,"enemies":"Lagavulin","floor":13,"turns":10},{"damage":7,"enemies":"3 Louse","floor":14,"turns":4},{"damage":39,"enemies":"Slime Boss","floor":16,"turns":11},{"damage":13,"enemies":"3 Byrds","floor":18,"turns":4},{"damage":18,"enemies":"Spheric Guardian","floor":20,"turns":6},{"damage":37,"enemies":"Gremlin Leader","floor":23,"turns":3}],"seed_played":"333759279228510273","potions_obtained":[{"floor":1,"key":"Ancient Potion"},{"floor":8,"key":"Weak Potion"},{"floor":11,"key":"Strength Potion"},{"floor":12,"key":"LiquidBronze"},{"floor":14,"key":"Weak Potion"},{"floor":18,"key":"FearPotion"}],"is_trial":false,"path_per_floor":["M","M","M","M","$","R","?","E","T","R","M","M","E","M","R","B",null,"M","$","M","?","?"],"character_chosen":"THE_SILENT","items_purchased":["AttackPotion"],"campfire_rested":0,"item_purchase_floors":[5],"current_hp_per_floor":[61,60,60,41,41,41,64,37,37,37,37,37,36,41,41,14,56,43,43,37,37,37,0],"gold":284,"neow_bonus":"REMOVE_TWO","is_prod":false,"is_daily":false,"chose_seed":false,"campfire_upgraded":3,"win_rate":0,"timestamp":1530394046,"path_taken":["M","M","M","M","$","R","?","E","T","R","?","M","E","M","R","BOSS","M","$","M","?","?","E"],"build_version":"2018-06-29","purchased_purges":1,"victory":false,"max_hp_per_floor":[70,70,70,70,70,70,70,70,70,70,70,70,70,70,70,70,70,70,70,70,70,70,70],"card_choices":[{"not_picked":["Sucker Punch","Outmaneuver"],"picked":"Noxious Fumes","floor":1},{"not_picked":["Quick Slash","Dagger Throw","Deflect"],"picked":"SKIP","floor":2},{"not_picked":["Concentrate","Well Laid Plans"],"picked":"Caltrops","floor":3},{"not_picked":["Bane","Noxious Fumes"],"picked":"Catalyst","floor":4},{"not_picked":["Slice","Catalyst","Dodge and Roll"],"picked":"SKIP","floor":8},{"not_picked":["Finisher","Slice"],"picked":"Cloak And Dagger","floor":11},{"not_picked":["Dodge and Roll","Slice"],"picked":"Tools of the Trade","floor":12},{"not_picked":["Flying Knee","Slice"],"picked":"Sucker Punch","floor":13},{"not_picked":["Dodge and Roll","Deadly Poison"],"picked":"Cloak And Dagger","floor":14},{"not_picked":["Adrenaline","Burst"],"picked":"Night Terror","floor":16},{"not_picked":["Skewer","Acrobatics"],"picked":"Footwork","floor":18},{"not_picked":["Dodge and Roll+1","Outmaneuver"],"picked":"Malaise+1","floor":20}],"player_experience":212022,"relics_obtained":[{"floor":8,"key":"Toolbox"},{"floor":9,"key":"Paper Crane"},{"floor":13,"key":"Meat on the Bone"}],"event_choices":[{"event_name":"Big Fish","player_choice":"Banana","floor":7,"damage_taken":0},{"event_name":"Ghosts","player_choice":"Ignored","floor":21,"damage_taken":0},{"event_name":"Nest","player_choice":"Stole From Cult","floor":22,"damage_taken":0}],"boss_relics":[{"not_picked":["Orrery","Philosopher\u0027s Stone"],"picked":"Cursed Key"}],"items_purged_floors":[19],"is_endless":false,"potions_floor_spawned":[1,8,11,12,14,18],"killed_by":"Gremlin Leader","ascension_level":6}