{"gold_per_floor":[110,122,136,149,167,167,185,185,185,285,300,310,310,327,327,422,422,441,455,455,370,384,384,384],"floor_reached":24,"playtime":1781,"items_purged":[],"score":262,"play_id":"af45ad96-e9cd-4af8-af91-979a0b95db44","local_time":"20180629232639","is_ascension_mode":true,"campfire_choices":[{"floor":6,"key":"REST"},{"data":"Zap","floor":8,"key":"SMITH"},{"data":"Redo","floor":13,"key":"SMITH"},{"floor":15,"key":"REST"},{"floor":23,"key":"REST"}],"neow_cost":"NONE","seed_source_timestamp":444342840955820,"circlet_count":0,"master_deck":["Strike_B","Strike_B","Strike_B","Strike_B","Defend_B","Defend_B","Defend_B","Defend_B","Zap+1","Dualcast","BootSequence","Streamline","Coolheaded","Reinforced Body","Loop","Redo+1","Chaos","Self Repair","Consume","Electrodynamics","Cold Snap","Coolheaded","Multi-Cast","Conserve Battery","Hologram+1","Cold Snap","Decay","Static Discharge"],"relics":["Cracked Core","Smiling Mask","Orrery","Potion Belt"],"potions_floor_usage":[16,16,16,22,22],"damage_taken":[{"damage":0,"enemies":"Cultist","floor":1,"turns":3},{"damage":0,"enemies":"Small Slimes","floor":2,"turns":4},{"damage":0,"enemies":"2 Louse","floor":3,"turns":2},{"damage":32,"enemies":"Large Slime","floor":4,"turns":7},{"damage":0,"enemies":"2 Fungi Beasts","floor":5,"turns":3},{"damage":4,"enemies":"3 Louse","floor":7,"turns":4},{"damage":0,"enemies":"Blue Slaver","floor":11,"turns":4},{"damage":11,"enemies":"Looter","floor":12,"turns":3},{"damage":6,"enemies":"Exordium Thugs","floor":14,"turns":5},{"damage":66,"enemies":"Slime Boss","floor":16,"turns":15},{"damage":22,"enemies":"Spheric Guardian","floor":18,"turns":6},{"damage":18,"enemies":"Shell Parasite","floor":19,"turns":10},{"damage":15,"enemies":"Snake Plant","floor":22,"turns":5},{"damage":66,"enemies":"3 Cultists","floor":24,"turns":4}],"seed_played":"-3511859048283456876","potions_obtained":[{"floor":1,"key":"Ancient Potion"},{"floor":5,"key":"SkillPotion"},{"floor":7,"key":"SteroidPotion"},{"floor":16,"key":"FocusPotion"},{"floor":19,"key":"Energy Potion"}],"is_trial":false,"path_per_floor":["M","M","M","M","M","R","M","R","T","?","M","M","R","M","R","B",null,"M","M","?","?","M","R"],"character_chosen":"DEFECT","items_purchased":[],"campfire_rested":3,"item_purchase_floors":[],"current_hp_per_floor":[75,75,75,43,43,67,63,63,63,63,63,52,52,53,77,18,66,51,40,40,40,32,56,0],"gold":384,"neow_bonus":"TEN_PERCENT_HP_BONUS","is_prod":false,"is_daily":false,"chose_seed":false,"campfire_upgraded":2,"win_rate":0,"timestamp":1530329199,"path_taken":["M","M","M","M","M","R","M","R","T","?","M","M","R","M","R","BOSS","M","?","?","?","M","R","M"],"build_version":"2018-06-28","purchased_purges":0,"victory":false,"max_hp_per_floor":[82,82,82,82,82,82,82,82,82,82,82,82,82,82,82,82,82,82,82,82,82,82,82,82],"card_choices":[{"not_picked":["Self Repair","Reinforced Body"],"picked":"BootSequence","floor":1},{"not_picked":["Undo","Hologram"],"picked":"Streamline","floor":2},{"not_picked":["Rip and Tear","BootSequence"],"picked":"Coolheaded","floor":3},{"not_picked":["Ball Lightning","Turbo"],"picked":"Reinforced Body","floor":4},{"not_picked":["Stack","Compile Driver"],"picked":"Loop","floor":5},{"not_picked":["Compile Driver","Hello World"],"picked":"Redo","floor":7},{"not_picked":["Recycle","Scrape"],"picked":"Chaos","floor":11},{"not_picked":["Gash","Barrage"],"picked":"Self Repair","floor":12},{"not_picked":["Sweeping Beam","Ball Lightning"],"picked":"Consume","floor":14},{"not_picked":["Reboot","Seek"],"picked":"Electrodynamics","floor":16},{"not_picked":["Hologram","Barrage"],"picked":"Cold Snap","floor":17},{"not_picked":["Redo","Rebound"],"picked":"Coolheaded","floor":17},{"not_picked":["Conserve Battery","Barrage"],"picked":"Multi-Cast","floor":17},{"not_picked":["Double Energy","Streamline"],"picked":"Conserve Battery","floor":17},{"not_picked":["Coolheaded","Rip and Tear"],"picked":"Hologram+1","floor":18},{"not_picked":["Reprogram+1","Double Energy"],"picked":"Cold Snap","floor":19},{"not_picked":["Scrape","Streamline"],"picked":"Static Discharge","floor":22}],"player_experience":869115,"relics_obtained":[{"floor":9,"key":"Smiling Mask"}],"event_choices":[{"event_name":"Golden Shrine","player_choice":"Pray","floor":10,"damage_taken":0},{"event_name":"Forgotten Altar","player_choice":"Smashed Altar","floor":20,"damage_taken":0},{"event_name":"Addict","player_choice":"Obtained Relic","floor":21,"damage_taken":0}],"boss_relics":[{"not_picked":["White Beast Statue","Coffee Dripper"],"picked":"Orrery"}],"items_purged_floors":[],"is_endless":false,"potions_floor_spawned":[1,5,7,12,16,19],"killed_by":"3 Cultists","ascension_level":7}