{"gold_per_floor":[212,212,232,242,22,57,57,57,57,85,103,103,119,119,119,222,222,235,245,245,185,5,5,19,36,63,93,111,131,141,159,159,255,255,266,283,295,295,311,311,311],"floor_reached":41,"playtime":2010,"items_purged":["Strike_R","Strike_R"],"score":529,"play_id":"f5493570-533d-4504-8fd4-8046dac1ff26","local_time":"20180907120442","is_ascension_mode":false,"campfire_choices":[{"data":"Whirlwind","floor":7,"key":"SMITH"},{"data":"Bash","floor":12,"key":"SMITH"},{"data":"Impervious","floor":15,"key":"SMITH"},{"data":"Demon Form","floor":23,"key":"SMITH"},{"floor":32,"key":"REST"},{"floor":40,"key":"REST"}],"neow_cost":"NONE","seed_source_timestamp":1510471831200490,"circlet_count":0,"master_deck":["Defend_R","Defend_R","Defend_R","Defend_R","Bash+1","Iron Wave","Whirlwind+1","Shrug It Off","Feed","Burning Pact","Pommel Strike","Impervious+1","Heavy Blade","Bash","Demon Form+1","Inflame","Disarm","Heavy Blade","Disarm","Battle Trance","Pummel","Sword Boomerang","Pummel","Reaper","Demon Form","Heavy Blade","Metallicize+1","Mayhem","Heavy Blade+1"],"relics":["Burning Blood","Orichalcum","Mango","Mercury Hourglass","Darkstone Periapt","Velvet Choker","Strawberry","Pantograph","Empty Cage"],"potions_floor_usage":[10,16,16,29,37,37],"damage_taken":[{"damage":5,"enemies":"2 Louse","floor":1,"turns":3},{"damage":0,"enemies":"Small Slimes","floor":3,"turns":3},{"damage":1,"enemies":"Cultist","floor":4,"turns":3},{"damage":22,"enemies":"3 Sentries","floor":6,"turns":6},{"damage":26,"enemies":"Lagavulin","floor":10,"turns":6},{"damage":6,"enemies":"Gremlin Gang","floor":11,"turns":2},{"damage":7,"enemies":"2 Fungi Beasts","floor":13,"turns":2},{"damage":35,"enemies":"The Guardian","floor":16,"turns":14},{"damage":28,"enemies":"2 Thieves","floor":18,"turns":3},{"damage":7,"enemies":"3 Byrds","floor":19,"turns":3},{"damage":13,"enemies":"Centurion and Healer","floor":24,"turns":4},{"damage":0,"enemies":"Snecko","floor":25,"turns":4},{"damage":26,"enemies":"Book of Stabbing","floor":27,"turns":5},{"damage":9,"enemies":"Snake Plant","floor":28,"turns":4},{"damage":9,"enemies":"Shelled Parasite and Fungi","floor":29,"turns":4},{"damage":12,"enemies":"Centurion and Healer","floor":30,"turns":5},{"damage":9,"enemies":"Snake Plant","floor":31,"turns":4},{"damage":62,"enemies":"Automaton","floor":33,"turns":8},{"damage":17,"enemies":"3 Darklings","floor":35,"turns":4},{"damage":6,"enemies":"3 Shapes","floor":36,"turns":7},{"damage":28,"enemies":"Transient","floor":37,"turns":5},{"damage":41,"enemies":"Spire Growth","floor":39,"turns":6},{"damage":90,"enemies":"2 Orb Walkers","floor":41,"turns":4}],"seed_played":"7596389989860215449","potions_obtained":[{"floor":3,"key":"Dexterity Potion"},{"floor":4,"key":"LiquidBronze"},{"floor":6,"key":"Block Potion"},{"floor":27,"key":"Block Potion"},{"floor":28,"key":"SteroidPotion"},{"floor":29,"key":"SteroidPotion"}],"is_trial":false,"path_per_floor":["M","?","M","M","$","E","R","?","T","E","M","R","M","?","R","B",null,"M","M","?","?","$","R","M","M","T","E","M","M","M","M","R","B",null,"M","M","M","?","M","R"],"character_chosen":"IRONCLAD","items_purchased":["Orichalcum","Disarm"],"campfire_rested":2,"item_purchase_floors":[5,22],"current_hp_per_floor":[80,80,80,80,80,78,78,83,83,63,63,63,62,62,62,33,99,77,76,76,76,76,76,72,78,85,65,62,59,56,56,89,72,112,101,104,82,82,47,81,0],"gold":311,"neow_bonus":"HUNDRED_GOLD","is_prod":false,"is_daily":false,"chose_seed":false,"campfire_upgraded":4,"win_rate":0,"timestamp":1536336282,"path_taken":["M","?","M","?","$","E","R","?","T","E","M","R","M","?","R","BOSS","M","M","?","?","$","R","M","M","T","E","M","M","M","?","R","BOSS","M","M","?","?","M","R","E"],"build_version":"2018-09-06","purchased_purges":2,"victory":false,"max_hp_per_floor":[80,80,80,80,80,94,94,99,99,99,99,99,99,99,99,99,99,99,99,99,99,99,99,102,102,109,109,109,109,112,112,112,112,112,112,115,115,115,115,115,115],"card_choices":[{"not_picked":["Anger","Entrench"],"picked":"Iron Wave","floor":1},{"not_picked":["Shrug It Off","Spot Weakness"],"picked":"Whirlwind","floor":3},{"not_picked":["Thunderclap","Anger"],"picked":"Shrug It Off","floor":4},{"not_picked":["Combust","Perfected Strike"],"picked":"Feed","floor":6},{"not_picked":["Anger","Sentinel"],"picked":"Burning Pact","floor":10},{"not_picked":["True Grit","Clash","Wild Strike"],"picked":"SKIP","floor":11},{"not_picked":["Fiend Fire","Clash"],"picked":"Pommel Strike","floor":13},{"not_picked":["Feed","Berserk"],"picked":"Demon Form","floor":16},{"not_picked":["Armaments","Flex"],"picked":"Inflame","floor":18},{"not_picked":["Anger","Clash+1"],"picked":"Disarm","floor":19},{"not_picked":["Headbutt","Armaments+1","True Grit+1"],"picked":"SKIP","floor":24},{"not_picked":["Armaments","Cleave"],"picked":"Battle Trance","floor":25},{"not_picked":["Anger","Dropkick"],"picked":"Pummel","floor":27},{"not_picked":["Infernal Blade+1","Armaments"],"picked":"Sword Boomerang","floor":28},{"not_picked":["Thunderclap","Twin Strike+1"],"picked":"Pummel","floor":29},{"not_picked":["Flame Barrier+1","Sword Boomerang+1"],"picked":"Reaper","floor":30},{"not_picked":["Hemokinesis","Reckless Charge","Twin Strike"],"picked":"SKIP","floor":31},{"not_picked":["Double Tap","Berserk"],"picked":"Demon Form","floor":33},{"not_picked":["Rupture+1","Anger","Armaments"],"picked":"SKIP","floor":35},{"not_picked":["Pommel Strike+1","Anger"],"picked":"Heavy Blade","floor":36},{"not_picked":["Clothesline+1","Bloodletting"],"picked":"Metallicize+1","floor":37},{"not_picked":["Panache","Madness"],"picked":"Mayhem","floor":38},{"not_picked":["Intimidate+1","Warcry"],"picked":"Heavy Blade+1","floor":39}],"player_experience":1523785,"relics_obtained":[{"floor":6,"key":"Mango"},{"floor":9,"key":"Mercury Hourglass"},{"floor":10,"key":"Darkstone Periapt"},{"floor":26,"key":"Strawberry"},{"floor":27,"key":"Pantograph"}],"event_choices":[{"event_name":"Shining Light","player_choice":"Ignored","floor":2,"damage_taken":0},{"event_name":"Big Fish","player_choice":"Donut","floor":8,"damage_taken":0},{"event_name":"Match and Keep!","player_choice":"3 cards matched","floor":14,"damage_taken":0},{"event_name":"Match and Keep!","player_choice":"1 cards matched","floor":20,"damage_taken":0},{"event_name":"Designer","player_choice":"Remove Card","floor":21,"damage_taken":0},{"event_name":"SensoryStone","player_choice":"Memory 1","floor":38,"damage_taken":0}],"is_beta":false,"boss_relics":[{"not_picked":["Runic Pyramid","Pandora\u0027s Box"],"picked":"Velvet Choker"},{"not_picked":["White Beast Statue","Tiny House"],"picked":"Empty Cage"}],"items_purged_floors":[5,22],"is_endless":false,"potions_floor_spawned":[3,4,6,27,28,29],"killed_by":"2 Orb Walkers","ascension_level":0}