{"path_per_floor":["M","?","?","?","M","E","R","M","T","M","R","E","$","M","R","B",null,"M","M","M","?","M","R","E","R","T","R","M","M","$","E","R","B",null,"M","?","M","M","M","E","R","T","T","?","$","E","M","M","R","B"],"character_chosen":"IRONCLAD","items_purchased":["Happy Flower","Mummified Hand","Bottled Tornado"],"gold_per_floor":[119,119,119,119,131,159,159,176,203,214,214,247,20,30,30,126,126,144,133,145,145,163,163,193,193,216,216,230,249,6,35,35,137,137,156,156,169,183,200,227,227,227,298,298,41,72,87,106,106,106],"floor_reached":51,"campfire_rested":1,"playtime":3888,"item_purchase_floors":[],"current_hp_per_floor":[79,79,84,77,85,64,64,72,72,79,79,57,57,60,60,39,85,85,84,65,49,43,43,39,39,39,39,53,49,49,28,53,43,85,85,85,88,81,85,84,84,84,84,84,84,88,86,88,88,38],"items_purged":["Defend_R"],"gold":106,"score":734,"play_id":"f198863f-2a61-4eb1-b952-6e866dd85292","local_time":"20180602181239","is_prod":false,"is_daily":false,"chose_seed":false,"is_ascension_mode":false,"campfire_upgraded":8,"win_rate":0.0,"timestamp":1527955959,"campfire_choices":[{"data":"Fire Breathing","floor":7.0,"key":"SMITH"},{"data":"Seeing Red","floor":11.0,"key":"SMITH"},{"data":"Ghostly Armor","floor":15.0,"key":"SMITH"},{"data":"Demon Form","floor":23.0,"key":"SMITH"},{"data":"Shockwave","floor":25.0,"key":"SMITH"},{"data":"Twin Strike","floor":27.0,"key":"SMITH"},{"floor":32.0,"key":"REST"},{"data":"Dark Embrace","floor":41,"key":"SMITH"},{"data":"Cleave","floor":49,"key":"SMITH"}],"path_taken":["M","?","?","?","?","E","R","M","T","M","R","E","$","M","R","BOSS","M","?","M","?","M","R","E","R","T","R","M","M","$","E","R","BOSS","M","?","?","M","?","E","R","?","T","?","$","E","M","M","R","BOSS"],"build_version":"2018-05-30v2","seed_source_timestamp":0,"purchased_purges":1,"victory":true,"master_deck":["Strike_R","Strike_R","Strike_R","Strike_R","Defend_R","Defend_R","Defend_R","Bash","Twin Strike+1","Fire Breathing+1","Ghostly Armor+1","Seeing Red+1","Cleave+1","Headbutt","Demon Form+1","Clash+1","Shockwave+1","Clash+1","Rage+1","Infernal Blade+1","Clash+1","Dark Embrace+1","Headbutt+1","Fire Breathing+1","Iron Wave+1","Thunderclap+1","Twin Strike+1","Clash+1","Rage+1"],"max_hp_per_floor":[80,80,85,85,85,85,85,85,85,85,85,85,85,85,85,85,85,85,85,85,85,85,85,85,85,85,85,85,85,85,85,85,85,85,85,85,88,88,88,88,88,88,88,88,88,88,88,88,88,88],"relics":["Black Blood","Blood Vial","Bronze Scales","Bag of Preparation","Bird Faced Urn","Happy Flower","Nilry\u0027s Codex","Centennial Puzzle","Boot","Mummified Hand","Vajra","Sozu","Ornamental Fan","Bottled Lightning","Self Forming Clay","Bottled Tornado","Oddly Smooth Stone"],"card_choices":[{"not_picked":["Perfected Strike","Dropkick"],"picked":"Twin Strike","floor":1.0},{"not_picked":["Pommel Strike","Cleave"],"picked":"Fire Breathing","floor":5.0},{"not_picked":["Pummel","Shrug It Off"],"picked":"Ghostly Armor","floor":6.0},{"not_picked":["Thunderclap","Shrug It Off","True Grit"],"picked":"SKIP","floor":8.0},{"not_picked":["Bloodletting","Dropkick"],"picked":"Seeing Red","floor":10.0},{"not_picked":["Sword Boomerang","Battle Trance"],"picked":"Cleave","floor":12.0},{"not_picked":["Disarm","Rupture"],"picked":"Headbutt","floor":14.0},{"not_picked":["Berserk","Brutality"],"picked":"Demon Form","floor":16.0},{"not_picked":["Sword Boomerang","Anger"],"picked":"Clash+1","floor":18.0},{"not_picked":["Battle Trance","Thunderclap"],"picked":"Shockwave","floor":19.0},{"not_picked":["Dual Wield","Headbutt"],"picked":"Clash+1","floor":20.0},{"not_picked":["Warcry","Clothesline"],"picked":"Rage+1","floor":22.0},{"not_picked":["Thunderclap+1","Inflame"],"picked":"Infernal Blade+1","floor":24.0},{"not_picked":["Headbutt","Body Slam","Pommel Strike"],"picked":"SKIP","floor":28.0},{"not_picked":["True Grit","Pommel Strike","Flex"],"picked":"SKIP","floor":29.0},{"not_picked":["Seeing Red","Sword Boomerang"],"picked":"Clash+1","floor":31.0},{"not_picked":["Fiend Fire","Bludgeon"],"picked":"Dark Embrace","floor":33.0},{"not_picked":["Twin Strike","True Grit"],"picked":"Headbutt+1","floor":35},{"not_picked":["Anger+1","Whirlwind+1"],"picked":"Iron Wave+1","floor":37},{"not_picked":["Perfected Strike","True Grit+1"],"picked":"Thunderclap+1","floor":38},{"not_picked":["Impervious","Entrench+1"],"picked":"Twin Strike+1","floor":39},{"not_picked":["Cleave+1","Blood for Blood"],"picked":"Clash+1","floor":40},{"not_picked":["Combust","Warcry"],"picked":"Rage+1","floor":46},{"not_picked":["Carnage","Burning Pact+1","Sword Boomerang+1"],"picked":"SKIP","floor":47},{"not_picked":["Thunderclap","Pommel Strike+1","True Grit+1"],"picked":"SKIP","floor":48}],"player_experience":18060,"potions_floor_usage":[],"damage_taken":[{"damage":7.0,"enemies":"2 Louse","floor":1.0,"turns":3.0},{"damage":0.0,"enemies":"Small Slimes","floor":5.0,"turns":3.0},{"damage":27.0,"enemies":"Gremlin Nob","floor":6.0,"turns":4.0},{"damage":0.0,"enemies":"Cultist","floor":8.0,"turns":3.0},{"damage":1.0,"enemies":"Large Slime","floor":10.0,"turns":5.0},{"damage":30.0,"enemies":"Lagavulin","floor":12.0,"turns":8.0},{"damage":7.0,"enemies":"3 Louse","floor":14.0,"turns":2.0},{"damage":33.0,"enemies":"The Guardian","floor":16.0,"turns":10.0},{"damage":3.0,"enemies":"Chosen","floor":18.0,"turns":4.0},{"damage":11.0,"enemies":"2 Thieves","floor":19.0,"turns":4.0},{"damage":32.0,"enemies":"Snake Plant","floor":20.0,"turns":3.0},{"damage":24.0,"enemies":"Slaver and Parasite","floor":22.0,"turns":4.0},{"damage":22.0,"enemies":"Gremlin Leader","floor":24.0,"turns":6.0},{"damage":2.0,"enemies":"Centurion and Healer","floor":28.0,"turns":3.0},{"damage":20.0,"enemies":"Cultist and Chosen","floor":29.0,"turns":6.0},{"damage":39.0,"enemies":"Book of Stabbing","floor":31.0,"turns":6.0},{"damage":28.0,"enemies":"Champ","floor":33.0,"turns":9.0},{"damage":8,"enemies":"3 Darklings","floor":35,"turns":3},{"damage":20,"enemies":"Flame Bruiser 1 Orb","floor":37,"turns":5},{"damage":19,"enemies":"Sphere and 2 Shapes","floor":38,"turns":4},{"damage":12,"enemies":"3 Darklings","floor":39,"turns":3},{"damage":18,"enemies":"Giant Head","floor":40,"turns":6},{"damage":8,"enemies":"Nemesis","floor":46,"turns":3},{"damage":12,"enemies":"Spire Growth","floor":47,"turns":3},{"damage":0,"enemies":"Transient","floor":48,"turns":5},{"damage":67,"enemies":"Awakened One","floor":50,"turns":9}],"relics_obtained":[{"floor":6.0,"key":"Bronze Scales"},{"floor":9.0,"key":"Bag of Preparation"},{"floor":12.0,"key":"Bird Faced Urn"},{"floor":21.0,"key":"Nilry\u0027s Codex"},{"floor":24.0,"key":"Centennial Puzzle"},{"floor":26.0,"key":"Boot"},{"floor":31.0,"key":"Vajra"},{"floor":40,"key":"Ornamental Fan"},{"floor":42,"key":"Bottled Lightning"},{"floor":43,"key":"Self Forming Clay"},{"floor":46,"key":"Oddly Smooth Stone"}],"event_choices":[{"event_name":"Living Wall","player_choice":"Forget","floor":2.0,"damage_taken":0.0},{"event_name":"Big Fish","player_choice":"Donut","floor":3.0,"damage_taken":0.0},{"event_name":"Scrap Ooze","player_choice":"success","floor":4.0,"damage_taken":7.0},{"event_name":"Cursed Tome","player_choice":"Obtained Book","floor":21.0,"damage_taken":0.0},{"event_name":"Duplicator","player_choice":"One dupe","floor":36,"damage_taken":0},{"event_name":"Tomb of Lord Red Mask","player_choice":"Ignored","floor":44,"damage_taken":0}],"boss_relics":[],"items_purged_floors":[],"potions_floor_spawned":[6,12,14,16,18,22,24,31,33,37,38,46],"seed_played":"-4072484756386825867","ascension_level":0,"potions_obtained":[{"floor":6.0,"key":"PowerPotion"},{"floor":12.0,"key":"LiquidBronze"},{"floor":14.0,"key":"SkillPotion"},{"floor":16.0,"key":"Ancient Potion"},{"floor":18.0,"key":"Weak Potion"},{"floor":22.0,"key":"PowerPotion"},{"floor":24.0,"key":"AttackPotion"},{"floor":31.0,"key":"SteroidPotion"},{"floor":33.0,"key":"BloodPotion"}],"is_trial":false}