{"gold_per_floor":[11,23,38,38,48,48,63,63,117,129,149,27,45,45,45,143,143,153,153,153,53,71,71,82,82,82,94,112,112],"floor_reached":29,"playtime":1352,"items_purged":["Defend_R","Strike_R"],"score":265,"play_id":"9194bcd6-d4cb-45ae-9b4c-7a7663664fba","local_time":"20180626213623","is_ascension_mode":true,"campfire_choices":[{"data":"Fiend Fire","floor":6,"key":"SMITH"},{"floor":8,"key":"REST"},{"data":"Flame Barrier","floor":15,"key":"SMITH"},{"data":"Armaments","floor":23,"key":"SMITH"},{"floor":25,"key":"REST"}],"neow_cost":"NO_GOLD","seed_source_timestamp":179121794341284,"circlet_count":0,"master_deck":["Strike_R+1","Strike_R","Strike_R+1","Strike_R","Defend_R","Defend_R","Defend_R","Bash","Fiend Fire+1","Armaments+1","Clash","Inflame","Rampage","Battle Trance","Flame Barrier+1","Clash","Double Tap+1","Whirlwind"],"relics":["Burning Blood","Whetstone","Eternal Feather","Paper Frog"],"potions_floor_usage":[28,28],"damage_taken":[{"damage":1,"enemies":"Cultist","floor":1,"turns":3},{"damage":12,"enemies":"Jaw Worm","floor":2,"turns":3},{"damage":11,"enemies":"2 Louse","floor":3,"turns":3},{"damage":13,"enemies":"Red Slaver","floor":5,"turns":3},{"damage":15,"enemies":"Lots of Slimes","floor":7,"turns":5},{"damage":9,"enemies":"3 Louse","floor":10,"turns":3},{"damage":0,"enemies":"Large Slime","floor":11,"turns":4},{"damage":5,"enemies":"Gremlin Gang","floor":13,"turns":3},{"damage":3,"enemies":"Slime Boss","floor":16,"turns":6},{"damage":0,"enemies":"3 Byrds","floor":18,"turns":1},{"damage":23,"enemies":"Shell Parasite","floor":22,"turns":5},{"damage":59,"enemies":"Sentry and Sphere","floor":24,"turns":6},{"damage":32,"enemies":"Snake Plant","floor":27,"turns":3},{"damage":18,"enemies":"Centurion and Healer","floor":28,"turns":4},{"damage":20,"enemies":"Snecko","floor":29,"turns":3}],"seed_played":"-9005695106124138462","potions_obtained":[{"floor":3,"key":"SpeedPotion"},{"floor":5,"key":"SteroidPotion"},{"floor":7,"key":"Ancient Potion"},{"floor":27,"key":"BloodPotion"}],"is_trial":false,"path_per_floor":["M","M","M","$","M","R","M","R","T","M","M","$","M","$","R","B",null,"M","?","?","$","M","R","M","R","T","M","M"],"character_chosen":"IRONCLAD","items_purchased":["Clash"],"campfire_rested":2,"item_purchase_floors":[12],"current_hp_per_floor":[80,74,69,69,62,62,53,77,77,74,80,80,80,80,80,80,80,80,80,80,80,63,69,16,46,46,20,16,0],"gold":112,"neow_bonus":"THREE_RARE_CARDS","is_prod":false,"is_daily":false,"chose_seed":false,"campfire_upgraded":3,"win_rate":0,"timestamp":1530063383,"path_taken":["M","M","M","$","?","R","M","R","T","M","?","?","?","$","R","BOSS","M","?","?","$","M","R","M","R","T","M","M","M"],"build_version":"2018-06-21v2","purchased_purges":2,"victory":false,"max_hp_per_floor":[80,80,80,80,80,80,80,80,80,80,80,80,80,80,80,80,80,80,80,80,80,80,80,80,80,80,80,80,80],"card_choices":[{"not_picked":["Reaper","Brutality"],"picked":"Fiend Fire","floor":0},{"not_picked":["Flex","Reckless Charge"],"picked":"Armaments","floor":1},{"not_picked":["Body Slam","Bloodletting"],"picked":"Clash","floor":2},{"not_picked":["Warcry","Clothesline"],"picked":"Inflame","floor":3},{"not_picked":["Power Through","Clash"],"picked":"Rampage","floor":5},{"not_picked":["Armaments","Dual Wield"],"picked":"Battle Trance","floor":7},{"not_picked":["True Grit","Twin Strike","Heavy Blade"],"picked":"SKIP","floor":10},{"not_picked":["Disarm","Sentinel"],"picked":"Flame Barrier","floor":11},{"not_picked":["Warcry","Thunderclap","Shockwave"],"picked":"SKIP","floor":13},{"not_picked":["Impervious","Demon Form"],"picked":"Double Tap","floor":16},{"not_picked":["Perfected Strike","Pummel","Headbutt"],"picked":"SKIP","floor":18},{"not_picked":["Armaments+1","Wild Strike+1","Warcry"],"picked":"SKIP","floor":22},{"not_picked":["Dual Wield+1","Juggernaut","Thunderclap+1"],"picked":"SKIP","floor":24},{"not_picked":["Fire Breathing","Infernal Blade+1","Sword Boomerang"],"picked":"SKIP","floor":27},{"not_picked":["Rupture","Sword Boomerang","Rage"],"picked":"SKIP","floor":28}],"player_experience":806508,"relics_obtained":[{"floor":9,"key":"Whetstone"},{"floor":26,"key":"Paper Frog"}],"event_choices":[{"event_name":"Upgrade Shrine","player_choice":"Upgraded","floor":19,"damage_taken":0},{"event_name":"The Library","player_choice":"Read","floor":20,"damage_taken":0}],"boss_relics":[{"not_picked":["Runic Pyramid","Snecko Eye"],"picked":"Eternal Feather"}],"items_purged_floors":[12,21],"is_endless":false,"potions_floor_spawned":[3,5,7,13,24,27],"killed_by":"Snecko","ascension_level":4}