{"gold_per_floor":[113,124,124,134,150,150,150,184,208,240,256,276,276,291,291,396,396,407,293,293,293,193,193,68,93,93,368,385,6,6,16,16,115,115,132,232,57,157,157,157,167,167],"floor_reached":42,"playtime":3343,"items_purged":["Strike_G","Strike_G","Strike_G","Strike_G","Regret"],"score":566,"play_id":"6b58378e-9bd5-4848-b64e-d782fa18b656","local_time":"20190209203834","is_ascension_mode":true,"campfire_choices":[{"data":"Neutralize","floor":6,"key":"SMITH"},{"floor":15,"key":"REST"},{"floor":23,"key":"RECALL"},{"floor":30,"key":"REST"},{"floor":32,"key":"REST"},{"floor":40,"key":"DIG"}],"neow_cost":"NONE","seed_source_timestamp":2747376675418996,"circlet_count":0,"master_deck":["Defend_G","Defend_G","Defend_G","Defend_G","Defend_G","Survivor","Neutralize+1","Dagger Throw","Corpse Explosion","Dodge and Roll","Infinite Blades","Noxious Fumes","Footwork","Backstab","Backstab","After Image","Infinite Blades","Ghostly","Ghostly","Ghostly","Ghostly","Ghostly","RitualDagger","Venomology","Tools of the Trade","Leg Sweep","Adrenaline","Deadly Poison","Envenom"],"relics":["Lizard Tail","Juzu Bracelet","Dream Catcher","Regal Pillow","Strawberry","Fusion Hammer","Gambling Chip","Snake Skull","White Beast Statue","Shovel","Kunai"],"potions_floor_usage":[8,8,10,10,14,18,31,31,33,33,35,35,35,38,41],"damage_taken":[{"damage":4,"enemies":"Small Slimes","floor":1,"turns":4},{"damage":2,"enemies":"Cultist","floor":2,"turns":5},{"damage":2,"enemies":"Jaw Worm","floor":4,"turns":5},{"damage":8,"enemies":"3 Louse","floor":5,"turns":3},{"damage":26,"enemies":"Lagavulin","floor":8,"turns":7},{"damage":17,"enemies":"3 Sentries","floor":10,"turns":11},{"damage":4,"enemies":"Large Slime","floor":11,"turns":6},{"damage":18,"enemies":"Exordium Wildlife","floor":12,"turns":3},{"damage":0,"enemies":"Lots of Slimes","floor":14,"turns":1},{"damage":52,"enemies":"Slime Boss","floor":16,"turns":11},{"damage":17,"enemies":"2 Thieves","floor":18,"turns":4},{"damage":14,"enemies":"Gremlin Leader","floor":25,"turns":9},{"damage":0,"enemies":"Shell Parasite","floor":28,"turns":8},{"damage":3,"enemies":"Shelled Parasite and Fungi","floor":31,"turns":7},{"damage":22,"enemies":"Champ","floor":33,"turns":14},{"damage":33,"enemies":"3 Darklings","floor":35,"turns":3},{"damage":0,"enemies":"Mind Bloom Boss Battle","floor":38,"turns":8},{"damage":0,"enemies":"Orb Walker","floor":41,"turns":6},{"damage":21,"enemies":"Giant Head","floor":42,"turns":7}],"seed_played":"7858530432710748397","potions_obtained":[{"floor":2,"key":"GhostInAJar"},{"floor":3,"key":"Explosive Potion"},{"floor":3,"key":"GhostInAJar"},{"floor":8,"key":"GamblersBrew"},{"floor":11,"key":"GamblersBrew"},{"floor":12,"key":"SpeedPotion"},{"floor":28,"key":"GamblersBrew"},{"floor":31,"key":"Poison Potion"},{"floor":35,"key":"Regen Potion"},{"floor":38,"key":"GhostInAJar"},{"floor":41,"key":"GamblersBrew"}],"is_trial":false,"path_per_floor":["M","M","?","M","M","R","?","E","T","E","M","M","?","M","R","B",null,"M","$","?","?","$","R","$","E","T","?","M","$","R","M","R","B",null,"M","?","$","?","$","R","M","E"],"character_chosen":"THE_SILENT","items_purchased":["Infinite Blades","Snake Skull","Tools of the Trade"],"campfire_rested":3,"item_purchase_floors":[19,29,29],"current_hp_per_floor":[66,64,64,62,54,54,47,21,21,11,7,32,25,25,63,11,77,60,60,38,32,32,32,32,18,18,18,18,18,38,35,38,16,38,5,5,5,20,20,20,20,0],"gold":167,"neow_bonus":"BOSS_RELIC","is_prod":false,"is_daily":false,"chose_seed":false,"campfire_upgraded":1,"win_rate":0,"timestamp":1549766314,"path_taken":["M","M","?","?","M","R","?","E","T","E","M","M","?","M","R","BOSS","M","$","?","?","$","R","?","E","T","?","M","$","R","M","R","BOSS","M","?","?","?","?","R","M","E"],"build_version":"2019-02-06","purchased_purges":5,"victory":false,"max_hp_per_floor":[70,70,70,70,70,70,70,70,70,77,77,77,77,77,77,77,77,77,77,38,38,38,38,38,38,38,38,38,38,38,38,38,38,38,38,38,38,38,38,38,38,38],"card_choices":[{"not_picked":["PiercingWail","Flying Knee"],"picked":"Dagger Throw","floor":1},{"not_picked":["Underhanded Strike","Deadly Poison","Blade Dance"],"picked":"SKIP","floor":2},{"not_picked":["Crippling Poison","PiercingWail","Distraction"],"picked":"SKIP","floor":4},{"not_picked":["Underhanded Strike","Bane"],"picked":"Corpse Explosion","floor":5},{"not_picked":["Terror","Dash"],"picked":"Dodge and Roll","floor":8},{"not_picked":["Quick Slash","Skewer"],"picked":"Infinite Blades","floor":10},{"not_picked":["Deflect","Underhanded Strike"],"picked":"Noxious Fumes","floor":11},{"not_picked":["Backflip","Dodge and Roll"],"picked":"Footwork","floor":12},{"not_picked":["Outmaneuver","Bouncing Flask"],"picked":"Backstab","floor":14},{"not_picked":["Heel Hook","Masterful Stab"],"picked":"Backstab","floor":15},{"not_picked":["Bullet Time","Phantasmal Killer"],"picked":"After Image","floor":16},{"not_picked":["Dagger Spray","PiercingWail+1","Dodge and Roll"],"picked":"SKIP","floor":18},{"not_picked":["Quick Slash+1","Blade Dance"],"picked":"Venomology","floor":25},{"not_picked":["Flying Knee","Underhanded Strike","Distraction"],"picked":"SKIP","floor":28},{"not_picked":["Dagger Throw","Accuracy"],"picked":"Leg Sweep","floor":30},{"not_picked":["Catalyst+1","Dagger Spray"],"picked":"Adrenaline","floor":31},{"not_picked":["PiercingWail","Outmaneuver"],"picked":"Deadly Poison","floor":32},{"not_picked":["Night Terror","A Thousand Cuts"],"picked":"Envenom","floor":33},{"not_picked":["Choke","Noxious Fumes","Bane"],"picked":"SKIP","floor":35},{"not_picked":["Dagger Spray+1","Noxious Fumes","Distraction"],"picked":"SKIP","floor":41}],"player_experience":90914,"relics_obtained":[{"floor":8,"key":"Dream Catcher"},{"floor":9,"key":"Regal Pillow"},{"floor":10,"key":"Strawberry"},{"floor":25,"key":"Gambling Chip"},{"floor":38,"key":"Shovel"},{"floor":40,"key":"Kunai"}],"event_choices":[{"damage_healed":0,"gold_gain":0,"player_choice":"Got Potions","damage_taken":0,"max_hp_gain":0,"max_hp_loss":0,"event_name":"Lab","floor":3,"gold_loss":0},{"damage_healed":0,"gold_gain":0,"player_choice":"Success","damage_taken":7,"relics_obtained":["Juzu Bracelet"],"max_hp_gain":0,"max_hp_loss":0,"event_name":"Scrap Ooze","floor":7,"gold_loss":0},{"cards_removed":["Strike_G"],"damage_healed":0,"gold_gain":0,"player_choice":"Card Removal","damage_taken":7,"max_hp_gain":0,"max_hp_loss":0,"event_name":"Golden Wing","floor":13,"gold_loss":0},{"damage_healed":0,"gold_gain":0,"player_choice":"Became a Ghost","damage_taken":0,"max_hp_gain":0,"max_hp_loss":39,"event_name":"Ghosts","floor":20,"gold_loss":0,"cards_obtained":["Ghostly","Ghostly","Ghostly","Ghostly","Ghostly"]},{"damage_healed":0,"gold_gain":0,"player_choice":"Joined the Cult","damage_taken":6,"max_hp_gain":0,"max_hp_loss":0,"event_name":"Nest","floor":21,"gold_loss":0,"cards_obtained":["RitualDagger"]},{"damage_healed":0,"gold_gain":275,"player_choice":"Desecrate","damage_taken":0,"max_hp_gain":0,"max_hp_loss":0,"event_name":"Golden Shrine","floor":27,"gold_loss":0,"cards_obtained":["Regret"]},{"damage_healed":0,"gold_gain":100,"player_choice":"Pray","damage_taken":0,"max_hp_gain":0,"max_hp_loss":0,"event_name":"Golden Shrine","floor":36,"gold_loss":0},{"damage_healed":0,"gold_gain":0,"player_choice":"Fight","damage_taken":0,"max_hp_gain":0,"max_hp_loss":0,"event_name":"MindBloom","floor":38,"gold_loss":0}],"is_beta":true,"boss_relics":[{"not_picked":["Eternal Feather","Calling Bell"],"picked":"Fusion Hammer"},{"not_picked":["Orrery","Sozu"],"picked":"White Beast Statue"}],"items_purged_floors":[19,22,24,29,37],"is_endless":false,"potions_floor_spawned":[2,8,11,12,28,31,35,38,41],"killed_by":"Giant Head","ascension_level":3}