{"gold_per_floor":[110,120,120,138,88,88,99,99,99,99,110,110,73,85,85,190,190,200,200,115,135,60,60,77,77,145,145,156,156,176,176],"floor_reached":31,"playtime":1458,"items_purged":["Strike_B"],"score":318,"play_id":"4d4814d3-24c1-4e9b-8b72-5fcc6eab560f","local_time":"20180702165832","is_ascension_mode":true,"campfire_choices":[{"data":"Double Energy","floor":6,"key":"SMITH"},{"data":"Dualcast","floor":10,"key":"SMITH"},{"data":"Doom and Gloom","floor":15,"key":"SMITH"},{"data":"Machine Learning","floor":23,"key":"SMITH"},{"floor":25,"key":"REST"},{"floor":29,"key":"REST"}],"neow_cost":"NONE","seed_source_timestamp":680652111602488,"circlet_count":0,"master_deck":["Defend_B","Defend_B","Defend_B","Defend_B","Zap+1","Dualcast+1","Leap","Coolheaded","Double Energy+1","Leap","Cold Snap","Doom and Gloom+1","Chill","Machine Learning+1","Glacier","Stack","Static Discharge","Chill"],"relics":["Cracked Core","Pear","Eternal Feather","Vajra","Matryoshka"],"potions_floor_usage":[16,16],"damage_taken":[{"damage":2,"enemies":"Jaw Worm","floor":1,"turns":2},{"damage":0,"enemies":"Small Slimes","floor":2,"turns":3},{"damage":0,"enemies":"2 Louse","floor":4,"turns":4},{"damage":1,"enemies":"Blue Slaver","floor":7,"turns":3},{"damage":0,"enemies":"Red Slaver","floor":11,"turns":5},{"damage":2,"enemies":"2 Fungi Beasts","floor":14,"turns":4},{"damage":36,"enemies":"Hexaghost","floor":16,"turns":11},{"damage":24,"enemies":"Chosen","floor":18,"turns":9},{"damage":14,"enemies":"2 Thieves","floor":21,"turns":4},{"damage":23,"enemies":"Centurion and Healer","floor":24,"turns":8},{"damage":20,"enemies":"Snake Plant","floor":28,"turns":5},{"damage":33,"enemies":"3 Cultists","floor":30,"turns":5},{"damage":27,"enemies":"Centurion and Healer","floor":31,"turns":11}],"seed_played":"-2452939867041868551","potions_obtained":[{"floor":1,"key":"SkillPotion"},{"floor":7,"key":"SteroidPotion"},{"floor":11,"key":"EssenceOfSteel"},{"floor":18,"key":"LiquidBronze"}],"is_trial":false,"path_per_floor":["M","M","?","M","?","R","M","?","T","R","M","?","$","M","R","B",null,"M","?","?","M","$","R","M","R","T","?","M","R","M"],"character_chosen":"DEFECT","items_purchased":["Doom and Gloom"],"campfire_rested":2,"item_purchase_floors":[13],"current_hp_per_floor":[66,66,66,66,66,66,65,65,75,75,75,75,75,73,73,37,73,49,49,49,35,35,41,18,49,49,49,29,60,27,0],"gold":176,"neow_bonus":"UPGRADE_CARD","is_prod":false,"is_daily":false,"chose_seed":false,"campfire_upgraded":4,"win_rate":0,"timestamp":1530565112,"path_taken":["M","M","?","M","?","R","M","?","T","R","M","?","$","M","R","BOSS","M","?","?","M","$","R","M","R","T","?","M","R","?","M"],"build_version":"2018-06-28","purchased_purges":1,"victory":false,"max_hp_per_floor":[75,75,75,75,75,75,75,75,85,85,85,85,85,85,85,85,85,85,85,85,85,85,85,85,85,85,85,85,85,85,85],"card_choices":[{"not_picked":["Reinforced Body","Scrape"],"picked":"Leap","floor":1},{"not_picked":["Gash","Aggregate"],"picked":"Coolheaded","floor":2},{"not_picked":["Beam Cell","White Noise"],"picked":"Double Energy","floor":4},{"not_picked":["Compile Driver","Streamline"],"picked":"Leap","floor":7},{"not_picked":["Beam Cell","Reinforced Body"],"picked":"Cold Snap","floor":11},{"not_picked":["Tempest","All For One"],"picked":"Chill","floor":14},{"not_picked":["Hyperbeam","Amplify"],"picked":"Machine Learning","floor":16},{"not_picked":["Recycle","Compile Driver","Gash"],"picked":"SKIP","floor":18},{"not_picked":["Storm","Barrage"],"picked":"Glacier","floor":21},{"not_picked":["Barrage","Rebound"],"picked":"Stack","floor":24},{"not_picked":["Sweeping Beam","Ball Lightning"],"picked":"Static Discharge","floor":28},{"not_picked":["Reprogram","Cold Snap"],"picked":"Chill","floor":30}],"player_experience":924630,"relics_obtained":[{"floor":9,"key":"Pear"},{"floor":26,"key":"Matryoshka"}],"event_choices":[{"event_name":"Living Wall","player_choice":"Forget","floor":3,"damage_taken":0},{"event_name":"The Cleric","player_choice":"Card Removal","floor":5,"damage_taken":0},{"event_name":"Liars Game","player_choice":"disagreed","floor":8,"damage_taken":0},{"event_name":"Golden Idol","player_choice":"Ignored","floor":12,"damage_taken":0},{"event_name":"Purifier","player_choice":"One Purge","floor":19,"damage_taken":0},{"event_name":"Addict","player_choice":"Obtained Relic","floor":20,"damage_taken":0},{"event_name":"Ghosts","player_choice":"Ignored","floor":27,"damage_taken":0}],"boss_relics":[{"not_picked":["Snecko Eye","Astrolabe"],"picked":"Eternal Feather"}],"items_purged_floors":[22],"is_endless":false,"potions_floor_spawned":[1,7,11,18],"killed_by":"Centurion and Healer","ascension_level":8}