{"gold_per_floor":[16,91,109,109,129,129,142,174,174,26,26,39,39,52,52,154,154,94,108,33,44,44,44,44,61,61,61,73,73,73,93,93,93],"floor_reached":33,"playtime":1821,"items_purged":["Strike_B"],"score":247,"play_id":"3c2d613a-0055-415f-9b4a-65a007e68813","local_time":"20190123112225","is_ascension_mode":false,"campfire_choices":[{"data":"Doom and Gloom","floor":6,"key":"SMITH"},{"data":"Chaos","floor":11,"key":"SMITH"},{"data":"Loop","floor":13,"key":"SMITH"},{"floor":15,"key":"REST"},{"floor":23,"key":"REST"},{"data":"Creative AI","floor":27,"key":"SMITH"},{"floor":29,"key":"REST"},{"floor":32,"key":"REST"}],"neow_cost":"NO_GOLD","seed_source_timestamp":305383544947701,"circlet_count":0,"master_deck":["Strike_B","Defend_B","Defend_B","Defend_B","Defend_B","Zap","Dualcast","Doom and Gloom+1","Chaos+1","Loop+1","Chill+1","Creative AI+1","Loop+1"],"relics":["Cracked Core","Bag of Marbles","Kunai","Anchor","Velvet Choker","MutagenicStrength","Cables"],"potions_floor_usage":[5,8,14,18,28,33],"damage_taken":[{"damage":2,"enemies":"Small Slimes","floor":1,"turns":5},{"damage":1,"enemies":"Jaw Worm","floor":3,"turns":4},{"damage":1,"enemies":"Cultist","floor":5,"turns":3},{"damage":7,"enemies":"2 Fungi Beasts","floor":7,"turns":2},{"damage":11,"enemies":"Lagavulin","floor":8,"turns":5},{"damage":0,"enemies":"Lots of Slimes","floor":12,"turns":1},{"damage":10,"enemies":"Exordium Thugs","floor":14,"turns":3},{"damage":26,"enemies":"Hexaghost","floor":16,"turns":6},{"damage":25,"enemies":"2 Thieves","floor":18,"turns":4},{"damage":23,"enemies":"Chosen","floor":19,"turns":7},{"damage":10,"enemies":"Centurion and Healer","floor":21,"turns":4},{"damage":4,"enemies":"Snake Plant","floor":25,"turns":3},{"damage":19,"enemies":"Chosen and Byrds","floor":28,"turns":6},{"damage":8,"enemies":"Shelled Parasite and Fungi","floor":31,"turns":4},{"damage":52,"enemies":"Collector","floor":33,"turns":9}],"seed_played":"-5451987333870716414","potions_obtained":[{"floor":1,"key":"AttackPotion"},{"floor":5,"key":"Swift Potion"},{"floor":8,"key":"Regen Potion"},{"floor":16,"key":"Explosive Potion"},{"floor":19,"key":"FearPotion"},{"floor":25,"key":"SpeedPotion"},{"floor":31,"key":"Weak Potion"}],"is_trial":false,"path_per_floor":["M","?","M","?","M","R","M","E","T","$","R","M","R","M","R","B",null,"M","M","$","M","?","R","?","M","T","R","M","R","?","M","R","B"],"character_chosen":"DEFECT","items_purchased":["Anchor"],"campfire_rested":4,"item_purchase_floors":[10],"current_hp_per_floor":[73,62,61,49,48,48,41,30,30,30,30,30,30,29,51,25,75,50,27,27,17,17,39,39,35,35,35,16,38,38,30,52,0],"gold":93,"neow_bonus":"REMOVE_TWO","is_prod":false,"is_daily":false,"chose_seed":false,"campfire_upgraded":4,"win_rate":0,"timestamp":1548204745,"path_taken":["M","?","M","?","M","R","M","E","T","?","R","M","R","M","R","BOSS","M","M","$","M","?","R","?","M","T","R","?","R","?","M","R","BOSS"],"build_version":"2019-01-17v2","purchased_purges":1,"victory":false,"max_hp_per_floor":[75,75,75,75,75,75,75,75,75,75,75,75,75,75,75,75,75,75,75,75,75,75,75,75,75,75,75,75,75,75,75,75,75],"card_choices":[{"not_picked":["Blizzard","Stack","Beam Cell"],"picked":"SKIP","floor":1},{"not_picked":["Blizzard","Turbo","Barrage"],"picked":"SKIP","floor":3},{"not_picked":["Cold Snap","Self Repair"],"picked":"Doom and Gloom","floor":5},{"not_picked":["Gash","Double Energy"],"picked":"Chaos","floor":7},{"not_picked":["Hyperbeam","Ball Lightning","Streamline"],"picked":"SKIP","floor":8},{"not_picked":["Hologram","Reinforced Body"],"picked":"Loop","floor":12},{"not_picked":["Force Field","Barrage"],"picked":"Chill","floor":14},{"not_picked":["All For One","Hyperbeam"],"picked":"Creative AI","floor":16},{"not_picked":["Lockon","Cold Snap","Melter+1"],"picked":"SKIP","floor":18},{"not_picked":["Gash","Conserve Battery"],"picked":"Loop+1","floor":19},{"not_picked":["Chill","Streamline+1","Recycle"],"picked":"SKIP","floor":21},{"not_picked":["Cold Snap","Undo","Redo"],"picked":"SKIP","floor":25},{"not_picked":["Reprogram","Barrage","Ball Lightning+1"],"picked":"SKIP","floor":28},{"not_picked":["Aggregate","Heatsinks","Stack"],"picked":"SKIP","floor":31}],"player_experience":500061,"relics_obtained":[{"floor":8,"key":"Kunai"},{"floor":26,"key":"Cables"}],"event_choices":[{"damage_healed":0,"gold_gain":75,"player_choice":"Gather Gold","damage_taken":11,"max_hp_gain":0,"max_hp_loss":0,"event_name":"World of Goop","floor":2,"gold_loss":0},{"damage_healed":0,"gold_gain":0,"player_choice":"Success","damage_taken":12,"relics_obtained":["Bag of Marbles"],"max_hp_gain":0,"max_hp_loss":0,"event_name":"Scrap Ooze","floor":4,"gold_loss":0},{"damage_healed":0,"gold_gain":0,"player_choice":"Inject Mutagens","damage_taken":0,"relics_obtained":["MutagenicStrength"],"max_hp_gain":0,"max_hp_loss":0,"event_name":"Drug Dealer","floor":22,"gold_loss":0},{"damage_healed":0,"gold_gain":0,"player_choice":"Forge","damage_taken":0,"max_hp_gain":0,"max_hp_loss":0,"event_name":"Accursed Blacksmith","floor":24,"gold_loss":0,"cards_upgraded":["Chill"]},{"damage_healed":0,"gold_gain":0,"player_choice":"Bought 0 Potions","damage_taken":0,"max_hp_gain":0,"max_hp_loss":0,"event_name":"The Woman in Blue","floor":30,"gold_loss":0}],"is_beta":false,"boss_relics":[{"not_picked":["Lizard Tail","Coffee Dripper"],"picked":"Velvet Choker"}],"items_purged_floors":[20],"is_endless":false,"potions_floor_spawned":[1,5,8,16,19,25,31],"killed_by":"Collector","ascension_level":0}