{"gold_per_floor":[361,536,551,570,39,69,69,69,95,115,115,126,143,162,162,241,241,251,251,268,268,280,280],"floor_reached":23,"playtime":1447,"items_purged":["Doubt"],"score":322,"play_id":"8676a230-3498-4d4d-8d2c-d6efd3eb38b5","local_time":"20180720131256","is_ascension_mode":true,"campfire_choices":[{"floor":7.0,"key":"REST"},{"data":"Consume","floor":11.0,"key":"SMITH"},{"data":"Loop","floor":15.0,"key":"SMITH"}],"neow_cost":"TEN_PERCENT_HP_LOSS","seed_source_timestamp":0,"circlet_count":0,"master_deck":["Strike_B","Strike_B","Strike_B","Strike_B","Defend_B","Defend_B","Defend_B","Defend_B","Zap","Dualcast","AscendersBane","Sunder","Coolheaded","Capacitor","Seek","Loop+1","Good Instincts","Coolheaded","Consume+1","Glacier","Reboot","Hologram","Chill"],"special_seed":0,"relics":["Cracked Core","Tiny Chest","Blood Vial","Orichalcum","Runic Dome"],"potions_floor_usage":[],"damage_taken":[{"damage":7.0,"enemies":"2 Louse","floor":1.0,"turns":2.0},{"damage":6.0,"enemies":"Jaw Worm","floor":3.0,"turns":4.0},{"damage":7.0,"enemies":"Small Slimes","floor":4.0,"turns":4.0},{"damage":23.0,"enemies":"3 Sentries","floor":6.0,"turns":8.0},{"damage":8.0,"enemies":"2 Fungi Beasts","floor":10.0,"turns":2.0},{"damage":0.0,"enemies":"Large Slime","floor":12.0,"turns":5.0},{"damage":1.0,"enemies":"3 Louse","floor":13.0,"turns":3.0},{"damage":10.0,"enemies":"Exordium Thugs","floor":14.0,"turns":4.0},{"damage":16.0,"enemies":"Slime Boss","floor":16.0,"turns":9.0},{"damage":11,"enemies":"Shell Parasite","floor":18,"turns":7},{"damage":23,"enemies":"3 Byrds","floor":20,"turns":8},{"damage":2,"enemies":"Snecko","floor":22,"turns":6},{"damage":28,"enemies":"Gremlin Leader","floor":23,"turns":8}],"seed_played":"2280454524934985376","potions_obtained":[{"floor":4.0,"key":"FearPotion"},{"floor":6.0,"key":"PowerPotion"},{"floor":12.0,"key":"Ancient Potion"},{"floor":13.0,"key":"PowerPotion"}],"is_trial":false,"path_per_floor":["M","?","M","M","$","E","R","?","T","M","R","M","M","M","R","B",null,"M","?","M","?","M"],"character_chosen":"DEFECT","items_purchased":["Tiny Chest","Seek","Loop","Good Instincts"],"campfire_rested":1,"item_purchase_floors":[5,5,5,5],"current_hp_per_floor":[61,61,55,48,48,25,45,45,45,39,39,41,42,34,34,20,56,47,47,26,26,26,0],"gold":280,"neow_bonus":"TWO_FIFTY_GOLD","is_prod":false,"is_daily":false,"chose_seed":false,"campfire_upgraded":2,"win_rate":0,"timestamp":1532085176,"path_taken":["M","?","M","M","$","E","R","?","T","?","R","M","M","M","R","BOSS","M","?","?","?","M","E"],"build_version":"2018-07-19","purchased_purges":1,"victory":false,"max_hp_per_floor":[68,68,68,68,68,68,68,68,68,68,68,68,68,68,68,68,68,68,68,68,68,68,68],"card_choices":[{"not_picked":["Coolheaded","Auto Shields"],"picked":"Sunder","floor":1.0},{"not_picked":["Redo","Lockon"],"picked":"Coolheaded","floor":3.0},{"not_picked":["Leap","Redo"],"picked":"Capacitor","floor":4.0},{"not_picked":["Hologram","Steam Power"],"picked":"Coolheaded","floor":6.0},{"not_picked":["Streamline","Conserve Battery"],"picked":"Consume","floor":10.0},{"not_picked":["Compile Driver","Skim","Scrape"],"picked":"SKIP","floor":12.0},{"not_picked":["Double Energy","All For One","Sweeping Beam"],"picked":"SKIP","floor":13.0},{"not_picked":["Conserve Battery","Stack"],"picked":"Glacier","floor":14.0},{"not_picked":["Buffer","Core Surge"],"picked":"Reboot","floor":16.0},{"not_picked":["Beam Cell","Double Energy"],"picked":"Hologram","floor":18},{"not_picked":["Heatsinks","Steam","Double Energy"],"picked":"SKIP","floor":20},{"not_picked":["Beam Cell","Streamline"],"picked":"Chill","floor":22}],"player_experience":343354,"relics_obtained":[{"floor":6.0,"key":"Blood Vial"},{"floor":9.0,"key":"Orichalcum"}],"event_choices":[{"event_name":"Liars Game","player_choice":"agreed","floor":2.0,"damage_taken":0.0},{"event_name":"Dead Adventurer","player_choice":"Searched \u00270\u0027 times","floor":8.0,"damage_taken":0.0},{"event_name":"NoteForYourself","player_choice":"Ignored","floor":19,"damage_taken":0},{"event_name":"Drug Dealer","player_choice":"Ignored","floor":21,"damage_taken":0}],"is_beta":true,"boss_relics":[{"not_picked":["Busted Crown","Calling Bell"],"picked":"Runic Dome"}],"items_purged_floors":[5],"is_endless":false,"potions_floor_spawned":[4,6,12,13],"killed_by":"Gremlin Leader","ascension_level":13}