{"gold_per_floor":[110,122,122,133,13,13,48,48,74,74,74,95,20,36,36,141,141,161,161,34,34,45,45,79,79,127,141,161,177,196,213,213,318,318,332,632,652,725,725,725,119,136,136,156,156,168,168],"floor_reached":47,"playtime":2702,"items_purged":["Strike_G","Strike_G","Strike_G"],"score":721,"play_id":"74d167b2-c503-4f33-b3a9-ba8b5845e5b6","local_time":"20180804132217","is_ascension_mode":true,"campfire_choices":[{"data":"Footwork","floor":6.0,"key":"SMITH"},{"data":"Noxious Fumes","floor":8.0,"key":"SMITH"},{"data":"Noxious Fumes","floor":11.0,"key":"SMITH"},{"floor":15.0,"key":"REST"},{"floor":23.0,"key":"REST"},{"data":"After Image","floor":25.0,"key":"SMITH"},{"floor":32.0,"key":"REST"},{"data":"Footwork","floor":45.0,"key":"SMITH"}],"neow_cost":"NONE","seed_source_timestamp":846622132093710,"circlet_count":0,"master_deck":["Defend_G","Defend_G","Defend_G","Defend_G+1","Defend_G","Strike_G","Survivor","Neutralize","Noxious Fumes+1","PiercingWail","Dodge and Roll","Dash","Footwork+1","Noxious Fumes+1","Footwork","Deadly Poison+1","After Image+1","Backstab+1","Deadly Poison","Backflip","Footwork+1","Backflip","Leg Sweep+1","Noxious Fumes","Crippling Poison+1","Dash+1","Escape Plan","Madness","Madness","Sadistic Nature","Dodge and Roll+1","Crippling Poison+1"],"special_seed":0,"relics":["WristBlade","Regal Pillow","Bronze Scales","Odd Mushroom","Runic Dome","War Paint","Centennial Puzzle","Runic Pyramid","Old Coin","Ornamental Fan","Bottled Tornado","Question Card"],"potions_floor_usage":[],"damage_taken":[{"damage":1.0,"enemies":"Small Slimes","floor":1.0,"turns":5.0},{"damage":1.0,"enemies":"Cultist","floor":2.0,"turns":5.0},{"damage":4.0,"enemies":"2 Louse","floor":4.0,"turns":3.0},{"damage":11.0,"enemies":"Lagavulin","floor":7.0,"turns":10.0},{"damage":0.0,"floor":12.0,"turns":5.0},{"damage":0.0,"enemies":"2 Fungi Beasts","floor":14.0,"turns":4.0},{"damage":16.0,"enemies":"Hexaghost","floor":16.0,"turns":9.0},{"damage":2.0,"enemies":"Shell Parasite","floor":18.0,"turns":6.0},{"damage":3.0,"enemies":"Spheric Guardian","floor":22.0,"turns":5.0},{"damage":14.0,"enemies":"Book of Stabbing","floor":24.0,"turns":6.0},{"damage":12.0,"enemies":"Snecko","floor":27.0,"turns":7.0},{"damage":4.0,"enemies":"Cultist and Chosen","floor":28.0,"turns":8.0},{"damage":14.0,"enemies":"Centurion and Healer","floor":29.0,"turns":7.0},{"damage":6.0,"enemies":"Snake Plant","floor":30.0,"turns":5.0},{"damage":9.0,"enemies":"Cultist and Chosen","floor":31.0,"turns":7.0},{"damage":0.0,"enemies":"Champ","floor":33.0,"turns":13.0},{"damage":6.0,"enemies":"Orb Walker","floor":35.0,"turns":6.0},{"damage":0.0,"floor":36.0,"turns":9.0},{"damage":0.0,"enemies":"3 Shapes","floor":37.0,"turns":5.0},{"damage":0.0,"enemies":"Spire Growth","floor":42.0,"turns":7.0},{"damage":0.0,"enemies":"Maw","floor":44.0,"turns":8.0},{"damage":15.0,"enemies":"4 Shapes","floor":46.0,"turns":6.0},{"damage":34,"enemies":"Transient","floor":47,"turns":4}],"seed_played":"8879490218324534329","potions_obtained":[{"floor":4.0,"key":"Swift Potion"},{"floor":7.0,"key":"Block Potion"},{"floor":12.0,"key":"FearPotion"},{"floor":14.0,"key":"Block Potion"},{"floor":24.0,"key":"LiquidBronze"},{"floor":27.0,"key":"Weak Potion"},{"floor":28.0,"key":"GamblersBrew"},{"floor":33.0,"key":"PowerPotion"},{"floor":36.0,"key":"Explosive Potion"}],"is_trial":false,"path_per_floor":["M","M","?","M","$","R","E","R","T","?","R","?","$","M","R","B",null,"M","?","$","?","M","R","E","R","T","M","M","M","M","M","R","B",null,"M","?","M","T","?","?","$","M","T","M","R","M"],"character_chosen":"THE_SILENT","items_purchased":["Dash","Footwork","Deadly Poison","Bottled Tornado","Sadistic Nature","Dexterity Potion"],"campfire_rested":3,"item_purchase_floors":[5,5,20,41,41,41],"current_hp_per_floor":[62,61,70,66,66,66,55,55,55,55,55,55,55,55,70,54,66,64,64,64,57,54,70,56,56,56,44,40,26,20,11,47,47,64,58,58,58,58,58,49,49,49,49,49,49,34,0],"gold":168,"neow_bonus":"BOSS_RELIC","is_prod":false,"is_daily":false,"chose_seed":false,"campfire_upgraded":5,"win_rate":0,"timestamp":1533403337,"path_taken":["M","M","?","M","$","R","E","R","T","?","R","?","$","M","R","BOSS","M","?","$","?","M","R","E","R","T","?","?","M","M","M","R","BOSS","M","?","M","?","?","?","$","M","T","?","R","M","M"],"build_version":"2018-08-02","purchased_purges":3,"victory":false,"max_hp_per_floor":[70,70,70,70,70,70,70,70,70,70,70,70,70,70,70,70,70,70,70,70,70,70,70,70,70,70,70,70,70,70,70,70,70,70,70,70,70,70,70,70,70,70,70,70,70,70,70],"card_choices":[{"not_picked":["Bane","Predator"],"picked":"Noxious Fumes","floor":1.0},{"not_picked":["All Out Attack","Acrobatics"],"picked":"PiercingWail","floor":2.0},{"not_picked":["PiercingWail","Well Laid Plans"],"picked":"Dodge and Roll","floor":4.0},{"not_picked":["Die Die Die","Underhanded Strike"],"picked":"Noxious Fumes","floor":7.0},{"not_picked":["Well Laid Plans","Distraction"],"picked":"Footwork","floor":12.0},{"not_picked":["Reflex","Flying Knee"],"picked":"Deadly Poison","floor":14.0},{"not_picked":["Tools of the Trade","Doppelganger"],"picked":"After Image","floor":16.0},{"not_picked":["Crippling Poison","Heel Hook"],"picked":"Backstab+1","floor":18.0},{"not_picked":["Cloak And Dagger","Blade Dance"],"picked":"Backflip","floor":22.0},{"not_picked":["Tactician+1","Backstab"],"picked":"Footwork","floor":24.0},{"not_picked":["Endless Agony","PiercingWail"],"picked":"Backflip","floor":27.0},{"not_picked":["Outmaneuver","Deadly Poison"],"picked":"Leg Sweep+1","floor":28.0},{"not_picked":["Predator","Accuracy"],"picked":"Noxious Fumes","floor":29.0},{"not_picked":["Underhanded Strike","Bane+1","Dodge and Roll"],"picked":"SKIP","floor":30.0},{"not_picked":["Skewer","Dodge and Roll"],"picked":"Crippling Poison+1","floor":31.0},{"not_picked":["Concentrate+1","Flying Knee"],"picked":"Dash+1","floor":35.0},{"not_picked":["Predator+1","Deadly Poison"],"picked":"Escape Plan","floor":37.0},{"not_picked":["Prepared+1","Terror"],"picked":"Dodge and Roll+1","floor":42.0},{"not_picked":["Reflex+1","Skewer","Predator+1"],"picked":"Crippling Poison+1","floor":44.0},{"not_picked":["Crippling Poison+1","Reflex+1","Deflect","Backflip"],"picked":"SKIP","floor":46.0}],"player_experience":1420749,"relics_obtained":[{"floor":7.0,"key":"Regal Pillow"},{"floor":9.0,"key":"Bronze Scales"},{"floor":12.0,"key":"Odd Mushroom"},{"floor":24.0,"key":"War Paint"},{"floor":26.0,"key":"Centennial Puzzle"},{"floor":36.0,"key":"Old Coin"},{"floor":38.0,"key":"Ornamental Fan"},{"floor":43.0,"key":"Question Card"}],"event_choices":[{"event_name":"Wheel of Change","player_choice":"Full Heal","floor":3.0,"damage_taken":0.0},{"event_name":"Living Wall","player_choice":"Forget","floor":10.0,"damage_taken":0.0},{"event_name":"Mushrooms","player_choice":"Fought Mushrooms","floor":12.0,"damage_taken":0.0},{"event_name":"Drug Dealer","player_choice":"Ignored","floor":19.0,"damage_taken":0.0},{"event_name":"Wheel of Change","player_choice":"Damage","floor":21.0,"damage_taken":0.0},{"event_name":"MindBloom","player_choice":"Fight","floor":36.0,"damage_taken":0.0},{"event_name":"Tomb of Lord Red Mask","player_choice":"Ignored","floor":39.0,"damage_taken":0.0},{"event_name":"Winding Halls","player_choice":"Embrace Madness","floor":40.0,"damage_taken":0.0}],"is_beta":false,"boss_relics":[{"not_picked":["Busted Crown","Lizard Tail"],"picked":"Runic Dome"},{"not_picked":["Velvet Choker","Snecko Eye"],"picked":"Runic Pyramid"}],"items_purged_floors":[13,20,41],"is_endless":false,"potions_floor_spawned":[4,7,12,14,24,27,28,30,33,36,46],"killed_by":"Transient","ascension_level":9}