{"path_per_floor":["M","?","?","$","?","R","?","M","T","M","$","R","M","M","R","B",null,"M","?","M","?","$","R","?"],"character_chosen":"THE_SILENT","items_purchased":["Backflip","Noxious Fumes"],"gold_per_floor":[118,118,71,71,71,71,71,84,134,155,35,35,50,74,74,205,205,173,173,188,188,16,16,16,16],"floor_reached":25,"campfire_rested":1,"playtime":1338,"item_purchase_floors":[11,22],"current_hp_per_floor":[53,53,53,53,53,53,53,53,53,53,53,53,51,48,69,42,71,23,46,36,36,36,44,44,0],"items_purged":["Strike_G","Strike_G"],"gold":16,"score":227,"play_id":"d3bd328e-bd61-451e-a4ec-dbb4f668747e","local_time":"20180618105402","is_prod":false,"is_daily":false,"chose_seed":false,"is_ascension_mode":true,"campfire_upgraded":3,"win_rate":0,"timestamp":1529333642,"campfire_choices":[{"data":"Blind","floor":6,"key":"SMITH"},{"data":"Dodge and Roll","floor":12,"key":"SMITH"},{"floor":15,"key":"REST"},{"data":"Noxious Fumes","floor":23,"key":"SMITH"}],"path_taken":["M","?","?","$","?","R","?","M","T","M","?","R","M","?","R","BOSS","M","?","M","?","$","R","?","M"],"build_version":"2018-06-14v2","seed_source_timestamp":371632232943214,"purchased_purges":2,"victory":false,"master_deck":["Defend_G","Defend_G","Defend_G","Defend_G","Defend_G","Strike_G","Strike_G","Strike_G","Survivor","Neutralize","Footwork","Blind+1","Dodge and Roll+1","PiercingWail","Deadly Poison","Backflip","Noxious Fumes+1","Backflip","Bane","Corpse Explosion","Dodge and Roll+1","Night Terror","Noxious Fumes"],"max_hp_per_floor":[77,77,77,77,77,77,71,71,71,71,71,71,71,71,71,71,71,71,71,71,71,71,71,71,71],"relics":["Ring of the Snake","Golden Idol","Dream Catcher","Eternal Feather"],"card_choices":[{"not_picked":["Escape Plan","Flying Knee"],"picked":"Footwork","floor":1},{"not_picked":["Deflect","Escape Plan"],"picked":"PiercingWail","floor":8},{"not_picked":["Expertise","Sucker Punch"],"picked":"Deadly Poison","floor":10},{"not_picked":["Crippling Poison","Riddle With Holes"],"picked":"Noxious Fumes","floor":13},{"not_picked":["Cloak And Dagger","Underhanded Strike"],"picked":"Backflip","floor":14},{"not_picked":["Outmaneuver","Flying Knee"],"picked":"Bane","floor":15},{"not_picked":["Phantasmal Killer","Bullet Time"],"picked":"Corpse Explosion","floor":16},{"not_picked":["Quick Slash","Cloak And Dagger"],"picked":"Dodge and Roll+1","floor":18},{"not_picked":["Cloak And Dagger+1","Dagger Throw"],"picked":"Night Terror","floor":20}],"player_experience":632461,"potions_floor_usage":[16],"damage_taken":[{"damage":24,"enemies":"Jaw Worm","floor":1,"turns":8},{"damage":0,"enemies":"Cultist","floor":8,"turns":5},{"damage":0,"enemies":"Small Slimes","floor":10,"turns":5},{"damage":2,"enemies":"Blue Slaver","floor":13,"turns":6},{"damage":3,"enemies":"Gremlin Gang","floor":14,"turns":5},{"damage":27,"enemies":"The Guardian","floor":16,"turns":12},{"damage":48,"enemies":"2 Thieves","floor":18,"turns":5},{"damage":10,"enemies":"3 Byrds","floor":20,"turns":8},{"damage":54,"enemies":"3 Cultists","floor":25,"turns":5}],"relics_obtained":[{"floor":9,"key":"Dream Catcher"}],"event_choices":[{"event_name":"Liars Game","player_choice":"disagreed","floor":2,"damage_taken":0},{"event_name":"World of Goop","player_choice":"Left","floor":3,"damage_taken":0},{"event_name":"Match and Keep!","player_choice":"2 cards matched","floor":5,"damage_taken":0},{"event_name":"Golden Idol","player_choice":"Lose Max HP","floor":7,"damage_taken":0},{"event_name":"The Library","player_choice":"Heal","floor":19,"damage_taken":0},{"event_name":"Vampires","player_choice":"Ignored","floor":21,"damage_taken":0},{"event_name":"Drug Dealer","player_choice":"Ignored","floor":24,"damage_taken":0}],"boss_relics":[{"not_picked":["Coffee Dripper","Black Star"],"picked":"Eternal Feather"}],"items_purged_floors":[11,22],"is_endless":false,"potions_floor_spawned":[1,8,14,20],"seed_played":"-7188073736175042268","killed_by":"3 Cultists","ascension_level":4,"potions_obtained":[{"floor":1,"key":"LiquidBronze"},{"floor":8,"key":"SteroidPotion"},{"floor":14,"key":"Swift Potion"},{"floor":20,"key":"AttackPotion"}],"is_trial":false}