{"path_per_floor":["M","?","?","M","?","E","R","M","T","R","E","M","E","$","R","B",null,"M","M","M","?","?","E","R","E","T","R","?","R","$","M","R","B",null,"M","M","M","M","?","E","R","E","T","E","$","M","M","M","R","B"],"character_chosen":"THE_SILENT","items_purchased":["Ninja Scroll","Boot","Secret Technique","Bottled Tornado","Thread and Needle","Oddly Smooth Stone"],"gold_per_floor":[218,218,218,233,233,274,274,298,374,374,415,440,779,108,108,239,239,263,281,304,344,259,293,293,333,333,333,333,333,93,106,106,236,236,249,262,283,297,361,404,404,439,462,501,70,89,107,132,132,132],"floor_reached":51,"campfire_rested":0,"playtime":5244,"item_purchase_floors":[],"current_hp_per_floor":[68,68,61,58,58,36,36,36,36,36,30,30,30,30,30,21,65,65,64,64,60,60,59,59,49,49,49,49,49,49,49,49,43,65,65,65,65,65,65,79,79,79,79,79,79,79,79,79,79,79],"items_purged":["Strike_G"],"gold":132,"score":1010,"play_id":"fe209ccb-472b-480e-ab91-f15dfae3b35b","local_time":"20180607040005","is_prod":false,"is_daily":false,"chose_seed":false,"is_ascension_mode":true,"campfire_upgraded":9,"win_rate":0,"timestamp":1528336805,"campfire_choices":[{"data":"Neutralize","floor":7.0,"key":"SMITH"},{"data":"Cloak And Dagger","floor":10.0,"key":"SMITH"},{"data":"Glass Knife","floor":15.0,"key":"SMITH"},{"data":"A Thousand Cuts","floor":24.0,"key":"SMITH"},{"data":"Tools of the Trade","floor":27.0,"key":"SMITH"},{"data":"Cloak And Dagger","floor":29.0,"key":"SMITH"},{"data":"Footwork","floor":32.0,"key":"SMITH"},{"data":"After Image","floor":41,"key":"SMITH"},{"data":"Secret Technique","floor":49,"key":"SMITH"}],"path_taken":["M","?","?","M","?","E","R","M","T","R","E","M","E","$","R","BOSS","M","M","?","?","?","E","R","E","T","R","?","R","$","?","R","BOSS","M","M","M","M","?","E","R","E","T","E","$","?","M","M","R","BOSS"],"build_version":"2018-06-05","seed_source_timestamp":444911950572281,"purchased_purges":1,"victory":true,"master_deck":["Defend_G","Defend_G","Defend_G","Defend_G","Defend_G","Strike_G","Strike_G+1","Survivor","Neutralize+1","Infinite Blades","Blur","Footwork+1","Cloak And Dagger+1","Slice","Glass Knife+1","Cloak And Dagger+1","Secret Technique+1","A Thousand Cuts+1","Blur","Backflip+1","Sucker Punch+1","Calculated Gamble+1","Tools of the Trade+1","Malaise","After Image+1","Acrobatics","Footwork+1","Backstab","Escape Plan"],"max_hp_per_floor":[70,70,70,70,65,65,65,65,65,65,65,65,65,65,65,65,65,65,65,65,65,65,65,65,65,65,65,65,65,65,65,65,65,65,65,65,65,65,65,79,79,79,79,79,79,79,79,79,79,79],"relics":["Ring of the Snake","Golden Idol","Potion Belt","Dodecahedron","Lantern","Old Coin","Ninja Scroll","Boot","Sozu","Red Mask","Centennial Puzzle","Orichalcum","Gremlin Horn","Ornamental Fan","Bottled Tornado","Busted Crown","Unceasing Top","Mango","The Specimen","Happy Flower","Whetstone","Thread and Needle","Oddly Smooth Stone"],"card_choices":[{"not_picked":["Bane","Deflect"],"picked":"Infinite Blades","floor":1.0},{"not_picked":["Poisoned Stab","Flechettes"],"picked":"Blur","floor":4.0},{"not_picked":["Malaise","Reflex"],"picked":"Footwork","floor":6.0},{"not_picked":["Dodge and Roll","Flechettes"],"picked":"Cloak And Dagger","floor":8.0},{"not_picked":["Deadly Poison","Crippling Poison"],"picked":"Slice","floor":11.0},{"not_picked":["Reflex","Outmaneuver"],"picked":"Glass Knife","floor":12.0},{"not_picked":["Backflip","Riddle With Holes"],"picked":"Cloak And Dagger","floor":13.0},{"not_picked":["After Image","Tactician"],"picked":"A Thousand Cuts","floor":16.0},{"not_picked":["Sucker Punch","Underhanded Strike+1"],"picked":"Blur","floor":18.0},{"not_picked":["Catalyst+1","Expertise"],"picked":"Backflip+1","floor":19.0},{"not_picked":["Dodge and Roll","Predator+1","Acrobatics"],"picked":"SKIP","floor":20.0},{"not_picked":["Deflect","Reflex"],"picked":"Sucker Punch","floor":21.0},{"not_picked":["Deflect","Predator"],"picked":"Calculated Gamble+1","floor":23.0},{"not_picked":["Sucker Punch","PiercingWail"],"picked":"Tools of the Trade","floor":25.0},{"not_picked":["Catalyst+1","Poisoned Stab+1","Leg Sweep"],"picked":"SKIP","floor":31.0},{"not_picked":["Unload","Phantasmal Killer"],"picked":"After Image","floor":33.0},{"not_picked":["Reflex"],"picked":"SKIP","floor":35.0},{"not_picked":[],"picked":"Acrobatics","floor":36.0},{"not_picked":[],"picked":"Footwork+1","floor":37},{"not_picked":["Quick Slash"],"picked":"SKIP","floor":38},{"not_picked":["Expertise+1"],"picked":"SKIP","floor":40},{"not_picked":["Dagger Spray"],"picked":"SKIP","floor":42},{"not_picked":["Noxious Fumes+1"],"picked":"SKIP","floor":44},{"not_picked":[],"picked":"Backstab","floor":46},{"not_picked":[],"picked":"Escape Plan","floor":47},{"not_picked":["Caltrops"],"picked":"SKIP","floor":48}],"player_experience":60098,"potions_floor_usage":[],"damage_taken":[{"damage":2.0,"enemies":"Jaw Worm","floor":1.0,"turns":5.0},{"damage":3.0,"enemies":"2 Louse","floor":4.0,"turns":3.0},{"damage":22.0,"enemies":"3 Sentries","floor":6.0,"turns":13.0},{"damage":0.0,"enemies":"Cultist","floor":8.0,"turns":4.0},{"damage":6.0,"enemies":"Gremlin Nob","floor":11.0,"turns":6.0},{"damage":0.0,"enemies":"Blue Slaver","floor":12.0,"turns":4.0},{"damage":0.0,"enemies":"3 Sentries","floor":13.0,"turns":7.0},{"damage":9.0,"enemies":"Slime Boss","floor":16.0,"turns":10.0},{"damage":0.0,"enemies":"3 Byrds","floor":18.0,"turns":4.0},{"damage":1.0,"enemies":"2 Thieves","floor":19.0,"turns":4.0},{"damage":0.0,"enemies":"Centurion and Healer","floor":20.0,"turns":11.0},{"damage":4.0,"floor":21.0,"turns":4.0},{"damage":1.0,"enemies":"Slavers","floor":23.0,"turns":5.0},{"damage":10.0,"enemies":"Gremlin Leader","floor":25.0,"turns":6.0},{"damage":0.0,"enemies":"Cultist and Chosen","floor":31.0,"turns":5.0},{"damage":6.0,"enemies":"Automaton","floor":33.0,"turns":7.0},{"damage":0.0,"enemies":"Orb Walker","floor":35.0,"turns":2.0},{"damage":0.0,"enemies":"3 Shapes","floor":36.0,"turns":1.0},{"damage":0,"enemies":"Spire Growth","floor":37,"turns":4},{"damage":0,"enemies":"Maw","floor":38,"turns":7},{"damage":0,"floor":39,"turns":3},{"damage":0,"enemies":"Giant Head","floor":40,"turns":10},{"damage":0,"enemies":"Nemesis","floor":42,"turns":5},{"damage":0,"enemies":"2 Orb Walkers","floor":44,"turns":3},{"damage":0,"enemies":"Transient","floor":46,"turns":5},{"damage":0,"enemies":"3 Darklings","floor":47,"turns":2},{"damage":0,"enemies":"Spire Growth","floor":48,"turns":3},{"damage":0,"enemies":"Time Eater","floor":50,"turns":16}],"relics_obtained":[{"floor":6.0,"key":"Potion Belt"},{"floor":9.0,"key":"Dodecahedron"},{"floor":11.0,"key":"Lantern"},{"floor":13.0,"key":"Old Coin"},{"floor":21.0,"key":"Red Mask"},{"floor":23.0,"key":"Orichalcum"},{"floor":25.0,"key":"Gremlin Horn"},{"floor":26.0,"key":"Ornamental Fan"},{"floor":39,"key":"Unceasing Top"},{"floor":40,"key":"Mango"},{"floor":42,"key":"The Specimen"},{"floor":43,"key":"Happy Flower"},{"floor":44,"key":"Whetstone"}],"event_choices":[{"event_name":"Liars Game","player_choice":"disagreed","floor":2.0,"damage_taken":0.0},{"event_name":"Golden Wing","player_choice":"Card Removal","floor":3.0,"damage_taken":0.0},{"event_name":"Golden Idol","player_choice":"Lose Max HP","floor":5.0,"damage_taken":0.0},{"event_name":"Masked Bandits","player_choice":"Fought over 304 gold","floor":21.0,"damage_taken":0.0},{"event_name":"Addict","player_choice":"Obtained Relic","floor":22.0,"damage_taken":0.0},{"event_name":"Transmorgrifier","player_choice":"Transform","floor":28.0,"damage_taken":0.0},{"event_name":"Mysterious Sphere","player_choice":"Fight","floor":39,"damage_taken":0}],"boss_relics":[{"not_picked":["Orrery","Philosopher\u0027s Stone"],"picked":"Sozu"},{"not_picked":["Astrolabe","Runic Pyramid"],"picked":"Busted Crown"}],"items_purged_floors":[],"potions_floor_spawned":[6,11,18,21,25,33,36,37,40,42],"seed_played":"-6922635121486566704","ascension_level":2,"potions_obtained":[{"floor":6.0,"key":"GhostInAJar"},{"floor":11.0,"key":"Block Potion"}],"is_trial":false}