{"gold_per_floor":[116,136,136,136,152,180,191,191,191,207,207,207,232,250,250,354,384,395,395],"floor_reached":19,"playtime":501,"items_purged":[],"score":179,"play_id":"094068d3-cf44-4560-aab7-9219c317055f","local_time":"20180704205626","is_ascension_mode":false,"campfire_choices":[{"floor":8,"key":"REST"},{"floor":12,"key":"REST"},{"floor":15,"key":"REST"}],"neow_cost":"NONE","seed_source_timestamp":175397238950721,"circlet_count":0,"master_deck":["Strike_R","Strike_R","Strike_R+1","Strike_R","Defend_R","Defend_R","Defend_R","Bash+1","Armaments+1","Bludgeon","Perfected Strike"],"relics":["Burning Blood","Pantograph","Toxic Egg 2","Kunai","Tiny House"],"potions_floor_usage":[6,16,18,18],"damage_taken":[{"damage":3,"enemies":"Small Slimes","floor":1,"turns":4},{"damage":6,"enemies":"2 Louse","floor":2,"turns":3},{"damage":1,"enemies":"Cultist","floor":5,"turns":3},{"damage":54,"enemies":"Lagavulin","floor":6,"turns":6},{"damage":10,"enemies":"Looter","floor":7,"turns":3},{"damage":17,"enemies":"Lots of Slimes","floor":10,"turns":5},{"damage":40,"enemies":"Gremlin Nob","floor":13,"turns":5},{"damage":19,"enemies":"Gremlin Gang","floor":14,"turns":6},{"damage":60,"enemies":"The Guardian","floor":16,"turns":8},{"damage":24,"enemies":"Shell Parasite","floor":18,"turns":4},{"damage":35,"enemies":"3 Byrds","floor":19,"turns":3}],"seed_played":"2192403096304943501","potions_obtained":[{"floor":2,"key":"BloodPotion"},{"floor":10,"key":"Ancient Potion"},{"floor":14,"key":"Fire Potion"},{"floor":16,"key":"SneckoOil"},{"floor":17,"key":"LiquidBronze"}],"is_trial":false,"path_per_floor":["M","M","?","?","M","E","M","R","T","M","?","R","E","M","R","B",null,"M"],"character_chosen":"IRONCLAD","items_purchased":[],"campfire_rested":3,"item_purchase_floors":[],"current_hp_per_floor":[88,88,88,88,88,48,44,70,70,59,59,85,51,38,64,34,93,75,40],"gold":395,"neow_bonus":"TEN_PERCENT_HP_BONUS","is_prod":false,"is_daily":false,"chose_seed":false,"campfire_upgraded":0,"win_rate":0,"timestamp":1530755786,"path_taken":["M","M","?","?","M","E","?","R","T","M","?","R","E","?","R","BOSS","M","M"],"build_version":"2018-07-03","purchased_purges":0,"victory":false,"max_hp_per_floor":[88,88,88,88,88,88,88,88,88,88,88,88,88,88,88,88,93,93,93],"card_choices":[{"not_picked":["Heavy Blade","Iron Wave","Warcry"],"picked":"SKIP","floor":1},{"not_picked":["Dropkick","Armaments","Sever Soul"],"picked":"SKIP","floor":2},{"not_picked":["Clothesline","Battle Trance","Anger"],"picked":"SKIP","floor":5},{"not_picked":["Body Slam","Entrench","Ghostly Armor"],"picked":"SKIP","floor":6},{"not_picked":["Heavy Blade","Clothesline","Fire Breathing"],"picked":"SKIP","floor":7},{"not_picked":["Twin Strike","Warcry+1","Bloodletting+1"],"picked":"SKIP","floor":10},{"not_picked":["Shockwave+1","Headbutt","Searing Blow"],"picked":"SKIP","floor":13},{"not_picked":["Iron Wave","Twin Strike"],"picked":"Bludgeon","floor":14},{"not_picked":["Burning Pact+1","Wild Strike"],"picked":"Perfected Strike","floor":17},{"not_picked":["Intimidate+1","Clothesline+1","Pommel Strike+1"],"picked":"SKIP","floor":18}],"player_experience":318549,"relics_obtained":[{"floor":6,"key":"Pantograph"},{"floor":9,"key":"Toxic Egg 2"},{"floor":13,"key":"Kunai"}],"event_choices":[{"event_name":"Living Wall","player_choice":"Forget","floor":3,"damage_taken":0},{"event_name":"Upgrade Shrine","player_choice":"Upgraded","floor":4,"damage_taken":0},{"event_name":"Transmorgrifier","player_choice":"Transform","floor":11,"damage_taken":0}],"boss_relics":[{"not_picked":["Mark of Pain","Coffee Dripper"],"picked":"Tiny House"}],"items_purged_floors":[],"is_endless":false,"potions_floor_spawned":[2,10,14,16],"killed_by":"3 Byrds","ascension_level":0}