{"gold_per_floor":[134,149,149,149,149,187,187,255,255,293,259,259,297,316,316,441,441,460,460,479,498,171,209,209,247,247,285,285,323,273,303,303,428,428,447,466,799,814,814,844,859,889,939,969,1203,1215,1257,1284,1296,1308],"floor_reached":51,"playtime":2624,"items_purged":[],"score":1467,"play_id":"2e6e817e-1ea6-409b-a5ee-7b4b15c5fe51","local_time":"20190208110403","daily_mods":["SealedDeck","Colorless Cards","Elite Swarm"],"is_ascension_mode":false,"campfire_choices":[{"data":"Malaise","floor":7,"key":"SMITH"},{"data":"Apotheosis","floor":12,"key":"SMITH"},{"data":"Footwork","floor":15,"key":"SMITH"},{"data":"Wraith Form v2","floor":28,"key":"SMITH"},{"data":"Discovery","floor":32,"key":"SMITH"},{"data":"A Thousand Cuts","floor":46,"key":"SMITH"},{"data":"Panache","floor":49,"key":"SMITH"}],"neow_cost":"","seed_source_timestamp":0,"circlet_count":0,"master_deck":["Dagger Throw","Dagger Throw","Trip+1","Deflect","Finesse","Dramatic Entrance","Discovery+1","Flash of Steel","Dark Shackles","Finesse","PiercingWail","Malaise+1","Master of Strategy","Apotheosis+1","Footwork+1","Prepared","Panache+1","Dagger Throw","Blur+1","Expertise+1","Quick Slash+1","Glass Knife","Wraith Form v2+1","A Thousand Cuts+1","After Image+1","Malaise","Acrobatics","Master of Strategy","Discovery+1","Acrobatics","Well Laid Plans+1","Acrobatics+1","Backflip","Wraith Form v2+1","Burst"],"special_seed":17935,"relics":["Ring of the Snake","Prayer Wheel","Tiny Chest","Happy Flower","Du-Vu Doll","Tingsha","Sozu","Matryoshka","Mercury Hourglass","Nloth\u0027s Gift","Blood Vial","Lantern","Frozen Egg 2","Gambling Chip","Incense Burner","Red Mask","WristBlade","Darkstone Periapt","Paper Crane","Pear","Bag of Preparation","Orichalcum","MawBank","Oddly Smooth Stone"],"potions_floor_usage":[6,27,50],"damage_taken":[{"damage":0,"enemies":"Small Slimes","floor":1,"turns":1},{"damage":0,"enemies":"2 Louse","floor":2,"turns":1},{"damage":0,"enemies":"Lagavulin","floor":6,"turns":3},{"damage":0,"enemies":"3 Sentries","floor":8,"turns":2},{"damage":0,"enemies":"Lagavulin","floor":10,"turns":4},{"damage":0,"enemies":"3 Sentries","floor":13,"turns":4},{"damage":0,"enemies":"Cultist","floor":14,"turns":1},{"damage":0,"enemies":"Slime Boss","floor":16,"turns":4},{"damage":0,"enemies":"2 Thieves","floor":18,"turns":2},{"damage":0,"enemies":"Spheric Guardian","floor":20,"turns":3},{"damage":0,"enemies":"Chosen and Byrds","floor":21,"turns":3},{"damage":0,"enemies":"Slavers","floor":23,"turns":3},{"damage":0,"enemies":"Gremlin Leader","floor":25,"turns":2},{"damage":0,"enemies":"Slavers","floor":27,"turns":2},{"damage":0,"enemies":"Book of Stabbing","floor":29,"turns":4},{"damage":0,"enemies":"Masked Bandits","floor":31,"turns":2},{"damage":0,"enemies":"Automaton","floor":33,"turns":6},{"damage":0,"enemies":"Orb Walker","floor":35,"turns":2},{"damage":0,"enemies":"3 Shapes","floor":36,"turns":2},{"damage":0,"enemies":"3 Darklings","floor":38,"turns":3},{"damage":0,"enemies":"Giant Head","floor":40,"turns":5},{"damage":0,"enemies":"Writhing Mass","floor":41,"turns":4},{"damage":0,"enemies":"Nemesis","floor":42,"turns":5},{"damage":0,"enemies":"Reptomancer","floor":44,"turns":3},{"damage":0,"enemies":"Nemesis","floor":47,"turns":5},{"damage":0,"enemies":"Spire Growth","floor":48,"turns":4},{"damage":0,"enemies":"Donu and Deca","floor":50,"turns":4}],"seed_played":"-7219234753305552814","potions_obtained":[{"floor":1,"key":"Fire Potion"},{"floor":6,"key":"LiquidBronze"},{"floor":8,"key":"SkillPotion"},{"floor":14,"key":"PowerPotion"}],"is_trial":false,"path_per_floor":["M","M","?","?","?","E","R","E","T","E","$","R","E","M","R","B",null,"M","?","M","M","$","E","?","E","T","E","R","E","$","?","R","B",null,"M","M","?","M","T","E","M","E","T","E","?","R","E","M","R","B",null],"character_chosen":"THE_SILENT","items_purchased":["Footwork","Matryoshka","Glass Knife","Acrobatics"],"campfire_rested":0,"item_purchase_floors":[11,22,22,30],"current_hp_per_floor":[70,70,74,55,55,55,55,55,55,55,55,55,55,55,55,55,77,77,87,87,87,87,87,87,87,87,87,87,87,87,87,87,87,87,87,87,87,87,87,97,97,97,97,97,97,97,97,97,97,97],"gold":1320,"neow_bonus":"","is_prod":false,"is_daily":true,"chose_seed":false,"campfire_upgraded":7,"win_rate":0,"timestamp":1549620243,"path_taken":["M","M","?","?","?","E","R","E","T","E","$","R","E","M","R","BOSS","M","?","?","M","$","E","?","E","T","E","R","E","?","?","R","BOSS","M","M","?","M","?","E","M","E","T","E","?","R","E","M","R","BOSS"],"build_version":"2019-01-23","purchased_purges":0,"victory":true,"max_hp_per_floor":[70,70,77,77,77,77,77,77,77,77,77,77,77,77,77,77,77,77,87,87,87,87,87,87,87,87,87,87,87,87,87,87,87,87,87,87,87,87,87,97,97,97,97,97,97,97,97,97,97,97],"card_choices":[{"not_picked":["Bane","Dodge and Roll","Prepared"],"picked":"SKIP","floor":1},{"not_picked":["Acrobatics","Flying Knee"],"picked":"PiercingWail","floor":2},{"not_picked":["Mayhem","A Thousand Cuts"],"picked":"Malaise","floor":6},{"not_picked":["Thinking Ahead","Mayhem"],"picked":"Master of Strategy","floor":8},{"not_picked":["Grand Finale","Night Terror"],"picked":"Apotheosis","floor":10},{"not_picked":["Bullet Time","Doppelganger"],"picked":"Thinking Ahead","floor":13},{"not_picked":["Blade Dance","Underhanded Strike"],"picked":"Prepared","floor":14},{"not_picked":["Deadly Poison","Violence","Outmaneuver"],"picked":"SKIP","floor":14},{"not_picked":["HandOfGreed","Sadistic Nature"],"picked":"Panache","floor":16},{"not_picked":["Deflect+1","Reflex"],"picked":"Dagger Throw","floor":18},{"not_picked":["PiercingWail","Deadly Poison"],"picked":"Blur+1","floor":18},{"not_picked":["Dodge and Roll","Sucker Punch"],"picked":"Expertise+1","floor":20},{"not_picked":["Deadly Poison","A Thousand Cuts","Dodge and Roll"],"picked":"SKIP","floor":20},{"not_picked":["Madness+1","Flying Knee"],"picked":"Quick Slash+1","floor":21},{"not_picked":["Quick Slash","Dagger Spray","Mind Blast"],"picked":"SKIP","floor":21},{"not_picked":["Magnetism","Mayhem"],"picked":"Wraith Form v2","floor":23},{"not_picked":["Bullet Time","Transmutation"],"picked":"A Thousand Cuts","floor":25},{"not_picked":["Glass Knife","Unload"],"picked":"After Image+1","floor":27},{"not_picked":["Magnetism+1","Doppelganger"],"picked":"Malaise","floor":29},{"not_picked":["Phantasmal Killer","Unload"],"picked":"Master of Strategy","floor":33},{"not_picked":["Deadly Poison","Cloak And Dagger"],"picked":"Discovery+1","floor":35},{"not_picked":["Unload","Concentrate+1"],"picked":"Acrobatics","floor":35},{"not_picked":["Blade Dance","Slice+1"],"picked":"Well Laid Plans+1","floor":36},{"not_picked":["Deadly Poison","Sucker Punch"],"picked":"Acrobatics+1","floor":36},{"not_picked":["Trip+1","Endless Agony+1","Flying Knee+1"],"picked":"SKIP","floor":38},{"not_picked":["Deadly Poison","Dodge and Roll","Outmaneuver"],"picked":"SKIP","floor":38},{"not_picked":["The Bomb","Venomology","Secret Technique"],"picked":"SKIP","floor":40},{"not_picked":["Blade Dance","Sucker Punch"],"picked":"Backflip","floor":41},{"not_picked":["Blade Dance","Dagger Throw+1","Poisoned Stab+1"],"picked":"SKIP","floor":41},{"not_picked":["Violence","The Bomb"],"picked":"Wraith Form v2+1","floor":42},{"not_picked":["Transmutation","Wraith Form v2+1"],"picked":"Burst","floor":44},{"not_picked":["Transmutation","HandOfGreed","Apotheosis"],"picked":"SKIP","floor":47},{"not_picked":["Madness+1","Bane","Quick Slash+1"],"picked":"SKIP","floor":48},{"not_picked":["Choke","Blade Dance+1","Quick Slash"],"picked":"SKIP","floor":48}],"player_experience":1946761,"relics_obtained":[{"floor":6,"key":"Prayer Wheel"},{"floor":8,"key":"Tiny Chest"},{"floor":9,"key":"Happy Flower"},{"floor":10,"key":"Du-Vu Doll"},{"floor":13,"key":"Tingsha"},{"floor":23,"key":"Mercury Hourglass"},{"floor":25,"key":"Blood Vial"},{"floor":26,"key":"Lantern"},{"floor":26,"key":"Frozen Egg 2"},{"floor":27,"key":"Gambling Chip"},{"floor":29,"key":"Incense Burner"},{"floor":31,"key":"Red Mask"},{"floor":39,"key":"Darkstone Periapt"},{"floor":39,"key":"Paper Crane"},{"floor":40,"key":"Pear"},{"floor":42,"key":"Bag of Preparation"},{"floor":43,"key":"Orichalcum"},{"floor":44,"key":"MawBank"},{"floor":47,"key":"Oddly Smooth Stone"}],"event_choices":[{"damage_healed":0,"gold_gain":0,"player_choice":"Success","damage_taken":3,"relics_obtained":["Strawberry"],"max_hp_gain":0,"max_hp_loss":0,"event_name":"Scrap Ooze","floor":3,"gold_loss":0},{"damage_healed":0,"gold_gain":0,"player_choice":"Take Damage","damage_taken":19,"relics_obtained":["Golden Idol"],"max_hp_gain":0,"max_hp_loss":0,"event_name":"Golden Idol","floor":4,"gold_loss":0},{"damage_healed":0,"gold_gain":0,"player_choice":"Grow","damage_taken":0,"max_hp_gain":0,"max_hp_loss":0,"event_name":"Living Wall","floor":5,"gold_loss":0,"cards_upgraded":["Trip"]},{"cards_removed":["Thinking Ahead"],"damage_healed":0,"gold_gain":0,"player_choice":"Offered Rare","damage_taken":0,"max_hp_gain":10,"max_hp_loss":0,"event_name":"Bonfire Elementals","floor":19,"gold_loss":0},{"damage_healed":0,"gold_gain":0,"player_choice":"Traded Relic","damage_taken":0,"relics_obtained":["Nloth\u0027s Gift"],"max_hp_gain":0,"max_hp_loss":0,"event_name":"N\u0027loth","floor":24,"relics_lost":["Strawberry"],"gold_loss":0},{"damage_healed":0,"gold_gain":0,"player_choice":"Fought Bandits","damage_taken":0,"max_hp_gain":0,"max_hp_loss":0,"event_name":"Masked Bandits","floor":31,"gold_loss":0},{"damage_healed":0,"gold_gain":333,"player_choice":"Gave Idol","damage_taken":0,"max_hp_gain":0,"max_hp_loss":0,"event_name":"The Moai Head","floor":37,"relics_lost":["Golden Idol"],"gold_loss":0},{"damage_healed":0,"gold_gain":222,"player_choice":"Wore Mask","damage_taken":0,"max_hp_gain":0,"max_hp_loss":0,"event_name":"Tomb of Lord Red Mask","floor":45,"gold_loss":0}],"is_beta":false,"boss_relics":[{"not_picked":["Empty Cage","Cursed Key"],"picked":"Sozu"},{"not_picked":["Eternal Feather","Astrolabe"],"picked":"WristBlade"}],"items_purged_floors":[],"is_endless":false,"potions_floor_spawned":[1,6,8,14,21,27,29,33,35,44,48],"ascension_level":0}