{"gold_per_floor":[117,117,134,65,65,100,2,2,2,16,16,31,46,57,57,155,155,169,31,48,48,48,48,73,92,92,111,111,121,49,60,60,60],"floor_reached":33,"playtime":1751,"items_purged":["Strike_B","Strike_B"],"score":419,"play_id":"63621989-6f5b-40be-b265-e0d84eea3757","local_time":"20180715013912","is_ascension_mode":false,"campfire_choices":[{"data":"Dualcast","floor":8,"key":"SMITH"},{"floor":15,"key":"REST"},{"data":"Echo Form","floor":23,"key":"SMITH"},{"floor":32,"key":"REST"}],"neow_cost":"","seed_source_timestamp":0,"circlet_count":0,"master_deck":["Strike_B+1","Strike_B+1","Defend_B","Defend_B","Zap+1","Dualcast+1","FTL","Leap","Doom and Gloom","Leap","Leap","Cold Snap","Cold Snap","Echo Form+1","Leap","Self Repair","FTL","Cold Snap+1","Cold Snap+1","Redo","Loop","BootSequence"],"relics":["FrozenCore","Thread and Needle","Potion Belt","Whetstone","Gremlin Horn","Bottled Lightning"],"potions_floor_usage":[24,25,31,33,33],"damage_taken":[{"damage":0,"enemies":"Small Slimes","floor":1,"turns":3},{"damage":0,"enemies":"Cultist","floor":3,"turns":2},{"damage":11,"enemies":"Gremlin Nob","floor":6,"turns":3},{"damage":0,"enemies":"2 Louse","floor":10,"turns":2},{"damage":0,"enemies":"Exordium Wildlife","floor":12,"turns":4},{"damage":0,"enemies":"Lots of Slimes","floor":13,"turns":2},{"damage":0,"enemies":"Large Slime","floor":14,"turns":4},{"damage":6,"enemies":"The Guardian","floor":16,"turns":14},{"damage":0,"enemies":"Spheric Guardian","floor":18,"turns":4},{"damage":1,"enemies":"Shell Parasite","floor":20,"turns":5},{"damage":22,"enemies":"Gremlin Leader","floor":24,"turns":8},{"damage":0,"enemies":"Cultist and Chosen","floor":25,"turns":6},{"damage":3,"enemies":"Centurion and Healer","floor":27,"turns":9},{"damage":20,"enemies":"Slaver and Parasite","floor":29,"turns":7},{"damage":15,"enemies":"3 Cultists","floor":31,"turns":6},{"damage":83,"enemies":"Automaton","floor":33,"turns":12}],"seed_played":"-4685785961159150351","potions_obtained":[{"floor":3,"key":"GamblersBrew"},{"floor":13,"key":"SpeedPotion"},{"floor":14,"key":"FearPotion"},{"floor":18,"key":"GamblersBrew"},{"floor":20,"key":"Ancient Potion"},{"floor":25,"key":"Dexterity Potion"},{"floor":27,"key":"GamblersBrew"}],"is_trial":true,"path_per_floor":["M","?","M","$","T","E","$","R","T","M","?","M","M","M","R","B",null,"M","$","M","?","?","R","E","M","T","M","?","M","$","M","R"],"character_chosen":"DEFECT","items_purchased":["Doom and Gloom","Leap","Self Repair","BootSequence"],"campfire_rested":2,"item_purchase_floors":[4,7,19,30],"current_hp_per_floor":[75,75,75,75,75,64,64,64,64,64,69,69,69,69,80,74,80,80,80,80,80,80,80,72,80,80,80,80,74,74,66,80,0],"gold":60,"neow_bonus":"","is_prod":false,"is_daily":false,"chose_seed":false,"campfire_upgraded":2,"win_rate":0,"timestamp":1531633152,"path_taken":["M","?","M","$","?","E","$","R","T","M","?","?","M","?","R","BOSS","M","$","M","?","?","R","E","?","T","M","?","M","$","?","R","BOSS"],"build_version":"2018-07-12","purchased_purges":2,"victory":false,"max_hp_per_floor":[75,75,75,75,75,75,75,75,75,75,80,80,80,80,80,80,80,80,80,80,80,80,80,80,80,80,80,80,80,80,80,80,80],"card_choices":[{"not_picked":["Ball Lightning","Steam"],"picked":"FTL","floor":1},{"not_picked":["Streamline","Stack"],"picked":"Leap","floor":3},{"not_picked":["Conserve Battery","Hologram"],"picked":"Leap","floor":6},{"not_picked":["Leap","Barrage"],"picked":"Cold Snap","floor":10},{"not_picked":["Rip and Tear","Storm"],"picked":"Cold Snap","floor":12},{"not_picked":["Rip and Tear","Turbo","Go for the Eyes"],"picked":"SKIP","floor":13},{"not_picked":["Go for the Eyes","Biased Cognition","Heatsinks"],"picked":"SKIP","floor":14},{"not_picked":["Machine Learning","Rainbow"],"picked":"Echo Form","floor":16},{"not_picked":["Gash","Steam+1"],"picked":"Leap","floor":18},{"not_picked":["Beam Cell","Rebound+1"],"picked":"FTL","floor":20},{"not_picked":["Auto Shields","Beam Cell"],"picked":"Cold Snap+1","floor":24},{"not_picked":["Conserve Battery","Double Energy"],"picked":"Cold Snap+1","floor":25},{"not_picked":["Fission","Conserve Battery"],"picked":"Redo","floor":27},{"not_picked":["Barrage","Double Energy+1"],"picked":"Loop","floor":29},{"not_picked":["Storm","Cold Snap","Beam Cell"],"picked":"SKIP","floor":31}],"player_experience":1114193,"relics_obtained":[{"floor":5,"key":"Thread and Needle"},{"floor":6,"key":"Potion Belt"},{"floor":9,"key":"Whetstone"},{"floor":24,"key":"Gremlin Horn"},{"floor":26,"key":"Bottled Lightning"}],"event_choices":[{"event_name":"Upgrade Shrine","player_choice":"Upgraded","floor":2,"damage_taken":0},{"event_name":"Big Fish","player_choice":"Donut","floor":11,"damage_taken":0},{"event_name":"Purifier","player_choice":"One Purge","floor":21,"damage_taken":0},{"event_name":"Addict","player_choice":"Ignored","floor":22,"damage_taken":0},{"event_name":"Back to Basics","player_choice":"Elegance","floor":28,"damage_taken":0}],"boss_relics":[{"not_picked":["Pandora\u0027s Box","Snecko Eye"],"picked":"FrozenCore"}],"items_purged_floors":[7,19],"is_endless":true,"potions_floor_spawned":[3,13,14,18,20,25,27],"killed_by":"Automaton","ascension_level":0}