{"gold_per_floor":[117,117,132,45,45,45,74,74,74,94,128,145,145,161,161,286,286,309,309,147,62,161,161,175,195,195,195,211,236,236,236,236,364,427,443,443,543,562,582,582,596,596,666,445,445,459,459],"floor_reached":47,"playtime":6166,"items_purged":["Shame","Strike_G"],"score":535,"play_id":"c8a3bb84-bf40-42f7-a1b5-8e923dde6217","local_time":"20181210192437","is_ascension_mode":false,"campfire_choices":[{"data":"Cloak And Dagger","floor":6,"key":"SMITH"},{"floor":8,"key":"REST"},{"floor":15,"key":"REST"},{"floor":23,"key":"RECALL"},{"floor":30,"key":"REST"},{"floor":32,"key":"REST"},{"data":"Blade Dance","floor":40,"key":"SMITH"},{"floor":45,"key":"REST"}],"neow_cost":"CURSE","seed_source_timestamp":176994458083257,"circlet_count":0,"master_deck":["Defend_G","Defend_G","Defend_G","Defend_G","Defend_G","Strike_G","Strike_G","Strike_G","Strike_G","Survivor","Neutralize","Blade Dance+1","PiercingWail","Cloak And Dagger+1","Accuracy","PiercingWail+1","Backstab","Finisher","Slice","Envenom","Slice","A Thousand Cuts","Backflip","Caltrops","Dodge and Roll","Terror","Pain","Dash","Poisoned Stab","Slice","Cloak And Dagger","Doppelganger","Sucker Punch+1","Dodge and Roll","Backstab+1","Deflect+1","Parasite","Decay","Noxious Fumes","Slice"],"relics":["Ring of the Snake","Nunchaku","Pear","Blue Candle","Unceasing Top","Dream Catcher","Golden Idol","Cursed Key","Turnip","Tiny House","Singing Bowl"],"potions_floor_usage":[7,11,28,33,35,35,38,47],"damage_taken":[{"damage":2,"enemies":"2 Louse","floor":1,"turns":4},{"damage":2,"enemies":"Small Slimes","floor":3,"turns":3},{"damage":28,"enemies":"Lagavulin","floor":7,"turns":10},{"damage":4,"enemies":"Jaw Worm","floor":10,"turns":3},{"damage":24,"enemies":"Gremlin Nob","floor":11,"turns":5},{"damage":7,"enemies":"Blue Slaver","floor":12,"turns":3},{"damage":1,"enemies":"Exordium Wildlife","floor":14,"turns":4},{"damage":37,"enemies":"Slime Boss","floor":16,"turns":14},{"damage":22,"enemies":"Spheric Guardian","floor":18,"turns":4},{"damage":2,"enemies":"Shell Parasite","floor":24,"turns":6},{"damage":7,"enemies":"Snecko","floor":25,"turns":3},{"damage":17,"enemies":"Colosseum Slavers","floor":27,"turns":4},{"damage":10,"enemies":"Snake Plant","floor":28,"turns":5},{"damage":1,"enemies":"3 Cultists","floor":29,"turns":5},{"damage":67,"enemies":"Collector","floor":33,"turns":11},{"damage":7,"enemies":"3 Shapes","floor":35,"turns":6},{"damage":18,"enemies":"3 Darklings","floor":38,"turns":7},{"damage":26,"enemies":"Sphere and 2 Shapes","floor":39,"turns":8},{"damage":31,"enemies":"Writhing Mass","floor":41,"turns":7},{"damage":22,"enemies":"Maw","floor":46,"turns":8},{"damage":33,"enemies":"Transient","floor":47,"turns":4}],"seed_played":"-4557167372002837815","potions_obtained":[{"floor":3,"key":"SteroidPotion"},{"floor":10,"key":"EssenceOfSteel"},{"floor":24,"key":"Weak Potion"},{"floor":28,"key":"FairyPotion"},{"floor":29,"key":"Explosive Potion"},{"floor":33,"key":"GamblersBrew"},{"floor":34,"key":"Energy Potion"},{"floor":35,"key":"SkillPotion"},{"floor":41,"key":"Explosive Potion"}],"is_trial":false,"path_per_floor":["M","?","M","$","?","R","E","R","T","M","E","M","?","M","R","B",null,"M","?","$","?","?","R","M","M","T","?","M","M","R","?","R","B",null,"M","?","?","M","M","R","M","?","T","$","R","M","M"],"character_chosen":"THE_SILENT","items_purchased":["Cloak And Dagger","Accuracy","Caltrops","Dodge and Roll","Noxious Fumes","Slice"],"campfire_rested":5,"item_purchase_floors":[4,4,20,20,44,44],"current_hp_per_floor":[68,73,71,71,74,74,46,71,71,67,43,36,36,35,58,21,79,57,57,57,57,57,57,55,48,48,31,21,20,43,43,66,7,84,77,77,77,59,33,33,2,2,2,2,29,9,0],"gold":459,"neow_bonus":"ONE_RARE_RELIC","is_prod":false,"is_daily":false,"chose_seed":false,"campfire_upgraded":2,"win_rate":0,"timestamp":1544487877,"path_taken":["M","?","M","$","?","R","E","R","T","M","E","M","?","M","R","BOSS","M","?","$","?","?","R","M","?","T","?","M","M","R","?","R","BOSS","M","?","?","?","?","R","M","?","T","$","R","M","?"],"build_version":"2018-12-06","purchased_purges":2,"victory":false,"max_hp_per_floor":[70,75,75,75,85,85,85,85,85,85,85,85,79,79,79,79,79,79,79,79,79,79,79,79,79,79,79,79,79,79,79,79,79,84,84,84,84,84,84,84,84,84,84,84,86,88,88],"card_choices":[{"not_picked":["Well Laid Plans","Bane"],"picked":"Blade Dance","floor":1},{"not_picked":["Deadly Poison","Underhanded Strike"],"picked":"PiercingWail","floor":3},{"not_picked":["Underhanded Strike","Grand Finale"],"picked":"PiercingWail","floor":7},{"not_picked":["Flying Knee","Terror"],"picked":"Backstab","floor":10},{"not_picked":["Slice","Heel Hook"],"picked":"Finisher","floor":11},{"not_picked":["Bane","Prepared"],"picked":"Slice","floor":12},{"not_picked":["Eviscerate","Dagger Spray"],"picked":"Envenom","floor":14},{"not_picked":["Choke","Outmaneuver"],"picked":"Slice","floor":15},{"not_picked":["Unload","Malaise"],"picked":"A Thousand Cuts","floor":16},{"not_picked":["Underhanded Strike","Dagger Spray"],"picked":"Backflip","floor":18},{"not_picked":["Dagger Spray+1","Outmaneuver"],"picked":"Terror","floor":24},{"not_picked":["Quick Slash+1","Flying Knee","Tactician"],"picked":"SKIP","floor":25},{"not_picked":["Underhanded Strike","Leg Sweep"],"picked":"Dash","floor":28},{"not_picked":["Catalyst","Underhanded Strike"],"picked":"Poisoned Stab","floor":29},{"not_picked":["Outmaneuver","Calculated Gamble"],"picked":"Slice","floor":30},{"not_picked":["Deadly Poison","Heel Hook"],"picked":"Cloak And Dagger","floor":32},{"not_picked":["Bullet Time","Grand Finale"],"picked":"Doppelganger","floor":33},{"not_picked":["Poisoned Stab+1","Underhanded Strike"],"picked":"Sucker Punch+1","floor":34},{"not_picked":["Deadly Poison+1","Quick Slash+1"],"picked":"Dodge and Roll","floor":35},{"not_picked":["Slice+1","Die Die Die"],"picked":"Backstab+1","floor":38},{"not_picked":["Poisoned Stab","Dagger Spray"],"picked":"Deflect+1","floor":39},{"not_picked":["Finisher","Quick Slash+1","Poisoned Stab"],"picked":"SKIP","floor":41},{"not_picked":["Deadly Poison","Prepared+1","Riddle With Holes+1"],"picked":"Singing Bowl","floor":45},{"not_picked":["Concentrate","Crippling Poison","Terror"],"picked":"Singing Bowl","floor":46}],"player_experience":1842773,"relics_obtained":[{"floor":7,"key":"Blue Candle"},{"floor":9,"key":"Unceasing Top"},{"floor":11,"key":"Dream Catcher"},{"floor":43,"key":"Singing Bowl"}],"event_choices":[{"damage_healed":0,"gold_gain":0,"player_choice":"Donut","damage_taken":0,"max_hp_gain":5,"max_hp_loss":0,"event_name":"Big Fish","floor":2,"gold_loss":0},{"damage_healed":0,"gold_gain":0,"player_choice":"Success","damage_taken":7,"relics_obtained":["Pear"],"max_hp_gain":0,"max_hp_loss":0,"event_name":"Scrap Ooze","floor":5,"gold_loss":0},{"damage_healed":0,"gold_gain":0,"player_choice":"Lose Max HP","damage_taken":0,"relics_obtained":["Golden Idol"],"max_hp_gain":0,"max_hp_loss":6,"event_name":"Golden Idol","floor":13,"gold_loss":0},{"damage_healed":0,"gold_gain":0,"player_choice":"Ignored","damage_taken":0,"max_hp_gain":0,"max_hp_loss":0,"event_name":"Ghosts","floor":19,"gold_loss":0},{"damage_healed":0,"gold_gain":0,"player_choice":"Obtained Relic","damage_taken":0,"relics_obtained":["Turnip"],"max_hp_gain":0,"max_hp_loss":0,"event_name":"Addict","floor":21,"gold_loss":85},{"damage_healed":0,"gold_gain":99,"player_choice":"Stole From Cult","damage_taken":0,"max_hp_gain":0,"max_hp_loss":0,"event_name":"Nest","floor":22,"gold_loss":0},{"damage_healed":0,"gold_gain":0,"player_choice":"Fight","damage_taken":0,"max_hp_gain":0,"max_hp_loss":0,"event_name":"Colosseum","floor":27,"gold_loss":0},{"damage_healed":0,"gold_gain":0,"player_choice":"Fled From Nobs","damage_taken":0,"max_hp_gain":0,"max_hp_loss":0,"event_name":"Colosseum","floor":27,"gold_loss":0},{"damage_healed":0,"gold_gain":0,"player_choice":"Ignored","damage_taken":0,"max_hp_gain":0,"max_hp_loss":0,"event_name":"Vampires","floor":31,"gold_loss":0},{"damage_healed":0,"gold_gain":0,"player_choice":"Ignored","damage_taken":0,"max_hp_gain":0,"max_hp_loss":0,"event_name":"Tomb of Lord Red Mask","floor":36,"gold_loss":0},{"damage_healed":0,"gold_gain":100,"player_choice":"Pray","damage_taken":0,"max_hp_gain":0,"max_hp_loss":0,"event_name":"Golden Shrine","floor":37,"gold_loss":0},{"damage_healed":0,"gold_gain":0,"player_choice":"Ignored","damage_taken":0,"max_hp_gain":0,"max_hp_loss":0,"event_name":"SecretPortal","floor":42,"gold_loss":0}],"is_beta":false,"boss_relics":[{"not_picked":["WristBlade","Snecko Eye"],"picked":"Cursed Key"},{"not_picked":["Velvet Choker","Calling Bell"],"picked":"Tiny House"}],"items_purged_floors":[20,44],"is_endless":false,"potions_floor_spawned":[3,10,24,28,29,33,35,41],"killed_by":"Transient","ascension_level":0}