{"gold_per_floor":[211,258,67,86,96,96,124,124,151,176,14,14,43,43,55,169,181,212,34,113,129,142,142,26,26,52,52,52,67,67,83,83,83],"floor_reached":33,"playtime":1428,"items_purged":[],"score":326,"play_id":"7200a184-32be-41e0-a6cd-033600815630","local_time":"20181127230424","is_ascension_mode":true,"campfire_choices":[{"data":"Neutralize","floor":6,"key":"SMITH"},{"data":"Dodge and Roll","floor":8,"key":"SMITH"},{"floor":12,"key":"REST"},{"floor":15,"key":"REST"},{"floor":23,"key":"REST"},{"data":"Backflip","floor":25,"key":"SMITH"},{"floor":28,"key":"REST"},{"floor":32,"key":"REST"}],"neow_cost":"NONE","seed_source_timestamp":115423685403688,"circlet_count":0,"master_deck":["Defend_G","Defend_G","Defend_G","Defend_G","Defend_G","Strike_G","Strike_G","Strike_G","Strike_G","Strike_G","Survivor","Neutralize+1","Infinite Blades","Blade Dance","Cloak And Dagger","Poisoned Stab","Quick Slash+1","Dodge and Roll+1","Backflip+1","Footwork","Choke","Dagger Throw","Finisher","Adrenaline","Noxious Fumes","Deflect","Caltrops","Bouncing Flask","Crippling Poison","Footwork","Escape Plan","J.A.X.","Sucker Punch"],"relics":["Ring of the Snake","Art of War","Ninja Scroll","Juzu Bracelet","Centennial Puzzle","Regal Pillow","MawBank","Orrery","Strange Spoon","Mercury Hourglass","Dream Catcher"],"potions_floor_usage":[7,7,16,21,33],"damage_taken":[{"damage":0,"enemies":"Cultist","floor":1,"turns":4},{"damage":8,"enemies":"Jaw Worm","floor":4,"turns":4},{"damage":0,"enemies":"Small Slimes","floor":5,"turns":3},{"damage":15,"enemies":"3 Sentries","floor":7,"turns":8},{"damage":22,"enemies":"Gremlin Nob","floor":10,"turns":4},{"damage":11,"enemies":"Lagavulin","floor":13,"turns":7},{"damage":55,"enemies":"Slime Boss","floor":16,"turns":12},{"damage":11,"enemies":"Chosen","floor":18,"turns":6},{"damage":0,"enemies":"3 Byrds","floor":21,"turns":5},{"damage":28,"enemies":"Snecko","floor":22,"turns":5},{"damage":5,"enemies":"Centurion and Healer","floor":29,"turns":8},{"damage":19,"enemies":"Snake Plant","floor":31,"turns":4},{"damage":71,"enemies":"Collector","floor":33,"turns":8}],"seed_played":"-66785409354391527","potions_obtained":[{"floor":4,"key":"GhostInAJar"},{"floor":5,"key":"Energy Potion"},{"floor":7,"key":"LiquidBronze"},{"floor":18,"key":"SpeedPotion"},{"floor":29,"key":"FearPotion"}],"is_trial":false,"path_per_floor":["M","T","$","M","M","R","E","R","T","E","$","R","E","?","R","B",null,"M","$","T","M","M","R","$","R","T","?","R","M","?","M","R","B"],"character_chosen":"THE_SILENT","items_purchased":["Infinite Blades","Blade Dance","Cloak And Dagger","Poisoned Stab","Footwork","Choke","Dagger Throw","Strange Spoon","Footwork","Escape Plan"],"campfire_rested":5,"item_purchase_floors":[3,3,3,3,11,11,11,19,24,24],"current_hp_per_floor":[70,70,70,62,62,62,47,47,47,25,25,46,35,35,70,15,56,45,45,45,45,17,53,53,53,53,53,70,65,65,46,70,0],"gold":83,"neow_bonus":"HUNDRED_GOLD","is_prod":false,"is_daily":false,"chose_seed":false,"campfire_upgraded":3,"win_rate":0,"timestamp":1543381464,"path_taken":["M","?","$","M","M","R","E","R","T","E","$","R","E","?","R","BOSS","M","?","?","M","M","R","$","R","T","?","R","M","?","M","R","BOSS"],"build_version":"2018-11-15","purchased_purges":0,"victory":false,"max_hp_per_floor":[70,70,70,70,70,70,70,70,70,70,70,70,70,70,70,70,70,70,70,70,70,70,70,70,70,70,70,70,70,70,70,70,70],"card_choices":[{"not_picked":["Slice","Terror","Deflect"],"picked":"SKIP","floor":1},{"not_picked":["Acrobatics","Bane","Distraction"],"picked":"SKIP","floor":4},{"not_picked":["Escape Plan","PiercingWail"],"picked":"Quick Slash","floor":5},{"not_picked":["Bane","Flying Knee"],"picked":"Dodge and Roll","floor":7},{"not_picked":["Blur","Sucker Punch"],"picked":"Backflip","floor":10},{"not_picked":["Sucker Punch","Tactician"],"picked":"Finisher","floor":13},{"not_picked":["Night Terror","Glass Knife"],"picked":"Adrenaline","floor":16},{"not_picked":["Blade Dance","Backstab"],"picked":"Noxious Fumes","floor":17},{"not_picked":["Bane","Acrobatics"],"picked":"Deflect","floor":17},{"not_picked":["Underhanded Strike","Blade Dance"],"picked":"Caltrops","floor":17},{"not_picked":["Concentrate","Adrenaline"],"picked":"Bouncing Flask","floor":18},{"not_picked":["Concentrate","Flying Knee","Backflip"],"picked":"SKIP","floor":21},{"not_picked":["Choke","Quick Slash"],"picked":"Crippling Poison","floor":22},{"not_picked":["Skewer","Masterful Stab","Dodge and Roll"],"picked":"SKIP","floor":29},{"not_picked":["Cloak And Dagger","Deadly Poison","Bane"],"picked":"SKIP","floor":31},{"not_picked":["Bane","Reflex+1"],"picked":"Sucker Punch","floor":32}],"player_experience":545430,"relics_obtained":[{"floor":2,"key":"Art of War"},{"floor":7,"key":"Ninja Scroll"},{"floor":9,"key":"Juzu Bracelet"},{"floor":10,"key":"Centennial Puzzle"},{"floor":13,"key":"Regal Pillow"},{"floor":14,"key":"MawBank"},{"floor":20,"key":"Mercury Hourglass"},{"floor":26,"key":"Dream Catcher"}],"event_choices":[{"damage_healed":0,"gold_gain":0,"player_choice":"Relic","damage_taken":0,"max_hp_gain":0,"max_hp_loss":0,"event_name":"Wheel of Change","floor":14,"gold_loss":0},{"damage_healed":0,"gold_gain":0,"player_choice":"Upgraded","damage_taken":0,"max_hp_gain":0,"max_hp_loss":0,"event_name":"Upgrade Shrine","floor":27,"gold_loss":0,"cards_upgraded":["Quick Slash"]},{"damage_healed":0,"gold_gain":0,"player_choice":"Obtain J.A.X.","damage_taken":0,"max_hp_gain":0,"max_hp_loss":0,"event_name":"Drug Dealer","floor":30,"gold_loss":0,"cards_obtained":["J.A.X."]}],"is_beta":true,"boss_relics":[{"not_picked":["Fusion Hammer","HoveringKite"],"picked":"Orrery"}],"items_purged_floors":[],"is_endless":false,"potions_floor_spawned":[4,5,7,18,29],"killed_by":"Collector","ascension_level":5}