{"gold_per_floor":[211,211,191,46,56,56,85,104,104,104,124,136,169,182,182,279,279,293,16,32,32],"floor_reached":21,"playtime":1787,"items_purged":[],"score":201,"play_id":"741a1ad0-e785-451e-bf91-88c959c2d7da","local_time":"20190205035634","is_ascension_mode":true,"campfire_choices":[{"data":"Neutralize","floor":6,"key":"SMITH"},{"floor":10,"key":"RECALL"},{"floor":15,"key":"REST"}],"neow_cost":"NONE","seed_source_timestamp":2344491445415416,"circlet_count":0,"master_deck":["Defend_G","Defend_G","Defend_G","Defend_G","Defend_G","Strike_G","Strike_G+1","Strike_G","Strike_G","Strike_G+1","Survivor","Neutralize+1","Poisoned Stab","Poisoned Stab","A Thousand Cuts","All Out Attack","Blade Dance","Blade Dance","Leg Sweep","Adrenaline","Caltrops","Backflip","Flying Knee+1"],"relics":["Ring of the Serpent","Blood Vial","Pocketwatch","Molten Egg 2","Membership Card"],"potions_floor_usage":[13,16,18,18],"damage_taken":[{"damage":1,"enemies":"2 Louse","floor":1,"turns":3},{"damage":0,"enemies":"Jaw Worm","floor":5,"turns":2},{"damage":31,"enemies":"3 Sentries","floor":7,"turns":11},{"damage":0,"enemies":"Cultist","floor":8,"turns":3},{"damage":0,"enemies":"Exordium Wildlife","floor":11,"turns":3},{"damage":0,"enemies":"Large Slime","floor":12,"turns":4},{"damage":13,"enemies":"Lagavulin","floor":13,"turns":6},{"damage":2,"enemies":"Looter","floor":14,"turns":4},{"damage":29,"enemies":"The Guardian","floor":16,"turns":14},{"damage":8,"enemies":"Spheric Guardian","floor":18,"turns":7},{"damage":24,"enemies":"2 Thieves","floor":20,"turns":4},{"damage":52,"enemies":"3 Cultists","floor":21,"turns":5}],"seed_played":"8286320394044225119","potions_obtained":[{"floor":3,"key":"Dexterity Potion"},{"floor":8,"key":"Ancient Potion"},{"floor":11,"key":"EssenceOfSteel"},{"floor":13,"key":"Swift Potion"},{"floor":16,"key":"Energy Potion"}],"is_trial":false,"path_per_floor":["M","?","?","$","M","R","E","M","T","R","M","M","E","M","R","B",null,"M","$","M","M"],"character_chosen":"THE_SILENT","items_purchased":["Blood Vial","Membership Card","Caltrops","Backflip","Flying Knee+1"],"campfire_rested":1,"item_purchase_floors":[4,19,19,19,19],"current_hp_per_floor":[69,55,55,55,57,57,28,30,30,30,32,34,23,23,44,17,70,62,62,40,0],"gold":32,"neow_bonus":"HUNDRED_GOLD","is_prod":false,"is_daily":false,"chose_seed":false,"campfire_upgraded":1,"win_rate":1,"timestamp":1549360594,"path_taken":["M","?","?","$","M","R","E","M","T","R","M","M","E","M","R","BOSS","M","?","M","M"],"build_version":"2019-01-23","purchased_purges":0,"victory":false,"max_hp_per_floor":[70,70,70,70,70,70,70,70,70,70,70,70,70,70,70,70,70,70,70,70,70],"card_choices":[{"not_picked":["PiercingWail","Deflect"],"picked":"Poisoned Stab","floor":1},{"not_picked":["Underhanded Strike","Venomology"],"picked":"Poisoned Stab","floor":5},{"not_picked":["Slice","Bane"],"picked":"A Thousand Cuts","floor":7},{"not_picked":["Flying Knee","Calculated Gamble","Terror"],"picked":"SKIP","floor":8},{"not_picked":["Well Laid Plans","Dagger Throw"],"picked":"All Out Attack","floor":11},{"not_picked":["Prepared","PiercingWail"],"picked":"Blade Dance","floor":12},{"not_picked":["Calculated Gamble","Crippling Poison"],"picked":"Blade Dance","floor":13},{"not_picked":["All Out Attack+1","Deflect"],"picked":"Leg Sweep","floor":14},{"not_picked":["Malaise","Doppelganger"],"picked":"Adrenaline","floor":16},{"not_picked":["Outmaneuver","Calculated Gamble","Tactician"],"picked":"SKIP","floor":18},{"not_picked":["Underhanded Strike+1","Outmaneuver","Flying Knee+1"],"picked":"SKIP","floor":20}],"player_experience":14348,"relics_obtained":[{"floor":7,"key":"Pocketwatch"},{"floor":13,"key":"Molten Egg 2"}],"event_choices":[{"damage_healed":0,"gold_gain":0,"player_choice":"Entered Light","damage_taken":14,"max_hp_gain":0,"max_hp_loss":0,"event_name":"Shining Light","floor":2,"gold_loss":0,"cards_upgraded":["Strike_G","Strike_G"]},{"damage_healed":0,"gold_gain":0,"player_choice":"Bought 1 Potion","damage_taken":0,"max_hp_gain":0,"max_hp_loss":0,"event_name":"The Woman in Blue","floor":3,"gold_loss":0}],"is_beta":true,"boss_relics":[{"not_picked":["Runic Dome","WristBlade"],"picked":"Ring of the Serpent"}],"items_purged_floors":[],"is_endless":false,"potions_floor_spawned":[8,11,13,16],"killed_by":"3 Cultists","ascension_level":1}