{"gold_per_floor":[119,119,129,143,218,218,231,231,254,254,254,273,292,327,327,422,422,435,435,454,467,172,172,188,207,207,207,225,245,245,295,295,295],"floor_reached":33,"playtime":1934,"items_purged":["Writhe"],"score":464,"play_id":"60629853-adf8-48c6-a3e0-7e6f12d07c04","local_time":"20181022133848","is_ascension_mode":true,"campfire_choices":[{"data":"Storm","floor":6,"key":"SMITH"},{"floor":15,"key":"REST"},{"floor":23,"key":"REST"},{"floor":30,"key":"REST"},{"floor":32,"key":"REST"}],"neow_cost":"NONE","seed_source_timestamp":1071973851730323,"circlet_count":0,"master_deck":["Zap","Dualcast","AscendersBane","Cold Snap","Static Discharge","Compile Driver","Steam Power","Storm+1","Rebound","Reinforced Body","Compile Driver","Leap","Leap","Ball Lightning","Coolheaded","Lockon","Capacitor","Electrodynamics","Beam Cell","Cold Snap","White Noise","Defragment","Go for the Eyes","Coolheaded","Bite","Bite","Bite","Bite","Bite","Defragment"],"relics":["Pandora\u0027s Box","Orichalcum","Golden Idol","PreservedInsect","White Beast Statue","Pocketwatch","Bag of Marbles","Letter Opener"],"potions_floor_usage":[18,21,24,24,28,29,33],"damage_taken":[{"damage":14,"enemies":"2 Louse","floor":1,"turns":2},{"damage":4,"enemies":"Cultist","floor":3,"turns":3},{"damage":10,"enemies":"Jaw Worm","floor":4,"turns":2},{"damage":1,"enemies":"Large Slime","floor":7,"turns":5},{"damage":7,"enemies":"Exordium Wildlife","floor":12,"turns":3},{"damage":18,"enemies":"Lots of Slimes","floor":13,"turns":3},{"damage":16,"enemies":"3 Sentries","floor":14,"turns":8},{"damage":24,"enemies":"Slime Boss","floor":16,"turns":9},{"damage":16,"enemies":"Shell Parasite","floor":18,"turns":5},{"damage":15,"enemies":"Spheric Guardian","floor":20,"turns":4},{"damage":16,"enemies":"Snake Plant","floor":21,"turns":5},{"damage":17,"enemies":"Chosen and Byrds","floor":24,"turns":6},{"damage":6,"enemies":"Snecko","floor":25,"turns":5},{"damage":15,"enemies":"Cultist and Chosen","floor":28,"turns":6},{"damage":15,"enemies":"Shelled Parasite and Fungi","floor":29,"turns":5},{"damage":108,"enemies":"Automaton","floor":33,"turns":10}],"seed_played":"-494206164563387572","potions_obtained":[{"floor":1,"key":"FearPotion"},{"floor":3,"key":"Energy Potion"},{"floor":18,"key":"Swift Potion"},{"floor":21,"key":"Regen Potion"},{"floor":24,"key":"Weak Potion"},{"floor":25,"key":"Regen Potion"},{"floor":28,"key":"Fire Potion"},{"floor":29,"key":"FairyPotion"}],"is_trial":false,"path_per_floor":["M","?","M","M","?","R","M","?","T","?","?","M","M","E","R","B",null,"M","?","M","M","$","R","M","M","T","?","M","M","R","?","R"],"character_chosen":"DEFECT","items_purchased":["Defragment","Bag of Marbles"],"campfire_rested":4,"item_purchase_floors":[22,22],"current_hp_per_floor":[50,71,67,57,46,46,45,45,45,45,45,40,24,10,29,7,50,36,36,23,9,9,28,28,24,24,24,32,25,44,44,63,0],"gold":295,"neow_bonus":"BOSS_RELIC","is_prod":false,"is_daily":false,"chose_seed":false,"campfire_upgraded":1,"win_rate":0,"timestamp":1540229928,"path_taken":["M","?","M","M","?","R","?","?","T","?","?","M","M","E","R","BOSS","M","?","?","M","$","R","M","M","T","?","M","M","R","?","R","BOSS"],"build_version":"2018-10-18","purchased_purges":1,"victory":false,"max_hp_per_floor":[71,71,71,71,71,71,71,71,71,71,64,64,64,64,64,64,64,64,64,64,64,64,64,64,64,64,64,64,64,64,64,64,64],"card_choices":[{"not_picked":["FTL","Force Field"],"picked":"Compile Driver","floor":1},{"not_picked":["Tempest","Steam"],"picked":"Leap","floor":3},{"not_picked":["Gash","Consume"],"picked":"Leap","floor":4},{"not_picked":["Steam Power","Undo"],"picked":"Ball Lightning","floor":7},{"not_picked":["Go for the Eyes","Compile Driver"],"picked":"Coolheaded","floor":12},{"not_picked":["Darkness","Ball Lightning"],"picked":"Lockon","floor":13},{"not_picked":["Buffer","Beam Cell"],"picked":"Capacitor","floor":14},{"not_picked":["Buffer","Multi-Cast"],"picked":"Electrodynamics","floor":16},{"not_picked":["Stack","Lockon"],"picked":"Beam Cell","floor":18},{"not_picked":["Stack","Streamline"],"picked":"Cold Snap","floor":20},{"not_picked":["Meteor Strike","Gash"],"picked":"White Noise","floor":21},{"not_picked":["Tempest","Stack"],"picked":"Go for the Eyes","floor":24},{"not_picked":["Chill","Melter"],"picked":"Coolheaded","floor":25},{"not_picked":["Beam Cell","Barrage","Blizzard"],"picked":"SKIP","floor":28},{"not_picked":["Capacitor","BootSequence"],"picked":"Defragment","floor":29}],"player_experience":1559772,"relics_obtained":[{"floor":9,"key":"Orichalcum"},{"floor":14,"key":"PreservedInsect"},{"floor":26,"key":"Letter Opener"}],"event_choices":[{"cards_removed":["Consume"],"damage_healed":21,"gold_gain":0,"player_choice":"Offered Uncommon","damage_taken":0,"max_hp_gain":0,"max_hp_loss":0,"event_name":"Bonfire Elementals","floor":2,"gold_loss":0},{"damage_healed":0,"gold_gain":75,"player_choice":"Gather Gold","damage_taken":11,"max_hp_gain":0,"max_hp_loss":0,"event_name":"World of Goop","floor":5,"gold_loss":0},{"damage_healed":0,"gold_gain":0,"player_choice":"Ignored","damage_taken":0,"max_hp_gain":0,"max_hp_loss":0,"event_name":"Shining Light","floor":8,"gold_loss":0},{"damage_healed":0,"gold_gain":0,"player_choice":"Searched \u00271\u0027 times","damage_taken":0,"relics_obtained":["Blood Vial"],"max_hp_gain":0,"max_hp_loss":0,"event_name":"Dead Adventurer","floor":10,"gold_loss":0},{"damage_healed":0,"gold_gain":0,"player_choice":"Lose Max HP","damage_taken":0,"relics_obtained":["Golden Idol"],"max_hp_gain":0,"max_hp_loss":7,"event_name":"Golden Idol","floor":11,"gold_loss":0},{"damage_healed":0,"gold_gain":0,"player_choice":"Opened","damage_taken":0,"relics_obtained":["Pocketwatch"],"max_hp_gain":0,"max_hp_loss":0,"event_name":"The Mausoleum","floor":19,"gold_loss":0,"cards_obtained":["Writhe"]},{"damage_healed":0,"gold_gain":0,"player_choice":"Became a vampire (Vial)","damage_taken":0,"max_hp_gain":0,"max_hp_loss":0,"event_name":"Vampires","floor":27,"relics_lost":["Blood Vial"],"gold_loss":0,"cards_obtained":["Bite","Bite","Bite","Bite","Bite"]},{"damage_healed":0,"gold_gain":50,"player_choice":"Stole From Cult","damage_taken":0,"max_hp_gain":0,"max_hp_loss":0,"event_name":"Nest","floor":31,"gold_loss":0}],"is_beta":false,"boss_relics":[{"not_picked":["Coffee Dripper","Runic Pyramid"],"picked":"White Beast Statue"}],"items_purged_floors":[22],"is_endless":false,"potions_floor_spawned":[1,3,16,18,20,21,24,25,28,29],"killed_by":"Automaton","ascension_level":15}