{"gold_per_floor":[111,111,128,143,160,188,188,188,239,250,271,297,297,316,316,421,421,437,437,437,454,473,502,502,521,521,521,521,535,38,61,61,158,158,177,177,177,197,3,3,16,16,42,42,59,78,89,99,99,99],"floor_reached":50,"playtime":3149,"items_purged":["Strike_G","Strike_G"],"score":701,"play_id":"19f86fc5-505b-4a9d-bc06-ac7572f7fd3a","local_time":"20180701225917","is_ascension_mode":false,"campfire_choices":[{"data":"Blade Dance","floor":7,"key":"SMITH"},{"floor":13,"key":"REST"},{"floor":15,"key":"REST"},{"floor":24,"key":"REST"},{"floor":27,"key":"REST"},{"floor":32,"key":"REST"},{"data":"Envenom","floor":40,"key":"SMITH"},{"floor":42,"key":"REST"},{"floor":49,"key":"REST"}],"neow_cost":"NONE","seed_source_timestamp":614208733111643,"circlet_count":0,"master_deck":["Defend_G+1","Defend_G","Defend_G","Defend_G","Defend_G","Strike_G","Survivor","Neutralize","Slice","Slice","Blade Dance+1","Backflip+1","Quick Slash","Dash","PiercingWail","Terror","Cloak And Dagger","Envenom+1","Storm of Steel","Slice","Slice","Cloak And Dagger","Accuracy","Dash","Adrenaline","Escape Plan+1","Accuracy","Terror+1","Infinite Blades","Cloak And Dagger","Escape Plan","PiercingWail+1","Accuracy","Backstab+1"],"relics":["Ring of the Snake","Bag of Preparation","Shuriken","Orichalcum","Omamori","Odd Mushroom","Turnip","Torii","Bronze Scales","Bottled Tornado","Oddly Smooth Stone","War Paint","Empty Cage","Peace Pipe","Anchor"],"potions_floor_usage":[16,16,21,23,33,33,33,48,50,50],"damage_taken":[{"damage":3,"enemies":"2 Louse","floor":1,"turns":2},{"damage":0,"enemies":"Jaw Worm","floor":3,"turns":3},{"damage":0,"enemies":"Small Slimes","floor":4,"turns":2},{"damage":0,"enemies":"2 Fungi Beasts","floor":5,"turns":2},{"damage":10,"enemies":"Gremlin Nob","floor":6,"turns":4},{"damage":1,"enemies":"Red Slaver","floor":10,"turns":3},{"damage":17,"floor":11,"turns":4},{"damage":11,"enemies":"Lagavulin","floor":12,"turns":4},{"damage":1,"enemies":"3 Louse","floor":14,"turns":3},{"damage":0,"enemies":"Slime Boss","floor":16,"turns":7},{"damage":0,"enemies":"3 Byrds","floor":18,"turns":5},{"damage":14,"enemies":"Shell Parasite","floor":21,"turns":5},{"damage":6,"enemies":"Centurion and Healer","floor":22,"turns":6},{"damage":47,"enemies":"Slavers","floor":23,"turns":8},{"damage":23,"enemies":"Slaver and Parasite","floor":25,"turns":7},{"damage":26,"enemies":"3 Cultists","floor":29,"turns":6},{"damage":38,"enemies":"Champ","floor":33,"turns":13},{"damage":20,"enemies":"3 Shapes","floor":35,"turns":7},{"damage":6,"floor":37,"turns":11},{"damage":0,"enemies":"Orb Walker","floor":38,"turns":3},{"damage":26,"enemies":"3 Darklings","floor":41,"turns":6},{"damage":13,"enemies":"Sphere and 2 Shapes","floor":45,"turns":6},{"damage":17,"enemies":"Maw","floor":46,"turns":6},{"damage":14,"enemies":"4 Shapes","floor":47,"turns":8},{"damage":0,"enemies":"Sphere and 2 Shapes","floor":48,"turns":7},{"damage":37,"enemies":"Donu and Deca","floor":50,"turns":5}],"seed_played":"8817157047963676633","potions_obtained":[{"floor":5,"key":"Dexterity Potion"},{"floor":6,"key":"EssenceOfSteel"},{"floor":16,"key":"SteroidPotion"},{"floor":18,"key":"Fruit Juice"},{"floor":22,"key":"GhostInAJar"},{"floor":29,"key":"Regen Potion"},{"floor":37,"key":"Strength Potion"},{"floor":41,"key":"Block Potion"},{"floor":46,"key":"Swift Potion"},{"floor":47,"key":"GhostInAJar"}],"is_trial":false,"path_per_floor":["M","?","M","M","M","E","R","?","T","M","?","E","R","M","R","B",null,"M","?","?","M","M","E","R","M","T","R","?","M","$","T","R","B",null,"M","?","?","M","$","R","M","R","T","$","M","M","M","M","R"],"character_chosen":"THE_SILENT","items_purchased":["Oddly Smooth Stone","Accuracy","Dash","EssenceOfSteel","Regen Potion","Infinite Blades","Cloak And Dagger"],"campfire_rested":7,"item_purchase_floors":[30,30,30,30,30,39,39],"current_hp_per_floor":[67,64,64,64,64,54,54,59,59,58,41,30,52,51,73,73,75,75,75,75,66,60,13,37,14,14,38,38,12,12,12,36,43,80,60,60,54,54,54,54,28,52,52,52,39,22,8,8,32,0],"gold":99,"neow_bonus":"RANDOM_COMMON_RELIC","is_prod":false,"is_daily":false,"chose_seed":false,"campfire_upgraded":2,"win_rate":0,"timestamp":1530500357,"path_taken":["M","?","M","M","M","E","R","?","T","M","?","E","R","?","R","BOSS","M","?","?","M","?","E","R","M","T","R","?","?","$","?","R","BOSS","M","?","?","M","?","R","M","R","T","$","M","M","?","M","R","BOSS"],"build_version":"2018-06-28","purchased_purges":2,"victory":false,"max_hp_per_floor":[70,70,70,70,70,70,70,75,75,75,75,75,75,75,75,75,75,75,75,75,80,80,80,80,80,80,80,80,80,80,80,80,80,80,80,80,80,80,80,80,80,80,80,80,80,80,80,80,80,80],"card_choices":[{"not_picked":["Quick Slash","Finisher"],"picked":"Slice","floor":1},{"not_picked":["Finisher","Sucker Punch"],"picked":"Slice","floor":3},{"not_picked":["Sucker Punch","Eviscerate"],"picked":"Blade Dance","floor":4},{"not_picked":["Dodge and Roll","Underhanded Strike"],"picked":"Backflip","floor":5},{"not_picked":["Outmaneuver","Sucker Punch"],"picked":"Quick Slash","floor":6},{"not_picked":["Quick Slash","Poisoned Stab"],"picked":"Dash","floor":10},{"not_picked":["Wraith Form v2","Dagger Throw"],"picked":"PiercingWail","floor":11},{"not_picked":["Prepared","Poisoned Stab"],"picked":"Terror","floor":12},{"not_picked":["Catalyst","Dagger Throw"],"picked":"Cloak And Dagger","floor":14},{"not_picked":["Unload","Burst"],"picked":"Envenom","floor":16},{"not_picked":["Flying Knee","Finisher+1","Dagger Spray"],"picked":"SKIP","floor":18},{"not_picked":["Finisher","Backflip+1"],"picked":"Slice","floor":21},{"not_picked":["Quick Slash","Bane"],"picked":"Slice","floor":22},{"not_picked":["Sucker Punch","Terror"],"picked":"Cloak And Dagger","floor":23},{"not_picked":["Sucker Punch","Dagger Throw","Unload"],"picked":"SKIP","floor":25},{"not_picked":["Bane","Flying Knee","Deflect"],"picked":"SKIP","floor":29},{"not_picked":["Storm of Steel","Doppelganger"],"picked":"Adrenaline","floor":33},{"not_picked":["Reflex","Dagger Spray+1"],"picked":"Escape Plan+1","floor":35},{"not_picked":["Caltrops+1","Sucker Punch+1"],"picked":"Accuracy","floor":37},{"not_picked":["Dagger Throw+1","Crippling Poison"],"picked":"Terror+1","floor":38},{"not_picked":["Flechettes","Finisher"],"picked":"Escape Plan","floor":41},{"not_picked":["Poisoned Stab+1","Crippling Poison"],"picked":"PiercingWail+1","floor":45},{"not_picked":["Acrobatics+1","Infinite Blades"],"picked":"Accuracy","floor":46},{"not_picked":["Eviscerate","Quick Slash+1"],"picked":"Backstab+1","floor":47},{"not_picked":["Concentrate+1","Deflect","Poisoned Stab"],"picked":"SKIP","floor":48}],"player_experience":891491,"relics_obtained":[{"floor":6,"key":"Orichalcum"},{"floor":9,"key":"Omamori"},{"floor":11,"key":"Odd Mushroom"},{"floor":12,"key":"Turnip"},{"floor":23,"key":"Bronze Scales"},{"floor":26,"key":"Bottled Tornado"},{"floor":31,"key":"War Paint"},{"floor":37,"key":"Peace Pipe"},{"floor":43,"key":"Anchor"}],"event_choices":[{"event_name":"Scrap Ooze","player_choice":"success","floor":2,"damage_taken":3},{"event_name":"Big Fish","player_choice":"Donut","floor":8,"damage_taken":0},{"event_name":"Mushrooms","player_choice":"Fought Mushrooms","floor":11,"damage_taken":0},{"event_name":"Match and Keep!","player_choice":"1 cards matched","floor":19,"damage_taken":0},{"event_name":"The Mausoleum","player_choice":"Yes","floor":20,"damage_taken":0},{"event_name":"Forgotten Altar","player_choice":"Smashed Altar","floor":28,"damage_taken":0},{"event_name":"Mysterious Sphere","player_choice":"Ignore","floor":36,"damage_taken":0},{"event_name":"MindBloom","player_choice":"Fight","floor":37,"damage_taken":0}],"boss_relics":[{"not_picked":["Pandora\u0027s Box","Busted Crown","Snecko Eye"]},{"not_picked":["Black Star","Velvet Choker"],"picked":"Empty Cage"}],"items_purged_floors":[30,39],"is_endless":false,"potions_floor_spawned":[5,6,16,18,22,29,37,41,46,47],"killed_by":"Donu and Deca","ascension_level":0}