{"gold_per_floor":[19,32,44,56,21,21,48,22,22,22,22,97,108,118,118,193,193,204,204,204,119,89,89,104,104,104,104,104,114,114,124,124,124],"floor_reached":33,"playtime":1124,"items_purged":[],"score":469,"play_id":"aba99910-c5db-48a0-9c99-e971b4eb3f9a","local_time":"20190208024530","is_ascension_mode":true,"campfire_choices":[{"data":"Streamline","floor":6.0,"key":"SMITH"},{"data":"Zap","floor":11.0,"key":"SMITH"},{"floor":15.0,"key":"REST"},{"data":"Beam Cell","floor":23,"key":"SMITH"},{"data":"Conserve Battery","floor":25,"key":"SMITH"},{"floor":28,"key":"REST"},{"data":"Ball Lightning","floor":30,"key":"SMITH"},{"floor":32,"key":"REST"}],"neow_cost":"NO_GOLD","seed_source_timestamp":0,"circlet_count":0,"master_deck":["AscendersBane","Strike_B","Strike_B","Strike_B","Defend_B","Defend_B+1","Defend_B","Zap+1","Dualcast+1","Streamline+1","Glacier","Conserve Battery+1","Genetic Algorithm","Beam Cell+1","Core Surge","Self Repair","Glacier","Ball Lightning+1","Ball Lightning"],"special_seed":0,"relics":["Cracked Core","Centennial Puzzle","War Paint","Velvet Choker","Dodecahedron","Ornamental Fan"],"potions_floor_usage":[27,33,33],"damage_taken":[{"damage":0.0,"enemies":"2 Louse","floor":1.0,"turns":3.0},{"damage":12.0,"enemies":"Jaw Worm","floor":2.0,"turns":3.0},{"damage":8.0,"enemies":"Small Slimes","floor":3.0,"turns":3.0},{"damage":7.0,"enemies":"2 Fungi Beasts","floor":4.0,"turns":3.0},{"damage":11.0,"enemies":"Gremlin Nob","floor":7.0,"turns":3.0},{"damage":0.0,"enemies":"Looter","floor":13.0,"turns":3.0},{"damage":18.0,"enemies":"Gremlin Gang","floor":14.0,"turns":4.0},{"damage":27.0,"enemies":"Slime Boss","floor":16.0,"turns":5.0},{"damage":0,"enemies":"Chosen","floor":18,"turns":5},{"damage":17,"enemies":"2 Thieves","floor":22,"turns":4},{"damage":18,"enemies":"Shelled Parasite and Fungi","floor":24,"turns":6},{"damage":0,"enemies":"Colosseum Slavers","floor":27,"turns":4},{"damage":40,"enemies":"Cultist and Chosen","floor":29,"turns":12},{"damage":4,"enemies":"Snecko","floor":31,"turns":4},{"damage":58,"enemies":"Collector","floor":33,"turns":5}],"seed_played":"-8889707221543630284","potions_obtained":[{"floor":2.0,"key":"SteroidPotion"},{"floor":4.0,"key":"SteroidPotion"},{"floor":24,"key":"SkillPotion"},{"floor":29,"key":"Dexterity Potion"},{"floor":31,"key":"LiquidBronze"}],"is_trial":false,"path_per_floor":["M","M","M","M","?","R","E","$","T","$","R","?","M","M","R","B",null,"M","?","?","?","M","R","M","R","T","?","R","M","R","M","R","B"],"character_chosen":"DEFECT","items_purchased":["Conserve Battery"],"campfire_rested":3,"item_purchase_floors":[8],"current_hp_per_floor":[64,52,44,37,54,54,43,43,43,43,43,32,32,14,35,8,55,55,55,55,55,38,38,27,27,27,34,55,22,22,25,46,0],"gold":124,"neow_bonus":"REMOVE_TWO","is_prod":false,"is_daily":false,"chose_seed":false,"campfire_upgraded":5,"win_rate":0,"timestamp":1549615530,"path_taken":["M","M","M","M","?","R","E","$","T","$","R","?","M","M","R","BOSS","BOSS","M","?","?","?","M","R","M","R","T","?","R","M","R","M","R","BOSS"],"build_version":"2019-02-06","purchased_purges":0,"victory":false,"max_hp_per_floor":[71,71,71,71,71,71,71,71,71,71,71,71,71,71,71,71,71,71,71,71,71,71,71,71,71,71,71,71,71,71,71,71,71],"card_choices":[{"not_picked":["Steam","Recycle","Hologram"],"picked":"SKIP","floor":1.0},{"not_picked":["Turbo","Aggregate","Coolheaded"],"picked":"SKIP","floor":2.0},{"not_picked":["Compile Driver","Aggregate","Redo"],"picked":"SKIP","floor":3.0},{"not_picked":["Compile Driver","Barrage"],"picked":"Streamline","floor":4.0},{"not_picked":["Redo","Ball Lightning"],"picked":"Glacier","floor":7.0},{"not_picked":["Steam","Sweeping Beam"],"picked":"Genetic Algorithm","floor":13.0},{"not_picked":["Rebound","Steam"],"picked":"Beam Cell","floor":14.0},{"not_picked":["Electrodynamics","Meteor Strike"],"picked":"Core Surge","floor":16},{"not_picked":["Gash","Turbo","Streamline+1"],"picked":"SKIP","floor":18},{"not_picked":["Auto Shields","Undo"],"picked":"Self Repair","floor":22},{"not_picked":["Rebound+1","Doom and Gloom"],"picked":"Glacier","floor":24},{"not_picked":["Streamline","Compile Driver"],"picked":"Ball Lightning","floor":29},{"not_picked":["Hyperbeam","Recycle"],"picked":"Ball Lightning","floor":31}],"player_experience":790705,"relics_obtained":[{"floor":7.0,"key":"Centennial Puzzle"},{"floor":9.0,"key":"War Paint"},{"floor":26,"key":"Ornamental Fan"}],"event_choices":[{"damage_healed":17.0,"max_hp_gain":0.0,"max_hp_loss":0.0,"gold_gain":0.0,"event_name":"The Cleric","player_choice":"Healed","floor":5.0,"gold_loss":35.0,"damage_taken":0.0},{"damage_healed":0.0,"max_hp_gain":0.0,"max_hp_loss":0.0,"gold_gain":75.0,"event_name":"World of Goop","player_choice":"Gather Gold","floor":12.0,"gold_loss":0.0,"damage_taken":11.0},{"damage_healed":0,"gold_gain":0,"player_choice":"Ignored","damage_taken":0,"max_hp_gain":0,"max_hp_loss":0,"event_name":"Vampires","floor":19,"gold_loss":0},{"damage_healed":0,"gold_gain":0,"player_choice":"Ignored","damage_taken":0,"max_hp_gain":0,"max_hp_loss":0,"event_name":"Ghosts","floor":20,"gold_loss":0},{"damage_healed":0,"gold_gain":0,"player_choice":"Obtained Relic","damage_taken":0,"relics_obtained":["Dodecahedron"],"max_hp_gain":0,"max_hp_loss":0,"event_name":"Addict","floor":21,"gold_loss":85},{"damage_healed":0,"gold_gain":0,"player_choice":"Fight","damage_taken":0,"max_hp_gain":0,"max_hp_loss":0,"event_name":"Colosseum","floor":27,"gold_loss":0},{"damage_healed":0,"gold_gain":0,"player_choice":"Fled From Nobs","damage_taken":0,"max_hp_gain":0,"max_hp_loss":0,"event_name":"Colosseum","floor":27,"gold_loss":0}],"is_beta":true,"boss_relics":[{"not_picked":["Astrolabe","Cursed Key"],"picked":"Velvet Choker"}],"items_purged_floors":[],"is_endless":false,"potions_floor_spawned":[2,4,24,27,29,31],"killed_by":"Collector","ascension_level":18}