{"gold_per_floor":[118,195,214,231,31,31,43,74,128,0,0,0,15,45,45,117,117,135,135,162,3,3,3,14,46,73,86,86,96,124,134,134,213,213,226,326,326,241,13,13,235,235,235,235,247,258,275,292,292,292,292,292,35,70,70],"floor_reached":55,"playtime":2317,"items_purged":["Strike_B","Strike_B+1"],"score":1326,"play_id":"eadda6e1-d0c0-4ab7-94d5-3af09768eed1","local_time":"20181217152011","is_ascension_mode":true,"campfire_choices":[{"floor":11,"key":"REST"},{"floor":15,"key":"REST"},{"floor":23,"key":"REST"},{"floor":28,"key":"REST"},{"floor":32,"key":"REST"},{"floor":40,"key":"RECALL"},{"floor":42,"key":"REST"},{"floor":44,"key":"REST"},{"floor":49,"key":"REST"},{"floor":52,"key":"REST"}],"neow_cost":"NONE","seed_source_timestamp":133650588519494,"circlet_count":0,"master_deck":["AscendersBane","Strike_B+1","Strike_B+1","Defend_B+1","Defend_B+1","Defend_B+1","Defend_B+1","Zap","Dualcast","Ball Lightning","White Noise+1","Leap+1","Storm","Reinforced Body+1","Compile Driver","Storm","Steam+1","Redo+1","Compile Driver","Electrodynamics","Cold Snap","Self Repair","Ball Lightning","Static Discharge","Hologram+1","Steam+1","Coolheaded+1","Reboot+1","Loop+1","Cold Snap+1","Storm","White Noise+1","Capacitor","Force Field+1","White Noise+1","Storm","Rainbow+1","Static Discharge","Barrage"],"relics":["Fusion Hammer","Toxic Egg 2","Bronze Scales","Incense Burner","DataDisk","Inserter","Red Mask","Oddly Smooth Stone","Boot","Symbiotic Virus","Cursed Key","Dead Branch","Lantern","Bag of Preparation"],"potions_floor_usage":[16,18,20,30,31,50,50,54],"damage_taken":[{"damage":1,"enemies":"Cultist","floor":1,"turns":4},{"damage":3,"enemies":"2 Louse","floor":3,"turns":2},{"damage":4,"enemies":"Jaw Worm","floor":4,"turns":3},{"damage":0,"enemies":"Large Slime","floor":7,"turns":4},{"damage":15,"enemies":"3 Sentries","floor":8,"turns":5},{"damage":8,"enemies":"Blue Slaver","floor":13,"turns":3},{"damage":45,"enemies":"Gremlin Nob","floor":14,"turns":6},{"damage":21,"enemies":"The Guardian","floor":16,"turns":9},{"damage":25,"enemies":"2 Thieves","floor":18,"turns":3},{"damage":15,"enemies":"Masked Bandits","floor":20,"turns":3},{"damage":9,"enemies":"Shell Parasite","floor":24,"turns":3},{"damage":26,"enemies":"Slavers","floor":25,"turns":5},{"damage":0,"enemies":"3 Cultists","floor":27,"turns":3},{"damage":6,"enemies":"Cultist and Chosen","floor":29,"turns":4},{"damage":10,"enemies":"Book of Stabbing","floor":30,"turns":4},{"damage":10,"enemies":"Snecko","floor":31,"turns":4},{"damage":37,"enemies":"Champ","floor":33,"turns":10},{"damage":0,"enemies":"3 Shapes","floor":35,"turns":3},{"damage":10,"enemies":"Mind Bloom Boss Battle","floor":36,"turns":5},{"damage":15,"enemies":"3 Darklings","floor":45,"turns":4},{"damage":1,"enemies":"Jaw Worm Horde","floor":46,"turns":4},{"damage":2,"enemies":"4 Shapes","floor":47,"turns":3},{"damage":4,"enemies":"Transient","floor":48,"turns":5},{"damage":56,"enemies":"Time Eater","floor":50,"turns":8},{"damage":35,"enemies":"Shield and Spear","floor":54,"turns":5},{"damage":51,"enemies":"The Heart","floor":55,"turns":5}],"seed_played":"2656383049093418059","potions_obtained":[{"floor":4,"key":"Energy Potion"},{"floor":8,"key":"FocusPotion"},{"floor":16,"key":"SkillPotion"},{"floor":18,"key":"AttackPotion"},{"floor":27,"key":"PowerPotion"},{"floor":30,"key":"SkillPotion"},{"floor":45,"key":"GamblersBrew"}],"is_trial":false,"path_per_floor":["M","T","M","M","$","?","M","E","T","$","R","?","M","E","R","B",null,"M","?","?","$","?","R","M","E","T","M","R","M","E","M","R","B",null,"M","?","?","$","$","R","?","R","T","R","M","M","M","M","R","B",null,"R","$","E","B"],"character_chosen":"DEFECT","items_purchased":["Storm","Bronze Scales","Storm","Steam+1","Self Repair","Storm","White Noise+1","Capacitor","Static Discharge","PowerPotion","Lantern"],"campfire_rested":9,"item_purchase_floors":[5,5,10,10,21,38,39,39,53,53,53],"current_hp_per_floor":[63,63,60,56,56,56,56,41,41,41,62,67,59,14,36,15,61,36,51,36,36,36,58,49,30,30,30,52,46,43,40,62,32,65,65,62,62,62,62,62,62,76,76,76,61,60,58,61,76,27,64,76,76,48,0],"gold":70,"neow_bonus":"BOSS_RELIC","is_prod":false,"is_daily":false,"chose_seed":false,"campfire_upgraded":0,"win_rate":0,"timestamp":1545078011,"path_taken":["M","?","M","M","$","?","?","E","T","$","R","?","M","E","R","BOSS","M","?","?","$","?","R","M","E","T","M","R","M","E","M","R","BOSS","M","?","?","?","$","R","?","R","T","R","M","M","M","M","R","BOSS","R","$","E","BOSS"],"build_version":"2018-12-13","purchased_purges":2,"victory":false,"max_hp_per_floor":[71,71,71,71,71,71,71,71,71,71,71,76,76,76,76,76,76,76,76,76,76,76,76,76,76,76,76,76,76,76,76,76,76,76,76,76,76,76,76,76,76,76,76,76,76,76,76,76,76,76,76,76,76,76,76],"card_choices":[{"not_picked":["Turbo","Stack"],"picked":"Ball Lightning","floor":1},{"not_picked":["Streamline","Hello World"],"picked":"White Noise+1","floor":3},{"not_picked":["White Noise+1","Heatsinks"],"picked":"Leap+1","floor":4},{"not_picked":["Cold Snap","Turbo+1"],"picked":"Reinforced Body+1","floor":7},{"not_picked":["Steam Power+1","Rainbow+1"],"picked":"Compile Driver","floor":8},{"not_picked":["Chaos+1","Blizzard"],"picked":"Redo+1","floor":13},{"not_picked":["Rip and Tear","Doom and Gloom"],"picked":"Compile Driver","floor":14},{"not_picked":["Amplify+1","Seek+1"],"picked":"Electrodynamics","floor":16},{"not_picked":["Fusion+1","Ball Lightning"],"picked":"Go for the Eyes","floor":18},{"not_picked":["Darkness+1","Doom and Gloom"],"picked":"Cold Snap","floor":20},{"not_picked":["Streamline","Aggregate+1"],"picked":"Ball Lightning","floor":24},{"not_picked":["Turbo+1","Beam Cell"],"picked":"Static Discharge","floor":25},{"not_picked":["Gash","Turbo+1"],"picked":"Hologram+1","floor":27},{"not_picked":["Barrage","Aggregate+1"],"picked":"Steam+1","floor":29},{"not_picked":["Go for the Eyes","Chaos+1","Blizzard+1"],"picked":"SKIP","floor":30},{"not_picked":["Turbo+1","Tempest+1"],"picked":"Coolheaded+1","floor":31},{"not_picked":["Multi-Cast+1","Hyperbeam"],"picked":"Reboot+1","floor":33},{"not_picked":["Double Energy+1","Go for the Eyes+1"],"picked":"Loop+1","floor":35},{"not_picked":["Steam Power+1","Stack+1"],"picked":"Cold Snap+1","floor":36},{"not_picked":["Leap+1","Self Repair"],"picked":"Force Field+1","floor":45},{"not_picked":["Static Discharge","Lockon+1"],"picked":"White Noise+1","floor":46},{"not_picked":["Rebound+1","Hologram+1"],"picked":"Storm","floor":47},{"not_picked":["Barrage","Stack+1"],"picked":"Rainbow+1","floor":48},{"not_picked":["Sweeping Beam","Turbo+1"],"picked":"Barrage","floor":54}],"player_experience":1917869,"relics_obtained":[{"floor":2,"key":"Toxic Egg 2"},{"floor":8,"key":"Incense Burner"},{"floor":14,"key":"DataDisk"},{"floor":20,"key":"Red Mask"},{"floor":25,"key":"Oddly Smooth Stone"},{"floor":26,"key":"Boot"},{"floor":30,"key":"Symbiotic Virus"},{"floor":36,"key":"Dead Branch"},{"floor":54,"key":"Bag of Preparation"}],"event_choices":[{"damage_healed":0,"gold_gain":0,"player_choice":"Leave","damage_taken":0,"max_hp_gain":0,"max_hp_loss":0,"event_name":"The Cleric","floor":6,"gold_loss":0},{"damage_healed":0,"gold_gain":0,"player_choice":"Donut","damage_taken":0,"max_hp_gain":5,"max_hp_loss":0,"event_name":"Big Fish","floor":12,"gold_loss":0},{"damage_healed":15,"gold_gain":0,"player_choice":"Heal","damage_taken":0,"max_hp_gain":0,"max_hp_loss":0,"event_name":"The Library","floor":19,"gold_loss":0},{"damage_healed":0,"gold_gain":0,"player_choice":"Fought Bandits","damage_taken":0,"max_hp_gain":0,"max_hp_loss":0,"event_name":"Masked Bandits","floor":20,"gold_loss":0},{"damage_healed":0,"gold_gain":0,"player_choice":"Simplicity","damage_taken":0,"max_hp_gain":0,"max_hp_loss":0,"event_name":"Back to Basics","floor":22,"gold_loss":0,"cards_upgraded":["Strike_B","Strike_B","Strike_B","Defend_B","Defend_B","Defend_B","Defend_B"]},{"damage_healed":0,"gold_gain":0,"player_choice":"Fight","damage_taken":0,"max_hp_gain":0,"max_hp_loss":0,"event_name":"MindBloom","floor":36,"gold_loss":0},{"cards_removed":["Go for the Eyes"],"damage_healed":0,"gold_gain":0,"player_choice":"Removed Attack","damage_taken":0,"max_hp_gain":0,"max_hp_loss":0,"event_name":"Falling","floor":37,"gold_loss":0},{"damage_healed":0,"gold_gain":222,"player_choice":"Wore Mask","damage_taken":0,"max_hp_gain":0,"max_hp_loss":0,"event_name":"Tomb of Lord Red Mask","floor":41,"gold_loss":0}],"is_beta":false,"boss_relics":[{"not_picked":["Astrolabe","Tiny House"],"picked":"Inserter"},{"not_picked":["Snecko Eye","Coffee Dripper"],"picked":"Cursed Key"}],"items_purged_floors":[21,39],"is_endless":false,"potions_floor_spawned":[4,8,16,18,27,29,30,45,46,47],"killed_by":"The Heart","ascension_level":16}