{"gold_per_floor":[114,17,91,91,106,106,136,151,151,181,196,196,196,211,211,311,311,326,96,96,96,96,126,151,151,226,226,60,75,90,120,120,220,220,235,250,265,280,280,280,295,325,325,325,325,340,340,370,370,370],"floor_reached":51,"playtime":1505,"items_purged":["Normality"],"score":853,"play_id":"4ab70cd8-f95f-4d3a-925d-5ad1c55b47f3","local_time":"20181217180428","daily_mods":["SealedDeck","Diverse","Lethality"],"is_ascension_mode":false,"campfire_choices":[{"data":"Defragment","floor":6.0,"key":"SMITH"},{"data":"Sword Boomerang","floor":13.0,"key":"SMITH"},{"data":"Go for the Eyes","floor":15.0,"key":"SMITH"},{"data":"1","floor":25.0,"key":"LIFT"},{"data":"2","floor":27.0,"key":"LIFT"},{"data":"3","floor":32.0,"key":"LIFT"},{"data":"Coolheaded","floor":40,"key":"SMITH"},{"data":"Infinite Blades","floor":45,"key":"SMITH"},{"data":"Fiend Fire","floor":47,"key":"SMITH"},{"data":"Sword Boomerang","floor":49,"key":"SMITH"}],"neow_cost":"","seed_source_timestamp":0,"circlet_count":0,"master_deck":["Infinite Blades+1","Coolheaded+1","Slice","Quick Slash","Hologram","Headbutt","Melter","Conserve Battery","Spot Weakness","Thunderclap","Coolheaded","Defragment+1","Headbutt","Clothesline","Sword Boomerang+1","Finisher","Go for the Eyes+1","Fiend Fire+1","Dagger Spray+1","Whirlwind","Shrug It Off+1","Doubt","Madness","Sword Boomerang+1","Reaper","Cold Snap+1","True Grit+1","Finisher+1","PiercingWail+1","Clumsy","Compile Driver","Pain","Force Field+1","Loop+1"],"special_seed":17882,"relics":["Cracked Core","Bottled Tornado","Ancient Tea Set","Gremlin Horn","Girya","Lantern","Cursed Key","Orichalcum","MutagenicStrength","Regal Pillow","Potion Belt","Ornamental Fan","FossilizedHelix","Coffee Dripper","Bottled Lightning","DataDisk","Mummified Hand","Frozen Egg 2"],"potions_floor_usage":[50],"damage_taken":[{"damage":0.0,"enemies":"2 Louse","floor":1.0,"turns":1.0},{"damage":7.0,"enemies":"Jaw Worm","floor":5.0,"turns":2.0},{"damage":13.0,"enemies":"3 Sentries","floor":7.0,"turns":3.0},{"damage":0.0,"enemies":"Small Slimes","floor":8.0,"turns":2.0},{"damage":0.0,"enemies":"Lagavulin","floor":10.0,"turns":5.0},{"damage":6.0,"enemies":"2 Fungi Beasts","floor":11.0,"turns":2.0},{"damage":0.0,"enemies":"Blue Slaver","floor":14.0,"turns":1.0},{"damage":19.0,"enemies":"Hexaghost","floor":16.0,"turns":5.0},{"damage":9.0,"enemies":"Shell Parasite","floor":18.0,"turns":2.0},{"damage":26.0,"enemies":"Slavers","floor":23.0,"turns":2.0},{"damage":0.0,"enemies":"Chosen","floor":29.0,"turns":1.0},{"damage":0.0,"enemies":"Centurion and Healer","floor":30.0,"turns":1.0},{"damage":0.0,"enemies":"Gremlin Leader","floor":31.0,"turns":1.0},{"damage":15.0,"enemies":"Champ","floor":33.0,"turns":5.0},{"damage":0.0,"enemies":"3 Darklings","floor":35.0,"turns":1.0},{"damage":0.0,"enemies":"3 Shapes","floor":36.0,"turns":5.0},{"damage":0,"enemies":"Spire Growth","floor":37,"turns":2},{"damage":5,"enemies":"Jaw Worm Horde","floor":38,"turns":3},{"damage":0,"enemies":"Sphere and 2 Shapes","floor":41,"turns":2},{"damage":0,"enemies":"Giant Head","floor":42,"turns":6},{"damage":0,"enemies":"Spire Growth","floor":46,"turns":3},{"damage":0,"enemies":"Reptomancer","floor":48,"turns":2},{"damage":12,"enemies":"Time Eater","floor":50,"turns":9}],"seed_played":"-6342804351849904112","potions_obtained":[{"floor":1.0,"key":"Ancient Potion"},{"floor":8.0,"key":"Dexterity Potion"},{"floor":14.0,"key":"Poison Potion"},{"floor":31.0,"key":"Ancient Potion"},{"floor":33.0,"key":"Strength Potion"}],"is_trial":false,"path_per_floor":["M","$","?","T","M","R","E","M","T","E","M","?","R","M","R","B",null,"M","$","?","?","?","E","T","R","T","R","$","M","M","E","R","B",null,"M","M","M","M","T","R","M","E","T","?","R","M","R","E","R","B",null],"character_chosen":"DEFECT","items_purchased":["Defragment","Headbutt","Orichalcum","Whirlwind","Madness"],"campfire_rested":0,"item_purchase_floors":[2,2,19,19,28],"current_hp_per_floor":[75,75,75,75,68,68,55,55,55,55,49,42,42,42,42,23,75,66,66,66,66,66,40,40,40,40,40,40,40,40,40,40,25,75,75,75,75,75,75,75,75,75,75,75,75,75,75,75,75,70],"gold":370,"neow_bonus":"","is_prod":false,"is_daily":true,"chose_seed":false,"campfire_upgraded":7,"win_rate":0,"timestamp":1545066268,"path_taken":["M","$","?","?","M","R","E","M","T","E","M","?","R","M","R","BOSS","M","$","?","?","?","E","?","R","T","R","$","M","?","E","R","BOSS","M","M","M","?","?","R","M","E","T","?","R","?","R","E","R","BOSS"],"build_version":"2018-12-13","purchased_purges":1,"victory":true,"max_hp_per_floor":[75,75,75,75,75,75,75,75,75,75,75,75,75,75,75,75,75,75,75,75,75,75,75,75,75,75,75,75,75,75,75,75,75,75,75,75,75,75,75,75,75,75,75,75,75,75,75,75,75,75],"card_choices":[{"not_picked":["Rebound","Deflect"],"picked":"Coolheaded","floor":1.0},{"not_picked":["Deadly Poison","Perfected Strike"],"picked":"Clothesline","floor":5.0},{"not_picked":["Clothesline","Carnage","Masterful Stab"],"picked":"SKIP","floor":7.0},{"not_picked":["Calculated Gamble","Choke"],"picked":"Sword Boomerang","floor":8.0},{"not_picked":["Body Slam","Flying Knee"],"picked":"Finisher","floor":10.0},{"not_picked":["Coolheaded","Quick Slash"],"picked":"Go for the Eyes","floor":11.0},{"not_picked":["Twin Strike","Anger","Machine Learning"],"picked":"SKIP","floor":14.0},{"not_picked":["Bludgeon","Meteor Strike"],"picked":"Fiend Fire","floor":16.0},{"not_picked":["Dual Wield","Sweeping Beam"],"picked":"Dagger Spray+1","floor":18.0},{"not_picked":["Meteor Strike","Flying Knee"],"picked":"Shrug It Off+1","floor":23.0},{"not_picked":["Flying Knee","Flex","Clash+1"],"picked":"SKIP","floor":29.0},{"not_picked":["Go for the Eyes","Barrage","Dropkick"],"picked":"SKIP","floor":30.0},{"not_picked":["Barricade","Barrage"],"picked":"Sword Boomerang","floor":31.0},{"not_picked":["Machine Learning","Envenom"],"picked":"Reaper","floor":33.0},{"not_picked":["Iron Wave","Streamline"],"picked":"Cold Snap+1","floor":35.0},{"not_picked":["Dagger Throw+1","Reprogram+1"],"picked":"True Grit+1","floor":36.0},{"not_picked":["Accuracy+1","Conserve Battery"],"picked":"Finisher+1","floor":37},{"not_picked":["All Out Attack+1","Dodge and Roll"],"picked":"PiercingWail+1","floor":38},{"not_picked":["Leg Sweep","Stack+1"],"picked":"Compile Driver","floor":41},{"not_picked":["Calculated Gamble+1","Undo+1","Sweeping Beam+1"],"picked":"SKIP","floor":42},{"not_picked":["Ball Lightning","Immolate"],"picked":"Force Field+1","floor":46},{"not_picked":["Iron Wave","Acrobatics+1"],"picked":"Loop+1","floor":48}],"player_experience":1798478,"relics_obtained":[{"floor":4.0,"key":"Bottled Tornado"},{"floor":7.0,"key":"Ancient Tea Set"},{"floor":9.0,"key":"Gremlin Horn"},{"floor":10.0,"key":"Girya"},{"floor":23.0,"key":"Regal Pillow"},{"floor":24.0,"key":"Potion Belt"},{"floor":26.0,"key":"Ornamental Fan"},{"floor":31.0,"key":"FossilizedHelix"},{"floor":39,"key":"Bottled Lightning"},{"floor":42,"key":"DataDisk"},{"floor":43,"key":"Mummified Hand"},{"floor":48,"key":"Frozen Egg 2"}],"event_choices":[{"damage_healed":0.0,"max_hp_gain":0.0,"max_hp_loss":0.0,"gold_gain":74.0,"event_name":"Golden Wing","player_choice":"Gained Gold","floor":3.0,"gold_loss":0.0,"damage_taken":0.0},{"damage_healed":0.0,"max_hp_gain":0.0,"max_hp_loss":0.0,"gold_gain":0.0,"event_name":"Scrap Ooze","player_choice":"Success","floor":12.0,"gold_loss":0.0,"damage_taken":7.0,"relics_obtained":["Lantern"]},{"damage_healed":0.0,"max_hp_gain":0.0,"max_hp_loss":0.0,"gold_gain":0.0,"event_name":"Ghosts","player_choice":"Ignored","floor":20.0,"gold_loss":0.0,"damage_taken":0.0},{"damage_healed":0.0,"max_hp_gain":0.0,"max_hp_loss":0.0,"gold_gain":0.0,"event_name":"Back to Basics","player_choice":"Simplicity","floor":21.0,"gold_loss":0.0,"damage_taken":0.0,"cards_upgraded":[]},{"damage_healed":0.0,"max_hp_gain":0.0,"max_hp_loss":0.0,"gold_gain":0.0,"event_name":"Drug Dealer","player_choice":"Inject Mutagens","floor":22.0,"gold_loss":0.0,"damage_taken":0.0,"relics_obtained":["MutagenicStrength"]},{"damage_healed":0,"gold_gain":0,"player_choice":"Bought 0 Potions","damage_taken":0,"max_hp_gain":0,"max_hp_loss":0,"event_name":"The Woman in Blue","floor":44,"gold_loss":0}],"is_beta":false,"boss_relics":[{"not_picked":["Snecko Eye","Empty Cage"],"picked":"Cursed Key"},{"not_picked":["Runic Dome","Velvet Choker"],"picked":"Coffee Dripper"}],"items_purged_floors":[28],"is_endless":false,"potions_floor_spawned":[1,8,14,16,23,31,33,37,41,48],"ascension_level":0}