{"gold_per_floor":[115,133,133,147,160,160,174,198,221,221,260,225,240,255,255,255],"floor_reached":16,"playtime":773,"items_purged":[],"score":170,"play_id":"c8b16acb-6ef1-465c-8da0-fa0b6e9b40d4","local_time":"20180714115314","is_ascension_mode":true,"campfire_choices":[{"floor":6,"key":"REST"},{"floor":10,"key":"REST"},{"floor":15,"key":"REST"}],"neow_cost":"NONE","seed_source_timestamp":47331271348272,"circlet_count":0,"master_deck":["Strike_B","Strike_B","Strike_B","Strike_B","Defend_B","Defend_B","Defend_B","Defend_B","Zap+1","Dualcast","AscendersBane","Streamline","Coolheaded","Blizzard","Consume","Compile Driver","Leap"],"relics":["Cracked Core","Golden Idol","DataDisk","The Courier"],"potions_floor_usage":[16,16],"damage_taken":[{"damage":6,"enemies":"Cultist","floor":1,"turns":3},{"damage":0,"enemies":"Small Slimes","floor":2,"turns":2},{"damage":3,"enemies":"2 Louse","floor":4,"turns":2},{"damage":17,"enemies":"2 Fungi Beasts","floor":5,"turns":3},{"damage":17,"enemies":"3 Louse","floor":7,"turns":3},{"damage":10,"enemies":"Exordium Wildlife","floor":8,"turns":4},{"damage":29,"enemies":"Lagavulin","floor":11,"turns":6},{"damage":10,"enemies":"Exordium Thugs","floor":13,"turns":4},{"damage":12,"enemies":"Red Slaver","floor":14,"turns":3},{"damage":30,"enemies":"Slime Boss","floor":16,"turns":11}],"seed_played":"-452228241625650408","potions_obtained":[{"floor":1,"key":"LiquidBronze"},{"floor":5,"key":"SpeedPotion"},{"floor":14,"key":"EssenceOfSteel"}],"is_trial":false,"path_per_floor":["M","M","?","M","M","R","M","M","T","R","E","?","M","M","R"],"character_chosen":"DEFECT","items_purchased":[],"campfire_rested":3,"item_purchase_floors":[],"current_hp_per_floor":[62,62,44,41,24,46,29,19,19,41,12,30,20,8,30,0],"gold":255,"neow_bonus":"UPGRADE_CARD","is_prod":false,"is_daily":false,"chose_seed":false,"campfire_upgraded":0,"win_rate":0,"timestamp":1531583594,"path_taken":["M","?","?","M","M","R","M","M","T","R","E","?","?","?","R","BOSS"],"build_version":"2018-07-12","purchased_purges":0,"victory":false,"max_hp_per_floor":[75,75,75,75,75,75,75,75,75,75,75,75,75,75,75,75],"card_choices":[{"not_picked":["Auto Shields","Barrage"],"picked":"Streamline","floor":1},{"not_picked":["Conserve Battery","Double Energy","Steam"],"picked":"SKIP","floor":2},{"not_picked":["Turbo","Rebound"],"picked":"Coolheaded","floor":4},{"not_picked":["Ball Lightning","Turbo","Tempest"],"picked":"SKIP","floor":5},{"not_picked":["Genetic Algorithm","Static Discharge"],"picked":"Blizzard","floor":7},{"not_picked":["Rebound","Barrage"],"picked":"Consume","floor":8},{"not_picked":["Fusion","Tempest"],"picked":"Compile Driver","floor":11},{"not_picked":["Rebound","Force Field","Heatsinks"],"picked":"SKIP","floor":13},{"not_picked":["Barrage","Redo"],"picked":"Leap","floor":14}],"player_experience":1094047,"relics_obtained":[{"floor":9,"key":"DataDisk"},{"floor":11,"key":"The Courier"}],"event_choices":[{"event_name":"Golden Idol","player_choice":"Take Damage","floor":3,"damage_taken":0},{"event_name":"The Cleric","player_choice":"Healed","floor":12,"damage_taken":0}],"boss_relics":[],"items_purged_floors":[],"is_endless":false,"potions_floor_spawned":[1,5,8,14],"killed_by":"Slime Boss","ascension_level":12}