{"gold_per_floor":[15,29,40,53,66,101,101,131,184,202,167,183,198,35,35,132,132,151,163,175,175,190,190,72,72,98,23,43,43,61,61,61,164,164,180,180,198,208,218,218,218,235,235,235,255,255,273,14,14,14],"floor_reached":50,"playtime":1800,"items_purged":[],"score":578,"play_id":"4260fc44-da69-4ae2-ae4f-19d1dc1d29c7","local_time":"20181118234202","is_ascension_mode":true,"campfire_choices":[{"data":"Beam Cell","floor":7,"key":"SMITH"},{"data":"Mayhem","floor":15,"key":"SMITH"},{"floor":23,"key":"REST"},{"floor":25,"key":"REST"},{"floor":32,"key":"REST"},{"floor":40,"key":"REST"},{"floor":44,"key":"REST"},{"floor":46,"key":"REST"},{"floor":49,"key":"REST"}],"neow_cost":"NO_GOLD","seed_source_timestamp":447500327483569,"circlet_count":0,"master_deck":["Strike_B+1","Strike_B+1","Strike_B+1","Strike_B+1","Defend_B+1","Defend_B+1","Defend_B+1","Defend_B+1","Dualcast","Beam Cell+1","Compile Driver","Leap","Glacier","Go for the Eyes","Static Discharge","Aggregate","Sweeping Beam","White Noise","Mayhem+1","Electrodynamics","Redo+1","Cold Snap","BootSequence+1","Defragment","Doom and Gloom+1","Echo Form","Defragment","Undo+1","BootSequence","Streamline+1","Melter+1"],"relics":["Cracked Core","Lantern","PreservedInsect","Centennial Puzzle","Sozu","Tiny Chest","Smiling Mask","Regal Pillow","Mummified Hand","Sundial"],"potions_floor_usage":[16,18,20],"damage_taken":[{"damage":2,"enemies":"Jaw Worm","floor":1,"turns":4},{"damage":0,"enemies":"Cultist","floor":2,"turns":2},{"damage":7,"enemies":"Small Slimes","floor":3,"turns":2},{"damage":7,"enemies":"Looter","floor":4,"turns":4},{"damage":0,"enemies":"2 Fungi Beasts","floor":5,"turns":3},{"damage":10,"enemies":"Gremlin Nob","floor":6,"turns":3},{"damage":5,"enemies":"3 Sentries","floor":8,"turns":7},{"damage":10,"enemies":"Gremlin Gang","floor":10,"turns":5},{"damage":0,"enemies":"Looter","floor":12,"turns":2},{"damage":4,"enemies":"Red Slaver","floor":13,"turns":3},{"damage":19,"enemies":"Hexaghost","floor":16,"turns":9},{"damage":6,"enemies":"2 Thieves","floor":18,"turns":3},{"damage":0,"enemies":"Spheric Guardian","floor":19,"turns":3},{"damage":30,"enemies":"Shelled Parasite and Fungi","floor":20,"turns":5},{"damage":15,"enemies":"Snake Plant","floor":22,"turns":4},{"damage":5,"enemies":"Chosen and Byrds","floor":28,"turns":4},{"damage":13,"enemies":"Snecko","floor":30,"turns":5},{"damage":54,"enemies":"Collector","floor":33,"turns":9},{"damage":7,"enemies":"3 Shapes","floor":35,"turns":5},{"damage":18,"enemies":"3 Darklings","floor":37,"turns":5},{"damage":11,"enemies":"4 Shapes","floor":38,"turns":3},{"damage":33,"enemies":"Maw","floor":39,"turns":8},{"damage":40,"enemies":"3 Darklings","floor":42,"turns":5},{"damage":7,"enemies":"Jaw Worm Horde","floor":45,"turns":5},{"damage":29,"enemies":"Writhing Mass","floor":47,"turns":10},{"damage":95,"enemies":"Time Eater","floor":50,"turns":7}],"seed_played":"5188714422282054479","potions_obtained":[{"floor":2,"key":"Energy Potion"},{"floor":4,"key":"SkillPotion"},{"floor":5,"key":"Dexterity Potion"},{"floor":13,"key":"Block Potion"}],"is_trial":false,"path_per_floor":["M","M","M","M","M","E","R","E","T","M","?","M","M","$","R","B",null,"M","M","M","?","M","R","$","R","T","$","M","?","M","T","R","B",null,"M","?","M","M","M","R","?","M","T","R","M","R","M","$","R","B"],"character_chosen":"DEFECT","items_purchased":["Mayhem","Tiny Chest","Defragment","Sundial"],"campfire_rested":7,"item_purchase_floors":[14,24,27,48],"current_hp_per_floor":[87,87,80,73,73,63,63,58,58,48,70,70,66,66,66,47,79,73,73,43,43,28,54,54,80,80,80,75,75,62,62,89,35,76,69,69,51,40,7,48,48,8,8,49,42,83,54,54,89,0],"gold":14,"neow_bonus":"TWENTY_PERCENT_HP_BONUS","is_prod":false,"is_daily":false,"chose_seed":false,"campfire_upgraded":2,"win_rate":0,"timestamp":1542606122,"path_taken":["M","M","M","M","M","E","R","E","T","M","?","M","M","$","R","BOSS","M","M","M","?","M","R","?","R","T","$","M","?","M","?","R","BOSS","M","?","M","?","M","R","?","?","T","R","M","R","M","$","R","BOSS"],"build_version":"2018-11-15","purchased_purges":0,"victory":false,"max_hp_per_floor":[89,89,89,89,89,89,89,89,89,89,89,89,89,89,89,89,89,89,89,89,89,89,89,89,89,89,89,89,89,89,89,89,89,89,89,89,89,89,89,89,89,89,89,89,89,89,89,89,89,89],"card_choices":[{"not_picked":["Sweeping Beam","Turbo"],"picked":"Beam Cell","floor":1},{"not_picked":["Coolheaded","Beam Cell"],"picked":"Compile Driver","floor":2},{"not_picked":["Darkness","Hello World"],"picked":"Leap","floor":3},{"not_picked":["Beam Cell","Reinforced Body"],"picked":"Ball Lightning","floor":4},{"not_picked":["Hologram","Rip and Tear"],"picked":"Glacier","floor":5},{"not_picked":["Glacier","FTL"],"picked":"Go for the Eyes","floor":6},{"not_picked":["Storm","Ball Lightning"],"picked":"Static Discharge","floor":8},{"not_picked":["Leap","Heatsinks"],"picked":"Aggregate","floor":10},{"not_picked":["Hello World","Turbo"],"picked":"Sweeping Beam","floor":12},{"not_picked":["Leap","Force Field"],"picked":"White Noise","floor":13},{"not_picked":["Thunder Strike","Rainbow"],"picked":"Electrodynamics","floor":16},{"not_picked":["Sweeping Beam","Ball Lightning","Coolheaded"],"picked":"SKIP","floor":18},{"not_picked":["Go for the Eyes","Coolheaded"],"picked":"Redo+1","floor":19},{"not_picked":["Steam","Double Energy"],"picked":"Cold Snap","floor":20},{"not_picked":["Aggregate","Meteor Strike"],"picked":"BootSequence+1","floor":22},{"not_picked":["Redo","Ball Lightning","Heatsinks"],"picked":"SKIP","floor":28},{"not_picked":["Chill","Hologram"],"picked":"Doom and Gloom+1","floor":30},{"not_picked":["Thunder Strike","Biased Cognition"],"picked":"Echo Form","floor":33},{"not_picked":["Cold Snap","Storm+1"],"picked":"Defragment","floor":35},{"not_picked":["Ball Lightning+1","Conserve Battery","Genetic Algorithm+1"],"picked":"SKIP","floor":37},{"not_picked":["Double Energy","Consume+1"],"picked":"Undo+1","floor":38},{"not_picked":["Rebound","Recycle","Go for the Eyes+1"],"picked":"SKIP","floor":39},{"not_picked":["Barrage+1","Go for the Eyes","Reprogram+1"],"picked":"SKIP","floor":42},{"not_picked":["Compile Driver+1","Electrodynamics"],"picked":"Streamline+1","floor":45},{"not_picked":["Rebound","Defragment"],"picked":"Melter+1","floor":47}],"player_experience":539237,"relics_obtained":[{"floor":6,"key":"Lantern"},{"floor":8,"key":"PreservedInsect"},{"floor":9,"key":"Centennial Puzzle"},{"floor":26,"key":"Smiling Mask"},{"floor":31,"key":"Regal Pillow"},{"floor":43,"key":"Mummified Hand"}],"event_choices":[{"damage_healed":22,"gold_gain":0,"player_choice":"Healed","damage_taken":0,"max_hp_gain":0,"max_hp_loss":0,"event_name":"The Cleric","floor":11,"gold_loss":35},{"cards_removed":["Zap"],"damage_healed":0,"gold_gain":0,"player_choice":"Card Removal","damage_taken":0,"max_hp_gain":0,"max_hp_loss":0,"event_name":"Wheel of Change","floor":21,"gold_loss":0},{"damage_healed":0,"gold_gain":0,"player_choice":"Simplicity","damage_taken":0,"max_hp_gain":0,"max_hp_loss":0,"event_name":"Back to Basics","floor":29,"gold_loss":0,"cards_upgraded":["Strike_B","Strike_B","Strike_B","Strike_B","Defend_B","Defend_B","Defend_B","Defend_B"]},{"damage_healed":0,"gold_gain":0,"player_choice":"Ignored","damage_taken":0,"max_hp_gain":0,"max_hp_loss":0,"event_name":"SecretPortal","floor":36,"gold_loss":0},{"damage_healed":0,"gold_gain":0,"cards_transformed":["Ball Lightning"],"player_choice":"Transformed","damage_taken":0,"max_hp_gain":0,"max_hp_loss":0,"event_name":"Transmorgrifier","floor":41,"gold_loss":0,"cards_obtained":["BootSequence"]}],"is_beta":true,"boss_relics":[{"not_picked":["Tiny House","Ectoplasm"],"picked":"Sozu"},{"not_picked":["Pandora\u0027s Box","Fusion Hammer","Coffee Dripper"]}],"items_purged_floors":[],"is_endless":false,"potions_floor_spawned":[2,4,5,8,10,13,19,20,22,30,37,42,45],"killed_by":"Time Eater","ascension_level":5}