{"gold_per_floor":[114,127,146,164,179,179,179,179,179,14,89,33,53,64,64,137,137,157,18,29,44,44,44,59,75,75,75,75],"floor_reached":28,"playtime":1296,"items_purged":["Dualcast","Defend_B"],"score":417,"play_id":"cc1cdb52-af45-4654-b8f9-ee028bf2bdac","local_time":"20190210233116","is_ascension_mode":true,"campfire_choices":[{"data":"Zap","floor":6,"key":"SMITH"},{"data":"Consume","floor":8,"key":"SMITH"},{"data":"Barrage","floor":15,"key":"SMITH"},{"data":"Loop","floor":23,"key":"SMITH"},{"floor":27,"key":"REST"}],"neow_cost":"NONE","seed_source_timestamp":1623818857847007,"circlet_count":0,"master_deck":["AscendersBane","Strike_B","Strike_B","Strike_B","Defend_B","Defend_B","Defend_B","Zap+1","Deep Breath","Beam Cell","Cold Snap","Consume+1","Barrage+1","Capacitor","Coolheaded","Self Repair","Fission","Loop+1","Capacitor","Ball Lightning","Ball Lightning"],"relics":["Cracked Core","Meat on the Bone","Sozu"],"potions_floor_usage":[14,18,18],"damage_taken":[{"damage":0,"enemies":"2 Louse","floor":1,"turns":3},{"damage":2,"enemies":"Cultist","floor":2,"turns":4},{"damage":10,"enemies":"Jaw Worm","floor":3,"turns":2},{"damage":1,"enemies":"2 Fungi Beasts","floor":4,"turns":2},{"damage":3,"enemies":"Lots of Slimes","floor":5,"turns":6},{"damage":6,"enemies":"Looter","floor":13,"turns":3},{"damage":4,"enemies":"2 Fungi Beasts","floor":14,"turns":2},{"damage":30,"enemies":"The Guardian","floor":16,"turns":10},{"damage":12,"enemies":"Shell Parasite","floor":18,"turns":5},{"damage":12,"enemies":"Spheric Guardian","floor":20,"turns":6},{"damage":21,"enemies":"Snecko","floor":21,"turns":8},{"damage":8,"enemies":"Centurion and Healer","floor":24,"turns":4},{"damage":25,"enemies":"Shelled Parasite and Fungi","floor":25,"turns":5},{"damage":67,"enemies":"Gremlin Leader","floor":28,"turns":6}],"seed_played":"5000620226181729846","potions_obtained":[{"floor":3,"key":"Swift Potion"},{"floor":13,"key":"AttackPotion"},{"floor":14,"key":"SmokeBomb"},{"floor":16,"key":"Energy Potion"}],"is_trial":false,"path_per_floor":["M","M","M","M","M","R","?","R","T","$","?","$","M","M","R","B",null,"M","$","M","M","?","R","M","M","T","R","E"],"character_chosen":"DEFECT","items_purchased":["Capacitor","Coolheaded","Loop"],"campfire_rested":1,"item_purchase_floors":[10,12,19],"current_hp_per_floor":[64,62,52,51,48,48,48,48,48,48,37,37,43,39,39,28,60,55,55,50,48,48,48,47,41,41,62,0],"gold":75,"neow_bonus":"RANDOM_COLORLESS","is_prod":false,"is_daily":false,"chose_seed":false,"campfire_upgraded":4,"win_rate":0,"timestamp":1549863076,"path_taken":["M","M","M","M","M","R","?","R","T","?","?","$","M","M","R","BOSS","M","$","M","M","?","R","M","M","T","R","E"],"build_version":"2019-02-06","purchased_purges":2,"victory":false,"max_hp_per_floor":[71,71,71,71,71,71,71,71,71,71,71,71,71,71,71,71,71,71,71,71,71,71,71,71,71,71,71,71],"card_choices":[{"not_picked":["Compile Driver","Stack"],"picked":"Beam Cell","floor":1},{"not_picked":["Conserve Battery","Compile Driver"],"picked":"Cold Snap","floor":2},{"not_picked":["Hologram","Turbo","Barrage"],"picked":"SKIP","floor":3},{"not_picked":["Sweeping Beam","Recycle"],"picked":"Consume","floor":4},{"not_picked":["Sweeping Beam","Barrage","Streamline"],"picked":"SKIP","floor":5},{"not_picked":["BootSequence","Hologram"],"picked":"Self Repair","floor":13},{"not_picked":["Redo","Fusion","Go for the Eyes"],"picked":"SKIP","floor":14},{"not_picked":["Creative AI","Hyperbeam"],"picked":"Fission","floor":16},{"not_picked":["Heatsinks+1","Aggregate","Hologram"],"picked":"SKIP","floor":18},{"not_picked":["Gash","Undo+1"],"picked":"Capacitor","floor":20},{"not_picked":["Barrage","Defragment"],"picked":"Ball Lightning","floor":21},{"not_picked":["Consume+1","Stack","Redo"],"picked":"SKIP","floor":24},{"not_picked":["Compile Driver+1","Steam+1"],"picked":"Ball Lightning","floor":25}],"player_experience":803412,"relics_obtained":[{"floor":9,"key":"Meat on the Bone"}],"event_choices":[{"damage_healed":0,"gold_gain":0,"cards_transformed":["Strike_B"],"player_choice":"Transformed","damage_taken":0,"max_hp_gain":0,"max_hp_loss":0,"event_name":"Transmorgrifier","floor":7,"gold_loss":0,"cards_obtained":["Barrage"]},{"damage_healed":0,"gold_gain":75,"player_choice":"Gather Gold","damage_taken":11,"max_hp_gain":0,"max_hp_loss":0,"event_name":"World of Goop","floor":11,"gold_loss":0},{"damage_healed":0,"gold_gain":0,"player_choice":"Ignored","damage_taken":0,"max_hp_gain":0,"max_hp_loss":0,"event_name":"Ghosts","floor":22,"gold_loss":0}],"is_beta":true,"boss_relics":[{"not_picked":["Cursed Key","Orrery"],"picked":"Sozu"}],"items_purged_floors":[10,19],"is_endless":false,"potions_floor_spawned":[3,13,14,16,20,25],"killed_by":"Gremlin Leader","ascension_level":19}