{"gold_per_floor":[111,36,46,46,46,46,62,74,74,74,90,122,122,47,47,125,125,136,150,75,75,94,94,110,110,110,110,129,143,157,170,170,244,244,255,255,274,38,38,38],"floor_reached":40,"playtime":2004,"items_purged":["Strike_B"],"score":766,"play_id":"b2491260-9cab-416f-a08b-beddbe576344","local_time":"20181109133956","is_ascension_mode":true,"campfire_choices":[{"data":"Zap","floor":6,"key":"SMITH"},{"floor":10,"key":"RECALL"},{"floor":13,"key":"REST"},{"data":"Conserve Battery","floor":15,"key":"SMITH"},{"data":"Thunder Strike","floor":23,"key":"SMITH"},{"floor":25,"key":"REST"},{"floor":27,"key":"REST"},{"floor":32,"key":"REST"}],"neow_cost":"NONE","seed_source_timestamp":1161468959733217,"circlet_count":0,"master_deck":["AscendersBane","Defend_B","Defend_B","Defend_B","Zap+1","Dualcast","Echo Form","Ball Lightning","BootSequence","Glacier","Ball Lightning","Cold Snap","Conserve Battery+1","Thunder Strike+1","Biased Cognition","All For One","Ball Lightning","Apotheosis","Conserve Battery"],"relics":["Cracked Core","Singing Bowl","Letter Opener","Omamori","Sozu","Cursed Key"],"potions_floor_usage":[11,11,24],"damage_taken":[{"damage":12,"enemies":"Jaw Worm","floor":1,"turns":4},{"damage":6,"enemies":"Cultist","floor":3,"turns":3},{"damage":0,"enemies":"Small Slimes","floor":7,"turns":3},{"damage":1,"enemies":"2 Fungi Beasts","floor":8,"turns":4},{"damage":6,"enemies":"3 Louse","floor":11,"turns":3},{"damage":31,"enemies":"3 Sentries","floor":12,"turns":6},{"damage":25,"enemies":"Hexaghost","floor":16,"turns":9},{"damage":6,"enemies":"3 Byrds","floor":18,"turns":4},{"damage":14,"enemies":"Chosen","floor":19,"turns":5},{"damage":13,"enemies":"3 Cultists","floor":22,"turns":5},{"damage":18,"enemies":"Chosen and Byrds","floor":24,"turns":6},{"damage":0,"enemies":"Sentry and Sphere","floor":28,"turns":3},{"damage":5,"enemies":"Centurion and Healer","floor":29,"turns":6},{"damage":10,"enemies":"Chosen and Byrds","floor":30,"turns":5},{"damage":12,"enemies":"Cultist and Chosen","floor":31,"turns":7},{"damage":10,"enemies":"Automaton","floor":33,"turns":11},{"damage":20,"enemies":"3 Darklings","floor":35,"turns":5},{"damage":5,"enemies":"3 Shapes","floor":37,"turns":6},{"damage":68,"enemies":"Nemesis","floor":40,"turns":4}],"seed_played":"2986826685817535578","potions_obtained":[{"floor":3,"key":"Poison Potion"},{"floor":7,"key":"Ancient Potion"},{"floor":12,"key":"Explosive Potion"}],"is_trial":false,"path_per_floor":["M","?","M","?","$","R","M","M","T","R","M","E","R","?","R","B",null,"M","M","$","?","M","R","M","R","T","R","M","M","M","M","R","B",null,"M","?","M","$","?","E"],"character_chosen":"DEFECT","items_purchased":["Apotheosis","Conserve Battery"],"campfire_rested":4,"item_purchase_floors":[38,38],"current_hp_per_floor":[52,52,46,46,46,46,46,45,45,45,39,8,29,29,29,4,54,50,38,38,38,27,27,11,34,34,57,59,56,48,38,64,56,81,61,61,58,58,58,0],"gold":38,"neow_bonus":"ONE_RANDOM_RARE_CARD","is_prod":false,"is_daily":false,"chose_seed":false,"campfire_upgraded":3,"win_rate":0,"timestamp":1541792396,"path_taken":["M","?","?","?","$","R","M","M","T","R","M","E","R","?","R","BOSS","M","M","$","?","M","R","M","R","T","R","M","M","M","M","R","BOSS","M","?","M","$","?","E"],"build_version":"2018-11-08","purchased_purges":1,"victory":false,"max_hp_per_floor":[71,71,71,71,71,71,71,71,71,71,71,71,71,71,71,71,71,73,75,75,75,77,77,79,79,79,79,81,83,85,87,87,89,89,89,89,91,91,91,91],"card_choices":[{"not_picked":["Rebound","Coolheaded"],"picked":"Ball Lightning","floor":1},{"not_picked":["Hologram","Stack"],"picked":"BootSequence","floor":3},{"not_picked":["Turbo","Doom and Gloom"],"picked":"Glacier","floor":7},{"not_picked":["Gash","Static Discharge"],"picked":"Ball Lightning","floor":8},{"not_picked":["Melter","Genetic Algorithm"],"picked":"Cold Snap","floor":11},{"not_picked":["Ball Lightning","Streamline"],"picked":"Conserve Battery","floor":12},{"not_picked":["Biased Cognition","Hyperbeam"],"picked":"Thunder Strike","floor":16},{"not_picked":["Coolheaded","Cold Snap","Sunder"],"picked":"Singing Bowl","floor":18},{"not_picked":["Aggregate","Force Field","Consume"],"picked":"Singing Bowl","floor":19},{"not_picked":["Rip and Tear+1","Coolheaded","Compile Driver"],"picked":"Singing Bowl","floor":22},{"not_picked":["Turbo","Blizzard","Streamline"],"picked":"Singing Bowl","floor":24},{"not_picked":["Streamline","Cold Snap","Doom and Gloom"],"picked":"Singing Bowl","floor":28},{"not_picked":["Redo","Aggregate+1","Darkness"],"picked":"Singing Bowl","floor":29},{"not_picked":["Hologram","Hyperbeam","Stack"],"picked":"Singing Bowl","floor":30},{"not_picked":["Barrage","Static Discharge","Chaos"],"picked":"Singing Bowl","floor":31},{"not_picked":["Biased Cognition","Hyperbeam","Amplify"],"picked":"Singing Bowl","floor":33},{"not_picked":["Turbo","Fusion"],"picked":"Ball Lightning","floor":35},{"not_picked":["Steam+1","Beam Cell+1","Go for the Eyes"],"picked":"Singing Bowl","floor":37}],"player_experience":764369,"relics_obtained":[{"floor":9,"key":"Letter Opener"},{"floor":12,"key":"Omamori"}],"event_choices":[{"damage_healed":0,"gold_gain":0,"player_choice":"Paid Gold","damage_taken":0,"relics_obtained":["Singing Bowl"],"max_hp_gain":0,"max_hp_loss":0,"event_name":"WeMeetAgain","floor":2,"gold_loss":75},{"cards_removed":["Strike_B"],"damage_healed":0,"gold_gain":0,"player_choice":"Forget","damage_taken":0,"max_hp_gain":0,"max_hp_loss":0,"event_name":"Living Wall","floor":4,"gold_loss":0},{"cards_removed":["Defend_B"],"damage_healed":0,"gold_gain":0,"player_choice":"Card Removal","damage_taken":0,"max_hp_gain":0,"max_hp_loss":0,"event_name":"The Cleric","floor":14,"gold_loss":75},{"damage_healed":0,"gold_gain":0,"cards_transformed":["Strike_B","Strike_B"],"player_choice":"Became Test Subject","damage_taken":0,"max_hp_gain":0,"max_hp_loss":0,"event_name":"Drug Dealer","floor":21,"gold_loss":0,"cards_obtained":["Biased Cognition","All For One"]},{"damage_healed":0,"gold_gain":0,"player_choice":"Ignored","damage_taken":0,"max_hp_gain":0,"max_hp_loss":0,"event_name":"Tomb of Lord Red Mask","floor":36,"gold_loss":0},{"damage_healed":0,"gold_gain":0,"player_choice":"Ignored","damage_taken":0,"max_hp_gain":0,"max_hp_loss":0,"event_name":"Mysterious Sphere","floor":39,"gold_loss":0}],"is_beta":true,"boss_relics":[{"not_picked":["Pandora\u0027s Box","Lizard Tail"],"picked":"Sozu"},{"not_picked":["Orrery","Tiny House"],"picked":"Cursed Key"}],"items_purged_floors":[20],"is_endless":false,"potions_floor_spawned":[3,7,12,19,22,24,31],"killed_by":"Nemesis","ascension_level":18}