{"gold_per_floor":[117,127,47,63,63,63,63,63,119,119,119,160,181,200,200,299,299,320,333,364,364,364,364,34,34,59,71,101,127,139,151],"floor_reached":31,"playtime":1291,"items_purged":["Strike_G"],"score":516,"play_id":"84d9ae31-d682-4395-94c3-eda88642c6ce","local_time":"20190211170238","is_ascension_mode":true,"campfire_choices":[{"data":"Neutralize","floor":6.0,"key":"SMITH"},{"data":"Panacea","floor":8.0,"key":"SMITH"},{"floor":10.0,"key":"REST"},{"data":"Noxious Fumes","floor":15.0,"key":"SMITH"},{"data":"Calculated Gamble","floor":23.0,"key":"SMITH"},{"data":"Catalyst","floor":25.0,"key":"SMITH"},{"data":"Noxious Fumes","floor":27.0,"key":"SMITH"}],"neow_cost":"CURSE","seed_source_timestamp":234756073962748,"circlet_count":0,"master_deck":["AscendersBane","Defend_G","Defend_G","Defend_G","Defend_G","Defend_G","Strike_G","Strike_G","Survivor","Neutralize+1","Panacea+1","Flash of Steel","Infinite Blades","Leg Sweep","Infinite Blades","Blur","Noxious Fumes+1","Calculated Gamble+1","Heel Hook","Corpse Explosion","PiercingWail","Catalyst+1","Caltrops","Dagger Throw","Corpse Explosion","Noxious Fumes+1","Backflip","Burst"],"special_seed":0,"relics":["Ring of the Snake","Regal Pillow","Tiny Chest","Golden Idol","Matryoshka","Coffee Dripper","Red Mask","Lantern","Frozen Egg 2","MawBank"],"potions_floor_usage":[29,31],"damage_taken":[{"damage":5.0,"enemies":"Small Slimes","floor":1.0,"turns":5.0},{"damage":6.0,"enemies":"2 Louse","floor":2.0,"turns":4.0},{"damage":12.0,"enemies":"Jaw Worm","floor":4.0,"turns":5.0},{"damage":10.0,"enemies":"Lagavulin","floor":12.0,"turns":7.0},{"damage":7.0,"enemies":"Exordium Wildlife","floor":13.0,"turns":6.0},{"damage":1.0,"enemies":"Large Slime","floor":14.0,"turns":7.0},{"damage":22.0,"enemies":"The Guardian","floor":16.0,"turns":11.0},{"damage":1.0,"enemies":"Spheric Guardian","floor":18.0,"turns":7.0},{"damage":4.0,"enemies":"Chosen","floor":19.0,"turns":5.0},{"damage":12.0,"enemies":"Masked Bandits","floor":20.0,"turns":2.0},{"damage":9.0,"enemies":"Snecko","floor":28.0,"turns":6.0},{"damage":0,"enemies":"Centurion and Healer","floor":29,"turns":5},{"damage":14,"enemies":"Chosen and Byrds","floor":31,"turns":5}],"seed_played":"7403719594744141333","potions_obtained":[{"floor":2.0,"key":"Poison Potion"},{"floor":4.0,"key":"Block Potion"},{"floor":13.0,"key":"LiquidBronze"},{"floor":16.0,"key":"Fire Potion"},{"floor":18.0,"key":"GhostInAJar"},{"floor":19.0,"key":"GhostInAJar"},{"floor":29,"key":"Fire Potion"}],"is_trial":false,"path_per_floor":["M","M","$","M","?","R","?","R","T","R","?","E","M","M","R","B",null,"M","M","?","?","?","R","$","R","T","R","M","M","?","M"],"character_chosen":"THE_SILENT","items_purchased":["Infinite Blades","Lantern","Noxious Fumes"],"campfire_rested":1,"item_purchase_floors":[3,24,24],"current_hp_per_floor":[54,48,48,36,29,29,24,24,24,58,58,48,41,40,40,18,50,49,45,33,33,17,17,17,17,17,17,8,8,8,0],"gold":151,"neow_bonus":"RANDOM_COLORLESS_2","is_prod":false,"is_daily":false,"chose_seed":false,"campfire_upgraded":6,"win_rate":0,"timestamp":1549900958,"path_taken":["M","M","$","M","?","R","?","R","T","R","?","E","?","M","R","BOSS","M","M","?","?","?","R","$","R","T","R","M","M","?","M"],"build_version":"2019-01-23","purchased_purges":1,"victory":false,"max_hp_per_floor":[66,66,66,66,66,66,66,66,66,66,60,60,60,60,60,60,60,60,60,60,60,65,65,65,65,65,65,65,65,65,65],"card_choices":[{"not_picked":["Slice","Backflip"],"picked":"Infinite Blades","floor":1.0},{"not_picked":["Cloak And Dagger","Backstab"],"picked":"Leg Sweep","floor":2.0},{"not_picked":["Caltrops","Dagger Spray"],"picked":"Blur","floor":4.0},{"not_picked":["Accuracy","Backflip"],"picked":"Noxious Fumes","floor":12.0},{"not_picked":["Underhanded Strike","Dagger Spray"],"picked":"Calculated Gamble","floor":13.0},{"not_picked":["Outmaneuver","Bane"],"picked":"Heel Hook","floor":14.0},{"not_picked":["A Thousand Cuts","Night Terror"],"picked":"Corpse Explosion","floor":16.0},{"not_picked":["Poisoned Stab","Bane"],"picked":"PiercingWail","floor":18.0},{"not_picked":["Deflect","Crippling Poison+1"],"picked":"Catalyst","floor":19.0},{"not_picked":["Sucker Punch","Finisher"],"picked":"Caltrops","floor":20.0},{"not_picked":["Dagger Spray","Dagger Throw"],"picked":"Backflip","floor":28.0},{"not_picked":["Quick Slash","PiercingWail"],"picked":"Burst","floor":29}],"player_experience":1402344,"relics_obtained":[{"floor":9.0,"key":"Tiny Chest"},{"floor":12.0,"key":"Matryoshka"},{"floor":20.0,"key":"Red Mask"},{"floor":26.0,"key":"Frozen Egg 2"},{"floor":26.0,"key":"MawBank"}],"event_choices":[{"cards_removed":["Writhe"],"damage_healed":0.0,"max_hp_gain":0.0,"max_hp_loss":0.0,"gold_gain":0.0,"event_name":"Golden Wing","player_choice":"Card Removal","floor":5.0,"gold_loss":0.0,"damage_taken":7.0},{"damage_healed":0.0,"max_hp_gain":0.0,"max_hp_loss":0.0,"gold_gain":0.0,"event_name":"Scrap Ooze","player_choice":"Success","floor":7.0,"gold_loss":0.0,"damage_taken":5.0,"relics_obtained":["Regal Pillow"]},{"damage_healed":0.0,"max_hp_gain":0.0,"max_hp_loss":6.0,"gold_gain":0.0,"event_name":"Golden Idol","player_choice":"Lose Max HP","floor":11.0,"gold_loss":0.0,"damage_taken":0.0,"relics_obtained":["Golden Idol"]},{"damage_healed":0.0,"max_hp_gain":0.0,"max_hp_loss":0.0,"gold_gain":0.0,"event_name":"Masked Bandits","player_choice":"Fought Bandits","floor":20.0,"gold_loss":0.0,"damage_taken":0.0},{"damage_healed":0.0,"max_hp_gain":0.0,"max_hp_loss":0.0,"gold_gain":0.0,"cards_transformed":["Strike_G","Strike_G"],"event_name":"Drug Dealer","player_choice":"Became Test Subject","floor":21.0,"gold_loss":0.0,"damage_taken":0.0,"cards_obtained":["Dagger Throw","Corpse Explosion"]},{"damage_healed":0.0,"max_hp_gain":5.0,"max_hp_loss":0.0,"gold_gain":0.0,"event_name":"Forgotten Altar","player_choice":"Shed Blood","floor":22.0,"gold_loss":0.0,"damage_taken":21.0},{"damage_healed":0,"gold_gain":0,"player_choice":"Ignored","damage_taken":0,"max_hp_gain":0,"max_hp_loss":0,"event_name":"Cursed Tome","floor":30,"gold_loss":0}],"is_beta":false,"boss_relics":[{"not_picked":["Ring of the Serpent","Runic Pyramid"],"picked":"Coffee Dripper"}],"items_purged_floors":[24],"is_endless":false,"potions_floor_spawned":[2,4,13,16,18,19,29],"killed_by":"Chosen and Byrds","ascension_level":20}