{"gold_per_floor":[117,132,57,132,112,145,45,59,59,59,20,55,66,82,82,179,179,194,109,127,151,0,0,16,16,16,63,87,99,128,140,152,259,271,298,310,333,412,436,448,470,498,534,596,120,120,270,299,299,299,299,299,51,76,76],"floor_reached":55,"playtime":2418,"items_purged":["Strike_R","Strike_R","Strike_R","Decay","Strike_R"],"score":757,"play_id":"46649f59-ffc2-4e59-aabd-7b419fb0b027","local_time":"20181213104042","is_ascension_mode":false,"campfire_choices":[{"data":"Bash","floor":10.0,"key":"SMITH"},{"floor":15.0,"key":"REST"},{"floor":23.0,"key":"RECALL"},{"data":"Heavy Blade","floor":25.0,"key":"SMITH"},{"floor":29.0,"key":"REST"},{"floor":32.0,"key":"REST"},{"floor":40.0,"key":"REST"},{"floor":46.0,"key":"REST"},{"floor":49.0,"key":"REST"},{"data":"Metallicize","floor":52.0,"key":"SMITH"}],"neow_cost":"NONE","seed_source_timestamp":51671896834408,"circlet_count":0,"master_deck":["Strike_R+1","Defend_R","Defend_R","Defend_R","Defend_R","Bash+1","Uppercut+1","Inflame","Disarm","Second Wind","Carnage","Iron Wave","Metallicize+1","Demon Form","Demon Form","Heavy Blade+1","Shrug It Off+1","Iron Wave","Limit Break+1","Armaments+1","Flame Barrier+1","Warcry+1","Double Tap+1","Thunderclap+1","Sword Boomerang","Feel No Pain+1","Headbutt+1","Whirlwind","True Grit+1","Inflame+1","Inflame","Power Through+1","Metallicize+1"],"special_seed":0,"relics":["Burning Blood","Pen Nib","Bronze Scales","Toxic Egg 2","Kunai","Sozu","Oddly Smooth Stone","MawBank","Red Skull","Eternal Feather","SsserpentHead","Whetstone","Vajra","ClockworkSouvenir","Bird Faced Urn","Torii","Shuriken"],"potions_floor_usage":[],"damage_taken":[{"damage":10.0,"enemies":"Small Slimes","floor":1.0,"turns":4.0},{"damage":0.0,"enemies":"Cultist","floor":2.0,"turns":3.0},{"damage":21.0,"enemies":"3 Sentries","floor":6.0,"turns":6.0},{"damage":3.0,"enemies":"Jaw Worm","floor":8.0,"turns":3.0},{"damage":15.0,"enemies":"Gremlin Nob","floor":12.0,"turns":4.0},{"damage":1.0,"enemies":"3 Louse","floor":13.0,"turns":3.0},{"damage":9.0,"enemies":"2 Fungi Beasts","floor":14.0,"turns":4.0},{"damage":37.0,"enemies":"Hexaghost","floor":16.0,"turns":9.0},{"damage":16.0,"enemies":"Spheric Guardian","floor":18.0,"turns":5.0},{"damage":15.0,"enemies":"3 Byrds","floor":20.0,"turns":3.0},{"damage":17.0,"enemies":"Cultist and Chosen","floor":24.0,"turns":6.0},{"damage":38.0,"enemies":"Slavers","floor":27.0,"turns":6.0},{"damage":8.0,"enemies":"Snake Plant","floor":28.0,"turns":4.0},{"damage":16.0,"enemies":"Shelled Parasite and Fungi","floor":30.0,"turns":4.0},{"damage":29.0,"enemies":"Champ","floor":33.0,"turns":9.0},{"damage":26.0,"enemies":"3 Darklings","floor":35.0,"turns":6.0},{"damage":33.0,"enemies":"3 Shapes","floor":37.0,"turns":4.0},{"damage":15.0,"enemies":"Maw","floor":38.0,"turns":7.0},{"damage":19.0,"enemies":"Writhing Mass","floor":39.0,"turns":4.0},{"damage":27.0,"enemies":"Transient","floor":41.0,"turns":5.0},{"damage":0.0,"enemies":"Maw","floor":42.0,"turns":5.0},{"damage":19.0,"enemies":"Mind Bloom Boss Battle","floor":47.0,"turns":5.0},{"damage":35.0,"enemies":"Giant Head","floor":48.0,"turns":6.0},{"damage":80.0,"enemies":"Donu and Deca","floor":50.0,"turns":7.0},{"damage":49.0,"enemies":"Shield and Spear","floor":54.0,"turns":6.0},{"damage":63,"enemies":"The Heart","floor":55,"turns":5}],"seed_played":"7434965541653432564","potions_obtained":[{"floor":1.0,"key":"Swift Potion"},{"floor":2.0,"key":"PowerPotion"},{"floor":5.0,"key":"FearPotion"},{"floor":6.0,"key":"FearPotion"},{"floor":14.0,"key":"Fire Potion"}],"is_trial":false,"path_per_floor":["M","M","$","?","?","E","$","M","T","R","$","E","M","M","R","B",null,"M","?","M","T","$","R","M","R","T","E","M","R","M","?","R","B",null,"M","?","M","M","M","R","M","M","T","?","$","R","?","E","R","B",null,"R","$","E","B"],"character_chosen":"IRONCLAD","items_purchased":["Carnage","Iron Wave","Vajra","ClockworkSouvenir","True Grit+1","Power Through+1"],"campfire_rested":6,"item_purchase_floors":[11,22,45,45,45,53],"current_hp_per_floor":[76,80,80,69,69,54,54,57,57,57,57,48,53,50,74,43,80,70,70,61,61,61,61,50,50,50,18,16,40,30,56,80,57,80,60,60,33,24,11,50,29,35,35,35,35,77,64,43,80,16,80,80,80,41,0],"gold":76,"neow_bonus":"RANDOM_COMMON_RELIC","is_prod":false,"is_daily":false,"chose_seed":false,"campfire_upgraded":3,"win_rate":0,"timestamp":1544715642,"path_taken":["M","M","$","?","?","E","$","M","T","R","$","E","?","M","R","BOSS","M","?","M","?","$","R","M","R","T","E","M","R","M","?","R","BOSS","M","?","M","?","M","R","M","M","T","?","?","R","?","E","R","BOSS","R","$","E","BOSS"],"build_version":"2018-12-06","purchased_purges":5,"victory":false,"max_hp_per_floor":[80,80,80,80,80,80,80,80,80,80,80,80,80,80,80,80,80,80,80,80,80,80,80,80,80,80,80,80,80,80,80,80,80,80,80,80,80,80,80,80,80,80,80,80,80,80,80,80,80,80,80,80,80,80,80],"card_choices":[{"not_picked":["Sentinel","Anger"],"picked":"Uppercut","floor":1.0},{"not_picked":["Cleave","Burning Pact"],"picked":"Inflame","floor":2.0},{"not_picked":["Whirlwind","Heavy Blade"],"picked":"Disarm","floor":6.0},{"not_picked":["Pommel Strike","Carnage"],"picked":"Second Wind","floor":8.0},{"not_picked":["Combust","Carnage"],"picked":"Iron Wave","floor":12.0},{"not_picked":["Wild Strike","Clothesline"],"picked":"Metallicize","floor":13.0},{"not_picked":["Heavy Blade","Infernal Blade+1"],"picked":"Demon Form","floor":14.0},{"not_picked":["Bludgeon","Impervious+1"],"picked":"Demon Form","floor":16.0},{"not_picked":["Hemokinesis","Pommel Strike+1"],"picked":"Heavy Blade","floor":18.0},{"not_picked":["Evolve","Fire Breathing"],"picked":"Shrug It Off+1","floor":20.0},{"not_picked":["Anger","Inflame"],"picked":"Limit Break+1","floor":24.0},{"not_picked":["Sentinel+1","Searing Blow"],"picked":"Armaments+1","floor":27.0},{"not_picked":["Shrug It Off+1","Havoc+1"],"picked":"Flame Barrier+1","floor":28.0},{"not_picked":["Cleave","Anger"],"picked":"Warcry+1","floor":30.0},{"not_picked":["Bludgeon","Feed"],"picked":"Double Tap+1","floor":33.0},{"not_picked":["Pommel Strike","Anger+1"],"picked":"Thunderclap+1","floor":35.0},{"not_picked":["Wild Strike+1","Warcry+1"],"picked":"Sword Boomerang","floor":37.0},{"not_picked":["Flex+1","Bloodletting+1","Clash+1"],"picked":"SKIP","floor":38.0},{"not_picked":["Armaments+1","Pommel Strike+1"],"picked":"Feel No Pain+1","floor":39.0},{"not_picked":["Combust+1","Cleave+1"],"picked":"Headbutt+1","floor":41.0},{"not_picked":["Flex+1","Wild Strike"],"picked":"Whirlwind","floor":42.0},{"not_picked":["Twin Strike","Sever Soul+1"],"picked":"Inflame+1","floor":47.0},{"not_picked":["Evolve","Warcry+1"],"picked":"Inflame","floor":48.0},{"not_picked":["True Grit+1","Infernal Blade+1"],"picked":"Metallicize+1","floor":54.0}],"player_experience":1879907,"relics_obtained":[{"floor":6.0,"key":"Bronze Scales"},{"floor":9.0,"key":"Toxic Egg 2"},{"floor":12.0,"key":"Kunai"},{"floor":26.0,"key":"MawBank"},{"floor":27.0,"key":"Red Skull"},{"floor":43.0,"key":"Whetstone"},{"floor":47.0,"key":"Bird Faced Urn"},{"floor":48.0,"key":"Torii"},{"floor":54.0,"key":"Shuriken"}],"event_choices":[{"damage_healed":0.0,"max_hp_gain":0.0,"max_hp_loss":0.0,"gold_gain":75.0,"event_name":"World of Goop","player_choice":"Gather Gold","floor":4.0,"gold_loss":0.0,"damage_taken":11.0},{"damage_healed":0.0,"max_hp_gain":0.0,"max_hp_loss":0.0,"gold_gain":0.0,"event_name":"The Woman in Blue","player_choice":"Bought 1 Potion","floor":5.0,"gold_loss":0.0,"damage_taken":0.0},{"damage_healed":0.0,"max_hp_gain":0.0,"max_hp_loss":0.0,"gold_gain":0.0,"event_name":"Addict","player_choice":"Obtained Relic","floor":19.0,"gold_loss":85.0,"damage_taken":0.0,"relics_obtained":["Oddly Smooth Stone"]},{"damage_healed":26.0,"max_hp_gain":0.0,"max_hp_loss":0.0,"gold_gain":0.0,"event_name":"The Library","player_choice":"Heal","floor":31.0,"gold_loss":0.0,"damage_taken":0.0},{"damage_healed":0.0,"max_hp_gain":0.0,"max_hp_loss":0.0,"gold_gain":0.0,"event_name":"FaceTrader","player_choice":"Trade","floor":36.0,"gold_loss":0.0,"damage_taken":0.0,"relics_obtained":["SsserpentHead"]},{"damage_healed":0.0,"max_hp_gain":0.0,"max_hp_loss":0.0,"gold_gain":0.0,"event_name":"Wheel of Change","player_choice":"Cursed","floor":44.0,"gold_loss":0.0,"damage_taken":0.0,"cards_obtained":["Decay"]},{"damage_healed":0.0,"max_hp_gain":0.0,"max_hp_loss":0.0,"gold_gain":0.0,"event_name":"MindBloom","player_choice":"Fight","floor":47.0,"gold_loss":0.0,"damage_taken":0.0}],"is_beta":false,"boss_relics":[{"not_picked":["Runic Cube","Runic Dome"],"picked":"Sozu"},{"not_picked":["Coffee Dripper","Tiny House"],"picked":"Eternal Feather"}],"items_purged_floors":[3,7,22,45,53],"is_endless":false,"potions_floor_spawned":[1,2,6,14,20,24,37,42,48,54],"killed_by":"The Heart","ascension_level":0}