{"gold_per_floor":[115,115,115,135,210,245,245,255,280,292,309,309,309,323,323,448,448,462,84,102,123,136,136,136,136,136,174,174,188,223,244,244,368,368,388,388,65,78,78,114,127,127],"floor_reached":42,"playtime":5629,"items_purged":[],"score":520,"play_id":"62bc4d44-d983-426d-9c73-8964ee24e5f3","local_time":"20180707191852","is_ascension_mode":false,"campfire_choices":[{"floor":7,"key":"REST"},{"data":"Caltrops","floor":12,"key":"SMITH"},{"floor":15,"key":"REST"},{"data":"Transmutation","floor":23,"key":"SMITH"},{"data":"Phantasmal Killer","floor":25,"key":"SMITH"},{"data":"Skewer","floor":32,"key":"SMITH"}],"neow_cost":"NONE","seed_source_timestamp":30711344241935,"circlet_count":0,"master_deck":["Defend_G","Defend_G","Defend_G","Defend_G","Defend_G","Strike_G","Strike_G","Strike_G","Strike_G","Survivor","Neutralize","Caltrops+1","PiercingWail","Sucker Punch","Leg Sweep","Slice","Escape Plan","Dagger Throw","Phantasmal Killer+1","PiercingWail+1","Underhanded Strike","Outmaneuver","Transmutation+1","Caltrops","Outmaneuver","Die Die Die","Caltrops+1","Dagger Throw","Injury","Prepared","Expertise","Skewer+1","Venomology","Deflect+1","Outmaneuver","Crippling Poison","Reflex","Underhanded Strike","A Thousand Cuts"],"relics":["Runic Pyramid","Strawberry","Golden Idol","Coffee Dripper","Nloth\u0027s Gift","Mummified Hand","Tough Bandages","Happy Flower","Cursed Key","TwistedFunnel","SsserpentHead","Orichalcum"],"potions_floor_usage":[21,27,30,30,33,33,40,40,40,40,42],"damage_taken":[{"damage":0,"enemies":"Jaw Worm","floor":1,"turns":4},{"damage":0,"enemies":"Cultist","floor":4,"turns":4},{"damage":45,"enemies":"Lagavulin","floor":6,"turns":13},{"damage":0,"enemies":"Small Slimes","floor":8,"turns":4},{"damage":0,"enemies":"Blue Slaver","floor":10,"turns":6},{"damage":3,"enemies":"3 Louse","floor":11,"turns":5},{"damage":2,"enemies":"Looter","floor":14,"turns":4},{"damage":10,"enemies":"Hexaghost","floor":16,"turns":12},{"damage":0,"enemies":"Shell Parasite","floor":18,"turns":5},{"damage":0,"enemies":"Chosen","floor":20,"turns":8},{"damage":18,"enemies":"Sentry and Sphere","floor":21,"turns":9},{"damage":0,"enemies":"Snake Plant","floor":22,"turns":5},{"damage":0,"enemies":"Gremlin Leader","floor":27,"turns":3},{"damage":11,"enemies":"Centurion and Healer","floor":29,"turns":7},{"damage":1,"enemies":"Slavers","floor":30,"turns":6},{"damage":14,"enemies":"Snecko","floor":31,"turns":5},{"damage":23,"enemies":"Collector","floor":33,"turns":9},{"damage":12,"enemies":"3 Darklings","floor":35,"turns":5},{"damage":18,"enemies":"Orb Walker","floor":38,"turns":4},{"damage":44,"enemies":"2 Orb Walkers","floor":40,"turns":6},{"damage":0,"enemies":"Maw","floor":41,"turns":8}],"seed_played":"2106869437834092665","potions_obtained":[{"floor":4,"key":"Strength Potion"},{"floor":8,"key":"SpeedPotion"},{"floor":10,"key":"GhostInAJar"},{"floor":11,"key":"GhostInAJar"},{"floor":20,"key":"SteroidPotion"},{"floor":22,"key":"PowerPotion"},{"floor":30,"key":"Explosive Potion"},{"floor":31,"key":"Dexterity Potion"},{"floor":36,"key":"Weak Potion"},{"floor":36,"key":"Poison Potion"},{"floor":36,"key":"Ancient Potion"},{"floor":38,"key":"GamblersBrew"},{"floor":40,"key":"SpeedPotion"}],"is_trial":false,"path_per_floor":["M","?","?","M","?","E","R","M","T","M","M","R","?","M","R","B",null,"M","$","M","M","M","R","?","R","T","E","?","M","E","M","R","B",null,"M","?","$","M","?","E","M"],"character_chosen":"THE_SILENT","items_purchased":["Underhanded Strike","Outmaneuver","Transmutation","Caltrops","TwistedFunnel","Outmaneuver","Crippling Poison"],"campfire_rested":2,"item_purchase_floors":[19,19,19,19,37,37,37],"current_hp_per_floor":[70,70,63,63,52,14,37,37,37,37,34,34,34,32,53,43,71,71,71,71,53,53,53,53,53,53,53,53,48,47,33,33,16,71,59,59,59,47,47,3,3,0],"gold":127,"neow_bonus":"BOSS_RELIC","is_prod":false,"is_daily":false,"chose_seed":false,"campfire_upgraded":4,"win_rate":0.0,"timestamp":1530956932,"path_taken":["M","?","?","M","?","E","R","M","T","M","?","R","?","M","R","BOSS","M","$","M","?","M","R","?","R","T","E","?","?","E","M","R","BOSS","M","?","$","M","?","E","M","M"],"build_version":"2018-07-05","purchased_purges":0,"victory":false,"max_hp_per_floor":[70,70,70,70,70,77,77,77,77,77,77,77,71,71,71,71,71,71,71,71,71,71,71,71,71,71,71,71,71,71,71,71,71,71,71,71,71,71,71,71,71,71],"card_choices":[{"not_picked":["Dagger Throw","Blade Dance"],"picked":"Caltrops","floor":1},{"not_picked":["All Out Attack","Quick Slash"],"picked":"PiercingWail","floor":4},{"not_picked":["Bane","Quick Slash"],"picked":"Sucker Punch","floor":6},{"not_picked":["Doppelganger","Malaise"],"picked":"Leg Sweep","floor":8},{"not_picked":["Dagger Spray","Deadly Poison"],"picked":"Slice","floor":10},{"not_picked":["Acrobatics","Flying Knee"],"picked":"Escape Plan","floor":11},{"not_picked":["Backflip","Underhanded Strike"],"picked":"Dagger Throw","floor":14},{"not_picked":["Tools of the Trade","Tactician"],"picked":"Phantasmal Killer","floor":16},{"not_picked":["Dagger Throw+1","Prepared+1"],"picked":"PiercingWail+1","floor":18},{"not_picked":["Bane","Prepared"],"picked":"Outmaneuver","floor":20},{"not_picked":["Backflip","Escape Plan"],"picked":"Die Die Die","floor":21},{"not_picked":["Underhanded Strike+1","Dagger Spray"],"picked":"Caltrops","floor":22},{"not_picked":["Blade Dance+1","Wraith Form v2"],"picked":"Dagger Throw","floor":27},{"not_picked":["Deflect","Slice"],"picked":"Prepared","floor":29},{"not_picked":["Deflect","Slice"],"picked":"Expertise","floor":30},{"not_picked":["Catalyst","Reflex+1"],"picked":"Skewer","floor":31},{"not_picked":["Unload","Die Die Die"],"picked":"Venomology","floor":33},{"not_picked":["Dodge and Roll","Leg Sweep"],"picked":"Deflect+1","floor":35},{"not_picked":["Malaise+1","All Out Attack+1"],"picked":"Reflex","floor":38},{"not_picked":["Noxious Fumes","Sucker Punch+1"],"picked":"Underhanded Strike","floor":40},{"not_picked":["Sucker Punch+1","Bouncing Flask+1"],"picked":"A Thousand Cuts","floor":41}],"player_experience":19181,"relics_obtained":[{"floor":6,"key":"Strawberry"},{"floor":9,"key":"Ancient Tea Set"},{"floor":26,"key":"Mummified Hand"},{"floor":27,"key":"Tough Bandages"},{"floor":30,"key":"Happy Flower"},{"floor":40,"key":"Orichalcum"}],"event_choices":[{"event_name":"The Woman in Blue","player_choice":"Bought 0 Potions","floor":2,"damage_taken":0},{"event_name":"Golden Wing","player_choice":"Card Removal","floor":3,"damage_taken":0},{"event_name":"World of Goop","player_choice":"Gather Gold","floor":5,"damage_taken":0},{"event_name":"Golden Idol","player_choice":"Lose Max HP","floor":13,"damage_taken":0},{"event_name":"N\u0027loth","player_choice":"Traded a Ancient Tea Set","floor":24,"damage_taken":0},{"event_name":"Accursed Blacksmith","player_choice":"Forge","floor":28,"damage_taken":0},{"event_name":"The Lab","player_choice":"Got Potions","floor":36,"damage_taken":0},{"event_name":"FaceTrader","player_choice":"Trade","floor":39,"damage_taken":0}],"boss_relics":[{"not_picked":["Ectoplasm","White Beast Statue"],"picked":"Coffee Dripper"},{"not_picked":["Empty Cage","Philosopher\u0027s Stone"],"picked":"Cursed Key"}],"items_purged_floors":[],"is_endless":false,"potions_floor_spawned":[4,8,10,11,20,22,30,31,38,40],"killed_by":"4 Shapes","ascension_level":0}