{"gold_per_floor":[112,112,17,34,46,46,11,11,37,37,65,76,86,86,86,159,159,175,175,175,90,68,68,68],"floor_reached":24,"playtime":832,"items_purged":[],"score":488,"play_id":"6fa17e92-5a42-4093-9750-3f707ca46776","local_time":"20181210125923","is_ascension_mode":true,"campfire_choices":[{"data":"Noxious Fumes","floor":6,"key":"SMITH"},{"data":"Flechettes","floor":8,"key":"SMITH"},{"data":"Well Laid Plans","floor":10,"key":"SMITH"},{"data":"Dagger Spray","floor":15,"key":"SMITH"},{"floor":23,"key":"REST"}],"neow_cost":"NONE","seed_source_timestamp":62219855373489,"circlet_count":0,"master_deck":["AscendersBane","Defend_G","Defend_G","Defend_G","Defend_G","Defend_G+1","Strike_G","Strike_G","Survivor+1","Neutralize+1","Noxious Fumes+1","Well Laid Plans+1","Backflip","Flechettes+1","Slice","Dagger Spray+1","PiercingWail","Malaise","Deflect","Necronomicurse","PiercingWail"],"relics":["Ring of the Snake","Snake Skull","War Paint","Empty Cage","Necronomicon","Strawberry"],"potions_floor_usage":[11,16,16,24],"damage_taken":[{"damage":0,"enemies":"2 Louse","floor":1,"turns":4},{"damage":4,"enemies":"Cultist","floor":4,"turns":4},{"damage":0,"enemies":"Jaw Worm","floor":5,"turns":4},{"damage":18,"enemies":"Gremlin Nob","floor":11,"turns":5},{"damage":1,"enemies":"Looter","floor":12,"turns":4},{"damage":3,"enemies":"Blue Slaver","floor":13,"turns":4},{"damage":0,"enemies":"Slime Boss","floor":16,"turns":6},{"damage":12,"enemies":"Shell Parasite","floor":18,"turns":7},{"damage":29,"enemies":"2 Thieves","floor":22,"turns":5},{"damage":25,"enemies":"Book of Stabbing","floor":24,"turns":9}],"seed_played":"8919090034687880367","potions_obtained":[{"floor":1,"key":"SpeedPotion"},{"floor":2,"key":"Ancient Potion"},{"floor":4,"key":"Fire Potion"},{"floor":11,"key":"Poison Potion"},{"floor":22,"key":"Poison Potion"}],"is_trial":false,"path_per_floor":["M","?","$","M","M","R","?","R","T","R","E","M","M","?","R","B",null,"M","?","?","?","M","R","E"],"character_chosen":"THE_SILENT","items_purchased":["Well Laid Plans","Backflip"],"campfire_rested":1,"item_purchase_floors":[3,3],"current_hp_per_floor":[59,59,59,55,55,55,66,66,66,66,48,47,44,37,37,37,59,47,26,26,33,4,25,0],"gold":68,"neow_bonus":"UPGRADE_CARD","is_prod":false,"is_daily":false,"chose_seed":false,"campfire_upgraded":4,"win_rate":0,"timestamp":1544443163,"path_taken":["M","?","$","M","?","R","?","R","T","R","E","M","M","?","R","BOSS","M","?","?","?","M","R","E"],"build_version":"2018-12-06","purchased_purges":0,"victory":false,"max_hp_per_floor":[66,66,66,66,66,66,66,66,66,66,66,66,66,66,66,66,66,66,66,66,73,73,73,73],"card_choices":[{"not_picked":["Caltrops","Predator"],"picked":"Noxious Fumes","floor":1},{"not_picked":["Deflect","Finisher"],"picked":"Flechettes","floor":4},{"not_picked":["Flechettes","Concentrate"],"picked":"Slice","floor":5},{"not_picked":["Underhanded Strike","Finisher","Setup"],"picked":"SKIP","floor":11},{"not_picked":["Prepared","Quick Slash"],"picked":"Dagger Spray","floor":12},{"not_picked":["Escape Plan","Backflip"],"picked":"PiercingWail","floor":13},{"not_picked":["After Image","Phantasmal Killer"],"picked":"Malaise","floor":16},{"not_picked":["Caltrops","Acrobatics"],"picked":"Deflect","floor":18},{"not_picked":["Sucker Punch","Masterful Stab"],"picked":"PiercingWail","floor":22}],"player_experience":1778648,"relics_obtained":[{"floor":9,"key":"Snake Skull"},{"floor":11,"key":"War Paint"},{"floor":19,"key":"Necronomicon"}],"event_choices":[{"damage_healed":0,"gold_gain":0,"player_choice":"Got Potions","damage_taken":0,"max_hp_gain":0,"max_hp_loss":0,"event_name":"Lab","floor":2,"gold_loss":0},{"damage_healed":16,"gold_gain":0,"player_choice":"Healed","damage_taken":0,"max_hp_gain":0,"max_hp_loss":0,"event_name":"The Cleric","floor":7,"gold_loss":35},{"cards_removed":["Strike_G"],"damage_healed":0,"gold_gain":0,"player_choice":"Card Removal","damage_taken":7,"max_hp_gain":0,"max_hp_loss":0,"event_name":"Golden Wing","floor":14,"gold_loss":0},{"damage_healed":0,"gold_gain":0,"player_choice":"Obtained Book","damage_taken":21,"max_hp_gain":0,"max_hp_loss":0,"event_name":"Cursed Tome","floor":19,"gold_loss":0},{"damage_healed":0,"gold_gain":0,"player_choice":"Ignored","damage_taken":0,"max_hp_gain":0,"max_hp_loss":0,"event_name":"Ghosts","floor":20,"gold_loss":0},{"damage_healed":0,"gold_gain":0,"player_choice":"Obtained Relic","damage_taken":0,"relics_obtained":["Strawberry"],"max_hp_gain":0,"max_hp_loss":0,"event_name":"Addict","floor":21,"gold_loss":85}],"is_beta":false,"boss_relics":[{"not_picked":["Snecko Eye","HoveringKite"],"picked":"Empty Cage"}],"items_purged_floors":[],"is_endless":false,"potions_floor_spawned":[1,4,11,13,22],"killed_by":"Book of Stabbing","ascension_level":20}