{"gold_per_floor":[117,134,145,95,95,95,111,124,198,209,226,74,85,98,98,98],"floor_reached":16,"playtime":1107,"items_purged":[],"score":118,"play_id":"eaba1baa-a9ca-4812-9c7a-ddebbb3f2c3b","local_time":"20180628213545","is_ascension_mode":true,"campfire_choices":[{"data":"Bash","floor":6,"key":"SMITH"},{"floor":15,"key":"REST"}],"neow_cost":"NONE","seed_source_timestamp":352103245109767,"circlet_count":0,"master_deck":["Strike_R","Strike_R","Strike_R","Strike_R","Defend_R","Defend_R","Defend_R","Bash+1","Inflame","Intimidate","Flex","Heavy Blade","Juggernaut","Heavy Blade","Flex","Limit Break"],"relics":["Burning Blood","NeowsBlessing","Shuriken","Juzu Bracelet"],"potions_floor_usage":[8,16,16],"damage_taken":[{"damage":0,"enemies":"Small Slimes","floor":1,"turns":1},{"damage":0,"enemies":"2 Louse","floor":2,"turns":1},{"damage":0,"enemies":"Jaw Worm","floor":3,"turns":1},{"damage":14,"enemies":"Looter","floor":7,"turns":3},{"damage":6,"enemies":"Exordium Wildlife","floor":8,"turns":4},{"damage":21,"enemies":"3 Louse","floor":10,"turns":3},{"damage":21,"enemies":"Gremlin Gang","floor":11,"turns":6},{"damage":22,"enemies":"Blue Slaver","floor":13,"turns":4},{"damage":15,"enemies":"3 Louse","floor":14,"turns":4},{"damage":42,"enemies":"The Guardian","floor":16,"turns":7}],"seed_played":"7188199309548828717","potions_obtained":[{"floor":2,"key":"Explosive Potion"},{"floor":7,"key":"Dexterity Potion"},{"floor":8,"key":"FearPotion"},{"floor":14,"key":"Strength Potion"}],"is_trial":false,"path_per_floor":["M","M","M","?","?","R","M","M","T","M","M","$","M","M","R"],"character_chosen":"IRONCLAD","items_purchased":["Juzu Bracelet"],"campfire_rested":1,"item_purchase_floors":[12],"current_hp_per_floor":[80,80,80,80,80,80,72,72,72,57,42,42,26,17,41,0],"gold":98,"neow_bonus":"THREE_ENEMY_KILL","is_prod":false,"is_daily":false,"chose_seed":false,"campfire_upgraded":1,"win_rate":0,"timestamp":1530236145,"path_taken":["M","M","M","?","?","R","M","M","T","M","?","$","M","M","R","BOSS"],"build_version":"2018-06-21v2","purchased_purges":0,"victory":false,"max_hp_per_floor":[80,80,80,80,80,80,80,80,80,80,80,80,80,80,80,80],"card_choices":[{"not_picked":["Perfected Strike","Sword Boomerang"],"picked":"Inflame","floor":1},{"not_picked":["Pommel Strike","Clothesline"],"picked":"Intimidate","floor":2},{"not_picked":["Warcry","Perfected Strike"],"picked":"Flex","floor":3},{"not_picked":["Sword Boomerang","Pommel Strike"],"picked":"Heavy Blade","floor":7},{"not_picked":["Juggernaut","Perfected Strike","Twin Strike"],"picked":"SKIP","floor":8},{"not_picked":["Perfected Strike","Twin Strike"],"picked":"Juggernaut","floor":8},{"not_picked":["Twin Strike","Headbutt"],"picked":"Heavy Blade","floor":10},{"not_picked":["Sentinel","Wild Strike"],"picked":"Flex","floor":11},{"not_picked":["Heavy Blade","Flex"],"picked":"Limit Break","floor":13},{"not_picked":["True Grit","Clothesline","Pommel Strike"],"picked":"SKIP","floor":14}],"player_experience":832633,"relics_obtained":[{"floor":9,"key":"Shuriken"}],"event_choices":[{"event_name":"The Cleric","player_choice":"Card Removal","floor":4,"damage_taken":0},{"event_name":"Living Wall","player_choice":"Forget","floor":5,"damage_taken":0}],"boss_relics":[],"items_purged_floors":[],"is_endless":false,"potions_floor_spawned":[2,7,8,14],"killed_by":"The Guardian","ascension_level":4}