{"path_per_floor":["M","M","$","M","?","M","M","E","T","R","M","M","R","M","R","B",null,"M","?","M","$","M","R","?","R","T","E","M","M","M","M","R"],"character_chosen":"THE_SILENT","items_purchased":["PiercingWail","Panache"],"gold_per_floor":[116,131,33,49,49,62,82,113,113,113,132,146,146,162,162,259,259,275,275,287,9,26,26,26,26,52,77,93,110,125,141,141,141],"floor_reached":33,"campfire_rested":5,"playtime":2641,"item_purchase_floors":[3,21],"current_hp_per_floor":[70,70,70,70,70,61,54,38,38,59,56,55,70,52,70,47,70,65,65,58,58,23,44,67,67,67,60,50,31,21,19,40,0],"items_purged":["Strike_G","Strike_G"],"gold":141,"score":275,"play_id":"1bccbe43-76ef-4854-adb1-0a4edd724dfa","local_time":"20180601131503","is_prod":false,"is_daily":false,"chose_seed":false,"is_ascension_mode":false,"campfire_upgraded":1,"win_rate":0.0,"timestamp":1527873303,"campfire_choices":[{"floor":10,"key":"REST"},{"floor":13,"key":"REST"},{"floor":15,"key":"REST"},{"floor":23,"key":"REST"},{"data":"Adrenaline","floor":25,"key":"SMITH"},{"floor":32,"key":"REST"}],"path_taken":["M","M","$","M","?","M","M","E","T","R","M","M","R","M","R","BOSS","M","?","M","$","M","R","?","R","T","E","M","M","M","?","R","BOSS"],"build_version":"2018-05-31","seed_source_timestamp":66797630239636,"purchased_purges":2,"victory":false,"master_deck":["Defend_G","Defend_G","Defend_G","Defend_G","Defend_G","Strike_G","Strike_G","Strike_G","Survivor","Neutralize+1","Flying Knee","Predator+1","PiercingWail","Backflip","Predator","Flying Knee","Backflip","Predator","PiercingWail","Adrenaline+1","Terror","PiercingWail","Panache","Backstab","Calculated Gamble","Infinite Blades+1","Backstab+1"],"max_hp_per_floor":[70,70,70,70,70,70,70,70,70,70,70,70,70,70,70,70,70,70,70,70,70,70,70,70,70,70,70,70,70,70,70,70,70],"relics":["Ring of the Snake","Art of War","Matryoshka","Sozu","Shuriken","Anchor","Sundial"],"card_choices":[{"not_picked":["PiercingWail","Dagger Throw"],"picked":"Flying Knee","floor":1},{"not_picked":["Outmaneuver","Bane"],"picked":"Predator","floor":2},{"not_picked":["Masterful Stab","Distraction"],"picked":"Backflip","floor":4},{"not_picked":["Dodge and Roll","Underhanded Strike"],"picked":"Predator","floor":6},{"not_picked":["Bane","Poisoned Stab"],"picked":"Flying Knee","floor":7},{"not_picked":["Bane","Night Terror"],"picked":"Backflip","floor":8},{"not_picked":["Acrobatics","Flying Knee"],"picked":"Predator","floor":11},{"not_picked":["Deadly Poison","Poisoned Stab"],"picked":"PiercingWail","floor":12},{"not_picked":["Bane","Poisoned Stab","Accuracy"],"picked":"SKIP","floor":14},{"not_picked":["Wraith Form v2","Envenom"],"picked":"Adrenaline","floor":16},{"not_picked":["Poisoned Stab","Acrobatics"],"picked":"Terror","floor":18},{"not_picked":["Dodge and Roll+1","Masterful Stab"],"picked":"PiercingWail","floor":20},{"not_picked":["Bane","Dodge and Roll"],"picked":"Backstab","floor":22},{"not_picked":["Accuracy","Infinite Blades","Riddle With Holes"],"picked":"SKIP","floor":27},{"not_picked":["Bane","Underhanded Strike"],"picked":"Calculated Gamble","floor":28},{"not_picked":["Backflip","Dodge and Roll","Acrobatics"],"picked":"SKIP","floor":29},{"not_picked":["Outmaneuver","Predator"],"picked":"Infinite Blades+1","floor":30},{"not_picked":["Poisoned Stab","Expertise"],"picked":"Backstab+1","floor":31}],"player_experience":252473,"potions_floor_usage":[8,16,16,33],"damage_taken":[{"damage":0,"enemies":"Small Slimes","floor":1,"turns":3},{"damage":0,"enemies":"Cultist","floor":2,"turns":3},{"damage":0,"enemies":"2 Louse","floor":4,"turns":2},{"damage":9,"enemies":"Exordium Thugs","floor":6,"turns":5},{"damage":7,"enemies":"3 Louse","floor":7,"turns":2},{"damage":16,"enemies":"Lagavulin","floor":8,"turns":6},{"damage":3,"enemies":"Looter","floor":11,"turns":2},{"damage":1,"enemies":"Red Slaver","floor":12,"turns":4},{"damage":18,"enemies":"Gremlin Gang","floor":14,"turns":5},{"damage":23,"enemies":"The Guardian","floor":16,"turns":15},{"damage":5,"enemies":"Spheric Guardian","floor":18,"turns":3},{"damage":7,"enemies":"Shell Parasite","floor":20,"turns":3},{"damage":35,"enemies":"Chosen and Byrds","floor":22,"turns":7},{"damage":7,"enemies":"Slavers","floor":27,"turns":4},{"damage":10,"enemies":"Centurion and Healer","floor":28,"turns":4},{"damage":19,"enemies":"Snecko","floor":29,"turns":4},{"damage":10,"enemies":"Cultist and Chosen","floor":30,"turns":4},{"damage":2,"enemies":"Sentry and Sphere","floor":31,"turns":3},{"damage":48,"enemies":"Automaton","floor":33,"turns":6}],"relics_obtained":[{"floor":8,"key":"Art of War"},{"floor":9,"key":"Matryoshka"},{"floor":26,"key":"Shuriken"},{"floor":26,"key":"Anchor"},{"floor":27,"key":"Sundial"}],"event_choices":[{"event_name":"Accursed Blacksmith","player_choice":"Forge","floor":5,"damage_taken":0},{"event_name":"Vampires","player_choice":"Ignored","floor":19,"damage_taken":0},{"event_name":"The Library","player_choice":"Heal","floor":24,"damage_taken":0}],"boss_relics":[{"not_picked":["Philosopher\u0027s Stone","Cursed Key"],"picked":"Sozu"}],"items_purged_floors":[3,21],"potions_floor_spawned":[4,8,11,14,18,27,28],"seed_played":"4505923047050711453","killed_by":"Automaton","ascension_level":0,"potions_obtained":[{"floor":4,"key":"LiquidBronze"},{"floor":8,"key":"SpeedPotion"},{"floor":11,"key":"GamblersBrew"},{"floor":14,"key":"SkillPotion"}],"is_trial":false}