{"gold_per_floor":[114,129,129,129,129,129,145,145,222,265,303,303,342,357,357,451,451,464,487,487,503,553,553],"floor_reached":23,"playtime":888,"items_purged":[],"score":388,"play_id":"80273329-3fac-4830-94f0-d5ceb7aab61f","local_time":"20190131211754","is_ascension_mode":true,"campfire_choices":[{"data":"Auto Shields","floor":6.0,"key":"SMITH"},{"floor":8.0,"key":"REST"},{"floor":15.0,"key":"REST"}],"neow_cost":"NONE","seed_source_timestamp":636384012898122,"circlet_count":0,"master_deck":["AscendersBane","Strike_B","Strike_B","Strike_B","Strike_B","Defend_B","Defend_B","Defend_B","Defend_B+1","Zap+1","Dualcast+1","Auto Shields+1","Sunder+1","Sweeping Beam","Cold Snap","Conserve Battery","Coolheaded","Machine Learning","Lockon+1","Ball Lightning","Consume+1"],"special_seed":0,"relics":["Cracked Core","Golden Idol","Letter Opener","Boot","Odd Mushroom","Peace Pipe","Orichalcum","Sozu"],"potions_floor_usage":[16,23],"damage_taken":[{"damage":1.0,"enemies":"Cultist","floor":1.0,"turns":3.0},{"damage":2.0,"enemies":"Jaw Worm","floor":2.0,"turns":3.0},{"damage":0.0,"enemies":"Small Slimes","floor":7.0,"turns":3.0},{"damage":2.0,"enemies":"3 Sentries","floor":10.0,"turns":6.0},{"damage":1.0,"enemies":"The Mushroom Lair","floor":11.0,"turns":3.0},{"damage":16.0,"enemies":"Gremlin Nob","floor":13.0,"turns":4.0},{"damage":0.0,"enemies":"3 Louse","floor":14.0,"turns":2.0},{"damage":16,"enemies":"Slime Boss","floor":16,"turns":9},{"damage":12,"enemies":"3 Byrds","floor":18,"turns":4},{"damage":19,"enemies":"Shell Parasite","floor":19,"turns":5},{"damage":14,"enemies":"Snake Plant","floor":21,"turns":3},{"damage":24,"enemies":"Gremlin Leader","floor":23,"turns":4}],"seed_played":"1402905942678176642","potions_obtained":[{"floor":1.0,"key":"Weak Potion"},{"floor":7.0,"key":"Energy Potion"},{"floor":10.0,"key":"PowerPotion"},{"floor":16,"key":"Fire Potion"}],"is_trial":false,"path_per_floor":["M","M","?","?","?","R","M","R","T","E","?","?","E","M","R","B",null,"M","M","?","M","?","E"],"character_chosen":"DEFECT","items_purchased":[],"campfire_rested":2,"item_purchase_floors":[],"current_hp_per_floor":[63,61,40,40,40,40,40,59,59,57,56,51,35,35,54,38,58,46,27,27,13,13,0],"gold":553,"neow_bonus":"UPGRADE_CARD","is_prod":false,"is_daily":false,"chose_seed":false,"campfire_upgraded":1,"win_rate":0,"timestamp":1548987474,"path_taken":["M","M","?","?","?","R","M","R","T","E","?","?","E","M","R","BOSS","M","M","?","?","?","E"],"build_version":"2019-01-23","purchased_purges":0,"victory":false,"max_hp_per_floor":[71,71,71,71,64,64,64,64,64,64,64,64,64,64,64,64,64,64,64,64,64,64,64],"card_choices":[{"not_picked":["Streamline","Cold Snap"],"picked":"Auto Shields","floor":1.0},{"not_picked":["Redo","Reinforced Body"],"picked":"Sunder","floor":2.0},{"not_picked":["Auto Shields","Gash"],"picked":"Sweeping Beam","floor":7.0},{"not_picked":["Streamline","Gash"],"picked":"Cold Snap","floor":10.0},{"not_picked":["Fusion","Thunder Strike"],"picked":"Conserve Battery","floor":11.0},{"not_picked":["Rebound","Streamline","Lockon"],"picked":"SKIP","floor":13.0},{"not_picked":["Recycle","Darkness"],"picked":"Coolheaded","floor":14.0},{"not_picked":["Fission","Seek"],"picked":"Machine Learning","floor":16},{"not_picked":["Turbo","Steam Power"],"picked":"Lockon+1","floor":18},{"not_picked":["Hologram","Sweeping Beam"],"picked":"Ball Lightning","floor":19},{"not_picked":["Heatsinks","FTL+1"],"picked":"Consume+1","floor":21}],"player_experience":2258825,"relics_obtained":[{"floor":9.0,"key":"Letter Opener"},{"floor":10.0,"key":"Boot"},{"floor":11.0,"key":"Odd Mushroom"},{"floor":13.0,"key":"Orichalcum"}],"event_choices":[{"damage_healed":0.0,"max_hp_gain":0.0,"max_hp_loss":0.0,"gold_gain":0.0,"event_name":"Shining Light","player_choice":"Entered Light","floor":3.0,"gold_loss":0.0,"damage_taken":21.0,"cards_upgraded":["Dualcast","Defend_B"]},{"damage_healed":0.0,"max_hp_gain":0.0,"max_hp_loss":0.0,"gold_gain":0.0,"event_name":"Living Wall","player_choice":"Grow","floor":4.0,"gold_loss":0.0,"damage_taken":0.0,"cards_upgraded":["Sunder"]},{"damage_healed":0.0,"max_hp_gain":0.0,"max_hp_loss":7.0,"gold_gain":0.0,"event_name":"Golden Idol","player_choice":"Lose Max HP","floor":5.0,"gold_loss":0.0,"damage_taken":0.0,"relics_obtained":["Golden Idol"]},{"damage_healed":0.0,"max_hp_gain":0.0,"max_hp_loss":0.0,"gold_gain":0.0,"event_name":"Mushrooms","player_choice":"Fought Mushrooms","floor":11.0,"gold_loss":0.0,"damage_taken":0.0},{"damage_healed":0.0,"max_hp_gain":0.0,"max_hp_loss":0.0,"gold_gain":0.0,"event_name":"Scrap Ooze","player_choice":"Success","floor":12.0,"gold_loss":0.0,"damage_taken":5.0,"relics_obtained":["Peace Pipe"]},{"damage_healed":0,"gold_gain":0,"player_choice":"Got Potions","damage_taken":0,"max_hp_gain":0,"max_hp_loss":0,"event_name":"Lab","floor":20,"gold_loss":0},{"damage_healed":0,"gold_gain":50,"player_choice":"Stole From Cult","damage_taken":0,"max_hp_gain":0,"max_hp_loss":0,"event_name":"Nest","floor":22,"gold_loss":0}],"is_beta":false,"boss_relics":[{"not_picked":["Pandora\u0027s Box","Inserter"],"picked":"Sozu"}],"items_purged_floors":[],"is_endless":false,"potions_floor_spawned":[1,7,10,16,21],"killed_by":"Gremlin Leader","ascension_level":19}