{"gold_per_floor":[115,38,38,55,67,67,82,82,82,82,94,94],"floor_reached":12,"playtime":235,"items_purged":[],"score":126,"play_id":"8c82ad58-67cd-4569-ab19-8ced48fd330a","local_time":"20181119221327","is_ascension_mode":true,"campfire_choices":[{"floor":6,"key":"RECALL"},{"data":"Zap","floor":8,"key":"SMITH"}],"neow_cost":"NONE","seed_source_timestamp":168407934685651,"circlet_count":0,"master_deck":["AscendersBane","Strike_B","Strike_B","Strike_B","Strike_B","Defend_B","Defend_B","Defend_B","Defend_B","Zap+1","Dualcast","Static Discharge","Glacier","Storm+1","BootSequence","Machine Learning","Cold Snap"],"relics":["Cracked Core","NeowsBlessing","Mummified Hand"],"potions_floor_usage":[],"damage_taken":[{"damage":0,"enemies":"Jaw Worm","floor":1,"turns":1},{"damage":0,"enemies":"Cultist","floor":4,"turns":1},{"damage":0,"enemies":"2 Louse","floor":5,"turns":1},{"damage":16,"enemies":"Blue Slaver","floor":7,"turns":3},{"damage":0,"enemies":"Red Slaver","floor":11,"turns":3},{"damage":56,"enemies":"Gremlin Nob","floor":12,"turns":5}],"seed_played":"-112197333101561561","potions_obtained":[{"floor":1,"key":"LiquidBronze"},{"floor":11,"key":"Dexterity Potion"}],"is_trial":false,"path_per_floor":["M","$","?","M","M","R","M","R","T","?","M","E"],"character_chosen":"DEFECT","items_purchased":["Glacier"],"campfire_rested":0,"item_purchase_floors":[2],"current_hp_per_floor":[64,64,64,64,64,64,48,48,48,48,48,0],"gold":94,"neow_bonus":"THREE_ENEMY_KILL","is_prod":false,"is_daily":false,"chose_seed":false,"campfire_upgraded":1,"win_rate":0,"timestamp":1542683607,"path_taken":["M","$","?","M","M","R","M","R","T","?","M","E"],"build_version":"2018-11-15","purchased_purges":0,"victory":false,"max_hp_per_floor":[71,71,71,71,71,71,71,71,71,71,71,71],"card_choices":[{"not_picked":["Tempest","Stack"],"picked":"Static Discharge","floor":1},{"not_picked":["Redo","BootSequence"],"picked":"Storm","floor":4},{"not_picked":["Turbo","Hologram"],"picked":"BootSequence","floor":5},{"not_picked":["Coolheaded","Sweeping Beam"],"picked":"Machine Learning","floor":7},{"not_picked":["Doom and Gloom","Rip and Tear"],"picked":"Cold Snap","floor":11}],"player_experience":1726630,"relics_obtained":[{"floor":9,"key":"Mummified Hand"}],"event_choices":[{"damage_healed":0,"gold_gain":0,"player_choice":"Ignored","damage_taken":0,"max_hp_gain":0,"max_hp_loss":0,"event_name":"Liars Game","floor":3,"gold_loss":0},{"damage_healed":0,"gold_gain":0,"player_choice":"Upgraded","damage_taken":0,"max_hp_gain":0,"max_hp_loss":0,"event_name":"Upgrade Shrine","floor":10,"gold_loss":0,"cards_upgraded":["Storm"]}],"is_beta":false,"boss_relics":[],"items_purged_floors":[],"is_endless":false,"potions_floor_spawned":[1,11],"killed_by":"Gremlin Nob","ascension_level":16}