{"path_per_floor":["M","$","M","M","M","?","R","M","T","E","R","M","E","M","R"],"character_chosen":"DEFECT","items_purchased":[],"gold_per_floor":[115,40,54,70,81,81,81,98,98,124,124,139,167,183,183,183],"floor_reached":16,"campfire_rested":2,"playtime":1203,"item_purchase_floors":[],"current_hp_per_floor":[75,75,73,71,71,71,71,69,69,13,35,35,32,31,53,0],"items_purged":["Doubt"],"gold":183,"score":143,"play_id":"f297d398-df28-407e-8f61-31bb505d205b","local_time":"20180615231239","is_prod":false,"is_daily":false,"chose_seed":false,"is_ascension_mode":true,"campfire_upgraded":1,"win_rate":0,"timestamp":1529097159,"campfire_choices":[{"data":"Chaos","floor":7,"key":"SMITH"},{"floor":11,"key":"REST"},{"floor":15,"key":"REST"}],"path_taken":["M","?","M","?","M","?","R","?","T","E","R","M","E","M","R","BOSS"],"build_version":"2018-06-14v2","seed_source_timestamp":109388806996352,"purchased_purges":1,"victory":false,"master_deck":["Strike_B","Strike_B","Strike_B","Defend_B","Defend_B","Defend_B","Zap","Dualcast","Core Surge","Recycle","Leap","Conserve Battery","Chaos+1","Regret","Conserve Battery","Conserve Battery","Streamline","Compile Driver"],"max_hp_per_floor":[75,75,75,75,75,75,75,75,75,75,75,75,75,75,75,75],"relics":["Cracked Core","Frozen Egg 2","Dodecahedron","Thread and Needle","Pantograph"],"card_choices":[{"not_picked":["Barrage","Gash"],"picked":"Leap","floor":1},{"not_picked":["Capacitor","Lockon"],"picked":"Conserve Battery","floor":3},{"not_picked":["Sweeping Beam","Hello World","Rebound"],"picked":"SKIP","floor":4},{"not_picked":["Storm","Cold Snap"],"picked":"Chaos","floor":5},{"not_picked":["Blizzard","Rip and Tear"],"picked":"Conserve Battery","floor":8},{"not_picked":["Tempest","Coolheaded"],"picked":"Conserve Battery","floor":10},{"not_picked":["Conserve Battery","Compile Driver"],"picked":"Streamline","floor":12},{"not_picked":["Steam Power","Lockon","Barrage"],"picked":"SKIP","floor":13},{"not_picked":["Rebound","Barrage"],"picked":"Compile Driver","floor":14}],"player_experience":125677,"potions_floor_usage":[13,16,16],"damage_taken":[{"damage":0,"enemies":"Cultist","floor":1,"turns":3},{"damage":2,"enemies":"2 Louse","floor":3,"turns":2},{"damage":2,"enemies":"Jaw Worm","floor":4,"turns":3},{"damage":0,"enemies":"2 Fungi Beasts","floor":5,"turns":3},{"damage":2,"enemies":"Exordium Thugs","floor":8,"turns":5},{"damage":56,"enemies":"Gremlin Nob","floor":10,"turns":7},{"damage":0,"enemies":"Looter","floor":12,"turns":4},{"damage":3,"enemies":"Lagavulin","floor":13,"turns":8},{"damage":1,"enemies":"3 Louse","floor":14,"turns":3},{"damage":77,"enemies":"Hexaghost","floor":16,"turns":12}],"relics_obtained":[{"floor":9,"key":"Dodecahedron"},{"floor":10,"key":"Thread and Needle"},{"floor":13,"key":"Pantograph"}],"event_choices":[{"event_name":"Big Fish","player_choice":"Box","floor":6,"damage_taken":0}],"boss_relics":[],"items_purged_floors":[2],"is_endless":false,"potions_floor_spawned":[4,5,12,13],"seed_played":"-8410174292391927085","killed_by":"Hexaghost","ascension_level":5,"potions_obtained":[{"floor":5,"key":"Energy Potion"},{"floor":12,"key":"Ancient Potion"},{"floor":13,"key":"Poison Potion"}],"is_trial":false}