{"gold_per_floor":[20,20,30,43,54,86,98,144,156,168,180,206,238,266,278,389,401,423,448,59,75,39,69,69,69],"floor_reached":25,"playtime":1625,"items_purged":[],"score":341,"play_id":"d7662b71-c34e-4bec-aaec-6d676277b57e","local_time":"20181214202725","is_ascension_mode":true,"campfire_choices":[{"data":"Skewer","floor":7.0,"key":"SMITH"},{"data":"Neutralize","floor":10.0,"key":"SMITH"},{"floor":15.0,"key":"REST"},{"data":"Calculated Gamble","floor":24,"key":"SMITH"}],"neow_cost":"NO_GOLD","seed_source_timestamp":113167344308100,"circlet_count":0,"master_deck":["Defend_G","Defend_G","Defend_G","Defend_G","Strike_G","Strike_G","Strike_G","Survivor","Neutralize+1","Calculated Gamble+1","PiercingWail","Infinite Blades","Skewer+1","Glass Knife","Crippling Poison","Caltrops","Tools of the Trade","Concentrate","Backflip","Noxious Fumes","Blur","Accuracy+1"],"special_seed":0,"relics":["Ring of the Snake","MawBank","Tingsha","Girya","FaceOfCleric","Runic Pyramid","Matryoshka","Bronze Scales","WingedGreaves"],"potions_floor_usage":[23,23],"damage_taken":[{"damage":2.0,"enemies":"2 Louse","floor":1.0,"turns":6.0},{"damage":0.0,"enemies":"Cultist","floor":3.0,"turns":5.0},{"damage":5.0,"enemies":"Jaw Worm","floor":4.0,"turns":9.0},{"damage":0.0,"enemies":"Exordium Wildlife","floor":5.0,"turns":4.0},{"damage":35.0,"enemies":"Lagavulin","floor":6.0,"turns":6.0},{"damage":31.0,"enemies":"3 Sentries","floor":8.0,"turns":10.0},{"damage":3.0,"enemies":"Red Slaver","floor":12.0,"turns":3.0},{"damage":1.0,"enemies":"Blue Slaver","floor":13.0,"turns":3.0},{"damage":0.0,"enemies":"3 Louse","floor":14.0,"turns":3.0},{"damage":22.0,"enemies":"The Guardian","floor":16.0,"turns":14.0},{"damage":0.0,"enemies":"Chosen","floor":18.0,"turns":4.0},{"damage":6.0,"enemies":"Spheric Guardian","floor":19.0,"turns":3.0},{"damage":12.0,"enemies":"Centurion and Healer","floor":21.0,"turns":6.0},{"damage":23,"enemies":"Slavers","floor":23,"turns":3},{"damage":21,"enemies":"Cultist and Chosen","floor":25,"turns":4}],"seed_played":"-1532808829086987235","potions_obtained":[{"floor":4.0,"key":"FearPotion"},{"floor":5.0,"key":"Regen Potion"},{"floor":12.0,"key":"GamblersBrew"},{"floor":16.0,"key":"FearPotion"},{"floor":18.0,"key":"GamblersBrew"}],"is_trial":false,"path_per_floor":["M","?","M","M","M","E","R","E","T","R","?","M","M","M","R","B",null,"M","M","$","M","$","E","R","M"],"character_chosen":"THE_SILENT","items_purchased":["Matryoshka","Bronze Scales","Blur"],"campfire_rested":1,"item_purchase_floors":[20,20,22],"current_hp_per_floor":[61,61,61,56,56,21,21,5,5,5,5,3,3,4,25,4,57,58,53,53,42,42,20,20,0],"gold":69,"neow_bonus":"REMOVE_TWO","is_prod":false,"is_daily":false,"chose_seed":false,"campfire_upgraded":3,"win_rate":0,"timestamp":1544815645,"path_taken":["M","?","?","M","M","E","R","E","T","R","?","M","M","M","R","BOSS","M","M","?","M","$","E","R","M"],"build_version":"2018-12-13","purchased_purges":0,"victory":false,"max_hp_per_floor":[70,70,70,70,70,70,70,70,70,70,70,71,72,73,73,74,74,75,76,76,77,77,78,78,78],"card_choices":[{"not_picked":["Dagger Throw","Outmaneuver"],"picked":"Calculated Gamble","floor":1.0},{"not_picked":["Concentrate","Outmaneuver"],"picked":"PiercingWail","floor":3.0},{"not_picked":["Backflip","Deadly Poison"],"picked":"Infinite Blades","floor":4.0},{"not_picked":["Slice","Bane"],"picked":"Skewer","floor":5.0},{"not_picked":["Poisoned Stab","Riddle With Holes","Reflex"],"picked":"SKIP","floor":6.0},{"not_picked":["Bullet Time","Accuracy"],"picked":"Glass Knife","floor":8.0},{"not_picked":["Acrobatics","Poisoned Stab"],"picked":"Crippling Poison","floor":12.0},{"not_picked":["Dagger Spray","Sucker Punch","Deflect"],"picked":"SKIP","floor":13.0},{"not_picked":["Heel Hook","Deadly Poison"],"picked":"Caltrops","floor":14.0},{"not_picked":["Glass Knife","Unload"],"picked":"Tools of the Trade","floor":16.0},{"not_picked":["Slice","PiercingWail"],"picked":"Concentrate","floor":18.0},{"not_picked":["Blade Dance+1","Predator"],"picked":"Backflip","floor":19.0},{"not_picked":["Acrobatics","Heel Hook"],"picked":"Noxious Fumes","floor":21.0},{"not_picked":["Bane","Expertise"],"picked":"Accuracy+1","floor":23}],"player_experience":1142510,"relics_obtained":[{"floor":6.0,"key":"MawBank"},{"floor":8.0,"key":"Tingsha"},{"floor":9.0,"key":"Girya"},{"floor":23,"key":"WingedGreaves"}],"event_choices":[{"cards_removed":["Defend_G"],"damage_healed":0.0,"max_hp_gain":0.0,"max_hp_loss":0.0,"gold_gain":0.0,"event_name":"Purifier","player_choice":"Purged","floor":2.0,"gold_loss":0.0,"damage_taken":0.0},{"damage_healed":0.0,"max_hp_gain":0.0,"max_hp_loss":0.0,"gold_gain":0.0,"event_name":"FaceTrader","player_choice":"Trade","floor":11.0,"gold_loss":0.0,"damage_taken":0.0,"relics_obtained":["FaceOfCleric"]}],"is_beta":false,"boss_relics":[{"not_picked":["Lizard Tail","Ectoplasm"],"picked":"Runic Pyramid"}],"items_purged_floors":[],"is_endless":false,"potions_floor_spawned":[4,5,12,16,18],"killed_by":"Cultist and Chosen","ascension_level":9}