{"gold_per_floor":[110,123,70,70,85,120,134,163,189,25,44,56,56,56,56,153,153,166,183,183,83,97,97,131,131,131,131,131,231,247,122,122,225,225,236,252,252,102,102,102,114,114],"floor_reached":42,"playtime":1627,"items_purged":["Strike_R","Defend_R","Shrug It Off","Strike_R"],"score":447,"play_id":"f46f6df1-dbd6-4447-8ff0-e4667945abd6","local_time":"20190214194844","is_ascension_mode":true,"campfire_choices":[{"floor":13,"key":"REST"},{"data":"True Grit","floor":15,"key":"SMITH"},{"data":"Juggernaut","floor":23,"key":"SMITH"},{"floor":25,"key":"REST"},{"data":"Spot Weakness","floor":27,"key":"SMITH"},{"data":"Shrug It Off","floor":32,"key":"SMITH"},{"data":"Limit Break","floor":40,"key":"SMITH"}],"neow_cost":"NONE","seed_source_timestamp":30852277025976,"circlet_count":0,"master_deck":["Strike_R","Strike_R+1","Strike_R+1","Defend_R","Defend_R","Bash+1","Thunderclap","Headbutt","True Grit+1","Spot Weakness+1","Shrug It Off+1","Pommel Strike","Juggernaut+1","Limit Break+1","Uppercut","Heavy Blade"],"relics":["Snecko Eye","Potion Belt","Vajra","Happy Flower","Black Star","Bag of Preparation","Regal Pillow","Busted Crown"],"potions_floor_usage":[6,16,22,30,33,33],"damage_taken":[{"damage":0,"enemies":"Small Slimes","floor":1,"turns":2},{"damage":1,"enemies":"2 Louse","floor":2,"turns":2},{"damage":0,"enemies":"Cultist","floor":5,"turns":2},{"damage":30,"enemies":"3 Sentries","floor":6,"turns":9},{"damage":0,"enemies":"3 Louse","floor":7,"turns":3},{"damage":11,"enemies":"Gremlin Nob","floor":8,"turns":3},{"damage":7,"enemies":"Large Slime","floor":11,"turns":5},{"damage":3,"enemies":"Lots of Slimes","floor":12,"turns":2},{"damage":23,"enemies":"The Guardian","floor":16,"turns":8},{"damage":37,"enemies":"3 Byrds","floor":18,"turns":5},{"damage":3,"enemies":"Shell Parasite","floor":19,"turns":4},{"damage":6,"enemies":"Snake Plant","floor":22,"turns":3},{"damage":14,"enemies":"Gremlin Leader","floor":24,"turns":4},{"damage":19,"enemies":"3 Cultists","floor":30,"turns":5},{"damage":39,"enemies":"Collector","floor":33,"turns":7},{"damage":15,"enemies":"3 Shapes","floor":35,"turns":4},{"damage":36,"enemies":"3 Darklings","floor":36,"turns":6},{"damage":30,"enemies":"Writhing Mass","floor":41,"turns":4},{"damage":38,"enemies":"Nemesis","floor":42,"turns":4}],"seed_played":"4692095605753835254","potions_obtained":[{"floor":2,"key":"Fire Potion"},{"floor":6,"key":"PowerPotion"},{"floor":11,"key":"SteroidPotion"},{"floor":12,"key":"Weak Potion"},{"floor":16,"key":"LiquidBronze"},{"floor":18,"key":"Poison Potion"},{"floor":22,"key":"Weak Potion"},{"floor":30,"key":"GamblersBrew"},{"floor":41,"key":"Fire Potion"}],"is_trial":false,"path_per_floor":["M","M","$","?","M","E","M","E","T","$","M","M","R","?","R","B",null,"M","M","?","$","M","R","E","R","T","R","?","?","M","$","R","B",null,"M","M","?","$","?","R","M","E"],"character_chosen":"IRONCLAD","items_purchased":["Headbutt","Spot Weakness","Shrug It Off"],"campfire_rested":2,"item_purchase_floors":[3,10,10],"current_hp_per_floor":[80,79,79,79,79,49,49,38,38,38,31,28,52,36,36,13,80,43,40,40,40,34,34,20,59,59,59,59,59,40,40,40,1,80,65,29,29,29,70,70,40,2],"gold":114,"neow_bonus":"BOSS_RELIC","is_prod":false,"is_daily":false,"chose_seed":false,"campfire_upgraded":5,"win_rate":0,"timestamp":1550170124,"path_taken":["M","M","$","?","M","E","M","E","T","$","M","M","R","?","R","BOSS","M","M","?","$","M","R","E","R","T","R","?","?","M","$","R","BOSS","M","?","?","$","?","R","M","E"],"build_version":"2019-01-23","purchased_purges":4,"victory":false,"max_hp_per_floor":[80,80,80,80,80,80,80,80,80,80,80,80,80,80,80,80,80,80,80,80,80,80,80,80,80,80,80,80,80,80,80,80,80,80,80,80,80,80,70,70,70,70],"card_choices":[{"not_picked":["Dual Wield","Evolve"],"picked":"Shrug It Off","floor":1},{"not_picked":["Combust","Wild Strike"],"picked":"Thunderclap","floor":2},{"not_picked":["Battle Trance","Warcry","Intimidate"],"picked":"SKIP","floor":5},{"not_picked":["Seeing Red","Havoc","Thunderclap"],"picked":"SKIP","floor":6},{"not_picked":["Combust","Anger","Clothesline"],"picked":"SKIP","floor":7},{"not_picked":["Perfected Strike","Warcry"],"picked":"True Grit","floor":8},{"not_picked":["True Grit","Iron Wave"],"picked":"Pommel Strike","floor":11},{"not_picked":["Warcry","Headbutt","Armaments"],"picked":"SKIP","floor":12},{"not_picked":["Exhume","Impervious"],"picked":"Juggernaut","floor":16},{"not_picked":["Shrug It Off+1","Havoc","Corruption"],"picked":"SKIP","floor":18},{"not_picked":["Thunderclap","Anger","Headbutt"],"picked":"SKIP","floor":19},{"not_picked":["Rampage","Havoc","Flex"],"picked":"SKIP","floor":22},{"not_picked":["Reckless Charge+1","Wild Strike","Hemokinesis"],"picked":"SKIP","floor":24},{"not_picked":["Anger","Dual Wield+1","Seeing Red"],"picked":"SKIP","floor":30},{"not_picked":["Fiend Fire","Double Tap"],"picked":"Limit Break","floor":33},{"not_picked":[],"picked":"Uppercut","floor":35},{"not_picked":["Flex"],"picked":"SKIP","floor":36},{"not_picked":[],"picked":"Heavy Blade","floor":41}],"player_experience":89859,"relics_obtained":[{"floor":6,"key":"Potion Belt"},{"floor":8,"key":"Vajra"},{"floor":9,"key":"Happy Flower"},{"floor":24,"key":"Bag of Preparation"},{"floor":24,"key":"Regal Pillow"}],"event_choices":[{"damage_healed":0,"gold_gain":0,"player_choice":"Grow","damage_taken":0,"max_hp_gain":0,"max_hp_loss":0,"event_name":"Living Wall","floor":4,"gold_loss":0,"cards_upgraded":["Bash"]},{"damage_healed":0,"gold_gain":0,"player_choice":"Entered Light","damage_taken":16,"max_hp_gain":0,"max_hp_loss":0,"event_name":"Shining Light","floor":14,"gold_loss":0,"cards_upgraded":["Strike_R","Strike_R"]},{"damage_healed":0,"gold_gain":0,"player_choice":"Ignored","damage_taken":0,"max_hp_gain":0,"max_hp_loss":0,"event_name":"Ghosts","floor":20,"gold_loss":0},{"damage_healed":0,"gold_gain":0,"player_choice":"Ignored","damage_taken":0,"max_hp_gain":0,"max_hp_loss":0,"event_name":"Vampires","floor":28,"gold_loss":0},{"damage_healed":0,"gold_gain":100,"player_choice":"Pray","damage_taken":0,"max_hp_gain":0,"max_hp_loss":0,"event_name":"Golden Shrine","floor":29,"gold_loss":0},{"cards_removed":["Defend_R"],"damage_healed":0,"gold_gain":0,"player_choice":"Removed Skill","damage_taken":0,"max_hp_gain":0,"max_hp_loss":0,"event_name":"Falling","floor":37,"gold_loss":0},{"damage_healed":70,"gold_gain":0,"player_choice":"Heal","damage_taken":0,"max_hp_gain":0,"max_hp_loss":10,"event_name":"The Moai Head","floor":39,"gold_loss":0}],"is_beta":false,"boss_relics":[{"not_picked":["Eternal Feather","White Beast Statue"],"picked":"Black Star"},{"not_picked":["Sozu","Runic Cube"],"picked":"Busted Crown"}],"items_purged_floors":[10,21,31,38],"is_endless":false,"potions_floor_spawned":[2,6,11,12,16,18,22,30,41],"killed_by":"Nemesis","ascension_level":1}