{"gold_per_floor":[112,124,199,199,41,41,41,41,41,76,76,90,90,2,2,75,75,88,88,88,13,29,0,0,0,0,11,31,31,49,67,67,139,139,155,175,175,175,175],"floor_reached":39,"playtime":2024,"items_purged":["Strike_B"],"score":716,"play_id":"88e42856-b2b5-459b-890e-227cd0ab5e7f","local_time":"20190120180816","is_ascension_mode":true,"campfire_choices":[{"data":"Sunder","floor":6,"key":"SMITH"},{"floor":8,"key":"REST"},{"data":"Zap","floor":11,"key":"SMITH"},{"floor":13,"key":"REST"},{"floor":15,"key":"REST"},{"floor":24,"key":"REST"},{"floor":29,"key":"REST"},{"floor":32,"key":"REST"}],"neow_cost":"NONE","seed_source_timestamp":33753531919536,"circlet_count":0,"master_deck":["AscendersBane","Defend_B","Defend_B","Defend_B","Defend_B","Zap+1","Dualcast","Sweeping Beam","Sunder+1","Redo","Cold Snap","Capacitor","White Noise+1","Creative AI","Coolheaded+1","Streamline","Machine Learning","Leap+1","Injury","Steam+1","Doom and Gloom","Capacitor","Echo Form","Redo+1","Echo Form"],"relics":["Velvet Choker","Cables","Bronze Scales","Toxic Egg 2","Bottled Flame","Cursed Key","Runic Pyramid"],"potions_floor_usage":[2,16,27],"damage_taken":[{"damage":0,"enemies":"Cultist","floor":1,"turns":3},{"damage":7,"enemies":"Jaw Worm","floor":2,"turns":2},{"damage":30,"enemies":"Lagavulin","floor":10,"turns":5},{"damage":0,"enemies":"2 Louse","floor":12,"turns":3},{"damage":32,"enemies":"Hexaghost","floor":16,"turns":7},{"damage":15,"enemies":"3 Byrds","floor":18,"turns":3},{"damage":27,"enemies":"Colosseum Slavers","floor":19,"turns":4},{"damage":14,"enemies":"Shell Parasite","floor":22,"turns":5},{"damage":4,"enemies":"Sentry and Sphere","floor":27,"turns":7},{"damage":21,"enemies":"Snecko","floor":28,"turns":5},{"damage":12,"enemies":"Chosen and Byrds","floor":30,"turns":6},{"damage":1,"enemies":"Centurion and Healer","floor":31,"turns":8},{"damage":41,"enemies":"Automaton","floor":33,"turns":9},{"damage":39,"enemies":"3 Darklings","floor":35,"turns":5},{"damage":0,"enemies":"3 Shapes","floor":36,"turns":4},{"damage":21,"enemies":"3 Darklings","floor":39,"turns":2}],"seed_played":"4787106642994232053","potions_obtained":[{"floor":1,"key":"AttackPotion"},{"floor":12,"key":"AttackPotion"},{"floor":22,"key":"SkillPotion"},{"floor":27,"key":"SteroidPotion"},{"floor":35,"key":"Block Potion"}],"is_trial":false,"path_per_floor":["M","M","?","T","$","R","?","R","T","E","R","M","R","$","R","B",null,"M","?","?","$","M","?","R","?","T","M","M","R","M","M","R","B",null,"M","M","?","?","M"],"character_chosen":"DEFECT","items_purchased":["Bronze Scales","White Noise+1"],"campfire_rested":6,"item_purchase_floors":[5,14],"current_hp_per_floor":[64,57,46,46,46,46,46,67,67,37,37,37,58,58,71,39,63,48,21,21,21,7,7,28,42,42,38,17,38,26,25,46,5,55,16,16,16,16,0],"gold":175,"neow_bonus":"BOSS_RELIC","is_prod":false,"is_daily":false,"chose_seed":false,"campfire_upgraded":2,"win_rate":0,"timestamp":1548025696,"path_taken":["M","M","?","?","$","R","?","R","T","E","R","?","R","$","R","BOSS","M","?","?","?","M","?","R","?","T","M","?","R","?","M","R","BOSS","M","M","?","?","M"],"build_version":"2019-01-17v2","purchased_purges":1,"victory":false,"max_hp_per_floor":[71,71,71,71,71,71,71,71,71,71,71,71,71,71,71,71,71,71,71,71,71,71,71,71,71,71,71,71,71,71,71,71,71,71,71,71,71,71,71],"card_choices":[{"not_picked":["Aggregate","Compile Driver"],"picked":"Sweeping Beam","floor":1},{"not_picked":["Heatsinks","Capacitor"],"picked":"Sunder","floor":2},{"not_picked":["Stack+1","Steam Power+1"],"picked":"Cold Snap","floor":10},{"not_picked":["Genetic Algorithm+1","Chaos+1"],"picked":"Capacitor","floor":12},{"not_picked":["Seek+1","Buffer"],"picked":"Creative AI","floor":16},{"not_picked":["Barrage+1","Steam Power+1"],"picked":"Coolheaded+1","floor":18},{"not_picked":["Force Field+1","Rebound"],"picked":"Leap+1","floor":22},{"not_picked":["Beam Cell","Stack+1"],"picked":"Steam+1","floor":27},{"not_picked":["Chaos+1","Gash"],"picked":"Doom and Gloom","floor":28},{"not_picked":["Barrage","Hologram+1"],"picked":"Capacitor","floor":30},{"not_picked":["Sweeping Beam","Scrape","Hyperbeam"],"picked":"SKIP","floor":31},{"not_picked":["All For One","Electrodynamics"],"picked":"Echo Form","floor":33},{"not_picked":["Double Energy+1","Rebound"],"picked":"Redo+1","floor":35},{"not_picked":["Rip and Tear+1","Barrage+1","Turbo+1"],"picked":"SKIP","floor":36}],"player_experience":2177122,"relics_obtained":[{"floor":4,"key":"Cables"},{"floor":9,"key":"Toxic Egg 2"},{"floor":10,"key":"Bottled Flame"}],"event_choices":[{"damage_healed":0,"gold_gain":75,"player_choice":"Gather Gold","damage_taken":11,"max_hp_gain":0,"max_hp_loss":0,"event_name":"World of Goop","floor":3,"gold_loss":0},{"damage_healed":0,"gold_gain":0,"cards_transformed":["Strike_B"],"player_choice":"Transformed","damage_taken":0,"max_hp_gain":0,"max_hp_loss":0,"event_name":"Transmorgrifier","floor":7,"gold_loss":0,"cards_obtained":["Redo"]},{"damage_healed":0,"gold_gain":0,"player_choice":"Fight","damage_taken":0,"max_hp_gain":0,"max_hp_loss":0,"event_name":"Colosseum","floor":19,"gold_loss":0},{"damage_healed":0,"gold_gain":0,"player_choice":"Fled From Nobs","damage_taken":0,"max_hp_gain":0,"max_hp_loss":0,"event_name":"Colosseum","floor":19,"gold_loss":0},{"damage_healed":0,"gold_gain":0,"cards_transformed":["Strike_B","Strike_B"],"player_choice":"Became Test Subject","damage_taken":0,"max_hp_gain":0,"max_hp_loss":0,"event_name":"Drug Dealer","floor":20,"gold_loss":0,"cards_obtained":["Streamline","Machine Learning"]},{"damage_healed":0,"gold_gain":0,"player_choice":"Paid Fearfully","damage_taken":0,"max_hp_gain":0,"max_hp_loss":0,"event_name":"Masked Bandits","floor":23,"gold_loss":29},{"damage_healed":14,"gold_gain":0,"player_choice":"Heal","damage_taken":0,"max_hp_gain":0,"max_hp_loss":0,"event_name":"The Library","floor":25,"gold_loss":0},{"damage_healed":0,"gold_gain":0,"player_choice":"Ignored","damage_taken":0,"max_hp_gain":0,"max_hp_loss":0,"event_name":"Tomb of Lord Red Mask","floor":37,"gold_loss":0},{"damage_healed":0,"gold_gain":0,"player_choice":"Copied","damage_taken":0,"max_hp_gain":0,"max_hp_loss":0,"event_name":"Duplicator","floor":38,"gold_loss":0,"cards_obtained":["Echo Form"]}],"is_beta":false,"boss_relics":[{"not_picked":["White Beast Statue","Empty Cage"],"picked":"Cursed Key"},{"not_picked":["Nuclear Battery","Busted Crown"],"picked":"Runic Pyramid"}],"items_purged_floors":[21],"is_endless":false,"potions_floor_spawned":[1,12,19,22,27,35],"killed_by":"3 Darklings","ascension_level":18}