{"gold_per_floor":[110,110,134,3,21,21,56,76,76,76,96,127,49,68,68,164,164,184,4,94,115,128,128,172,196,196,196,196,196,212,212,212,305,305,325,338,31,49,49],"floor_reached":39,"playtime":1611,"items_purged":["Strike_B"],"score":878,"play_id":"67e640d1-dc87-4fb9-8bc2-c1979dfa3ce6","local_time":"20190120110551","is_ascension_mode":true,"campfire_choices":[{"data":"White Noise","floor":6,"key":"SMITH"},{"data":"Zap","floor":10,"key":"SMITH"},{"data":"Defragment","floor":15,"key":"SMITH"},{"floor":23,"key":"REST"},{"floor":27,"key":"REST"},{"floor":29,"key":"RECALL"},{"data":"Creative AI","floor":32,"key":"SMITH"}],"neow_cost":"NONE","seed_source_timestamp":8824397096506,"circlet_count":0,"master_deck":["AscendersBane","Strike_B","Strike_B","Strike_B","Defend_B","Defend_B","Defend_B","Defend_B","Zap+1","Dualcast","Ball Lightning","Reinforced Body","Conserve Battery","White Noise+1","BootSequence","Electrodynamics","Steam","Glacier","Defragment+1","Hologram","Creative AI+1","Capacitor+1","Defragment","Coolheaded","Go for the Eyes","Coolheaded+1","Coolheaded","Genetic Algorithm","Loop","Recycle","Machine Learning","Defragment","Redo","Defragment","Stack","Finesse","Heatsinks"],"relics":["Cracked Core","NeowsBlessing","Golden Idol","Bronze Scales","Ancient Tea Set","Turnip","Eternal Feather","Potion Belt","StoneCalendar","Nloth\u0027s Gift","FaceOfCleric","Sozu"],"potions_floor_usage":[11,12,22,25,33,35,39],"damage_taken":[{"damage":0,"enemies":"Cultist","floor":1,"turns":1},{"damage":0,"enemies":"Jaw Worm","floor":5,"turns":1},{"damage":0,"enemies":"Gremlin Nob","floor":7,"turns":1},{"damage":0,"enemies":"2 Louse","floor":8,"turns":2},{"damage":0,"enemies":"Red Slaver","floor":11,"turns":2},{"damage":7,"enemies":"Lagavulin","floor":12,"turns":6},{"damage":0,"enemies":"2 Fungi Beasts","floor":14,"turns":3},{"damage":8,"enemies":"The Guardian","floor":16,"turns":9},{"damage":10,"enemies":"Chosen","floor":18,"turns":6},{"damage":0,"enemies":"3 Byrds","floor":21,"turns":2},{"damage":44,"enemies":"3 Cultists","floor":22,"turns":5},{"damage":16,"enemies":"Book of Stabbing","floor":24,"turns":5},{"damage":6,"enemies":"Sentry and Sphere","floor":25,"turns":6},{"damage":11,"enemies":"Snake Plant","floor":30,"turns":3},{"damage":33,"enemies":"Collector","floor":33,"turns":10},{"damage":31,"enemies":"3 Darklings","floor":35,"turns":6},{"damage":5,"enemies":"3 Shapes","floor":36,"turns":4},{"damage":37,"enemies":"Maw","floor":38,"turns":7},{"damage":9,"enemies":"Transient","floor":39,"turns":3}],"seed_played":"1371770751445697289","potions_obtained":[{"floor":5,"key":"FearPotion"},{"floor":8,"key":"Poison Potion"},{"floor":16,"key":"GamblersBrew"},{"floor":21,"key":"FocusPotion"},{"floor":22,"key":"Block Potion"},{"floor":25,"key":"SpeedPotion"},{"floor":30,"key":"Fire Potion"},{"floor":33,"key":"Regen Potion"}],"is_trial":false,"path_per_floor":["M","?","T","$","M","R","E","M","T","R","M","E","$","M","R","B",null,"M","$","?","M","M","R","E","M","T","R","?","R","M","?","R","B",null,"M","M","$","M","M"],"character_chosen":"DEFECT","items_purchased":["Reinforced Body","Conserve Battery","Defragment","Defragment","Coolheaded","Go for the Eyes","Defragment","Stack","Finesse"],"campfire_rested":2,"item_purchase_floors":[4,4,13,19,19,19,37,37,37],"current_hp_per_floor":[64,64,64,64,64,64,74,74,74,74,74,67,67,67,67,59,70,60,60,46,46,2,39,23,17,17,57,57,74,63,63,74,42,67,49,45,45,9,0],"gold":49,"neow_bonus":"THREE_ENEMY_KILL","is_prod":false,"is_daily":false,"chose_seed":false,"campfire_upgraded":4,"win_rate":0,"timestamp":1548000351,"path_taken":["M","?","?","?","?","R","E","M","T","R","M","E","$","M","R","BOSS","M","$","?","M","M","R","E","?","T","R","?","R","?","?","R","BOSS","M","M","$","M","M"],"build_version":"2019-01-17v2","purchased_purges":1,"victory":false,"max_hp_per_floor":[71,64,64,64,64,64,74,74,74,74,74,74,74,74,74,74,74,74,74,74,74,74,74,74,74,74,74,74,74,74,74,74,75,75,76,77,77,78,78],"card_choices":[{"not_picked":["Fusion","Static Discharge"],"picked":"Ball Lightning","floor":1},{"not_picked":["Sweeping Beam","Hologram"],"picked":"White Noise","floor":5},{"not_picked":["Streamline","Redo"],"picked":"BootSequence","floor":7},{"not_picked":["Rebound","Hologram"],"picked":"Electrodynamics","floor":8},{"not_picked":["Barrage","Aggregate"],"picked":"Steam","floor":11},{"not_picked":["Recycle","Capacitor"],"picked":"Glacier","floor":12},{"not_picked":["Rebound","Fusion"],"picked":"Hologram","floor":14},{"not_picked":["Electrodynamics","Thunder Strike"],"picked":"Creative AI","floor":16},{"not_picked":["Cold Snap","Beam Cell+1"],"picked":"Capacitor+1","floor":18},{"not_picked":["Steam Power","Cold Snap"],"picked":"Coolheaded+1","floor":21},{"not_picked":["Compile Driver","Redo"],"picked":"Coolheaded","floor":22},{"not_picked":["Streamline","Cold Snap"],"picked":"Genetic Algorithm","floor":24},{"not_picked":["Rip and Tear","Hyperbeam"],"picked":"Loop","floor":25},{"not_picked":["Double Energy","Turbo"],"picked":"Recycle","floor":30},{"not_picked":["Meteor Strike","Multi-Cast"],"picked":"Machine Learning","floor":33},{"not_picked":["Blizzard","Cold Snap"],"picked":"Defragment","floor":35},{"not_picked":["White Noise","Compile Driver"],"picked":"Redo","floor":36},{"not_picked":["Steam Power","Leap"],"picked":"Heatsinks","floor":38}],"player_experience":2172261,"relics_obtained":[{"floor":3,"key":"Bronze Scales"},{"floor":7,"key":"Pear"},{"floor":9,"key":"Ancient Tea Set"},{"floor":12,"key":"Turnip"},{"floor":24,"key":"Potion Belt"},{"floor":26,"key":"StoneCalendar"}],"event_choices":[{"damage_healed":0,"gold_gain":0,"player_choice":"Lose Max HP","damage_taken":0,"relics_obtained":["Golden Idol"],"max_hp_gain":0,"max_hp_loss":7,"event_name":"Golden Idol","floor":2,"gold_loss":0},{"damage_healed":0,"gold_gain":90,"player_choice":"GOLD ","damage_taken":14,"max_hp_gain":0,"max_hp_loss":0,"event_name":"Knowing Skull","floor":20,"potions_obtained":[],"gold_loss":0,"cards_obtained":[]},{"damage_healed":0,"gold_gain":0,"player_choice":"Traded Relic","damage_taken":0,"relics_obtained":["Nloth\u0027s Gift"],"max_hp_gain":0,"max_hp_loss":0,"event_name":"N\u0027loth","floor":28,"relics_lost":["Pear"],"gold_loss":0},{"damage_healed":0,"gold_gain":0,"player_choice":"Trade","damage_taken":0,"relics_obtained":["FaceOfCleric"],"max_hp_gain":0,"max_hp_loss":0,"event_name":"FaceTrader","floor":31,"gold_loss":0}],"is_beta":false,"boss_relics":[{"not_picked":["Tiny House","Coffee Dripper"],"picked":"Eternal Feather"},{"not_picked":["Philosopher\u0027s Stone","Pandora\u0027s Box"],"picked":"Sozu"}],"items_purged_floors":[37],"is_endless":false,"potions_floor_spawned":[5,8,16,21,22,25,30,33,35,36],"killed_by":"Transient","ascension_level":18}