{"gold_per_floor":[209,73,173,191,191,191,207,207,276,287,301,18,49,60,60,158,158,177,192,203,203,203,203,231,231,231,231,37,53,53,71,71,172,172,185,202,218,218],"floor_reached":38,"playtime":2233,"items_purged":["Strike_R"],"score":517,"play_id":"f79ca22b-cded-4248-81e8-2161c49e6698","local_time":"20190107221830","is_ascension_mode":true,"campfire_choices":[{"data":"Flame Barrier","floor":6,"key":"SMITH"},{"data":"Bash","floor":8,"key":"SMITH"},{"data":"Clothesline","floor":15,"key":"SMITH"},{"floor":23,"key":"REST"},{"floor":25,"key":"REST"},{"data":"Barricade","floor":27,"key":"SMITH"},{"data":"Entrench","floor":32,"key":"SMITH"}],"neow_cost":"NONE","seed_source_timestamp":248599334092475,"circlet_count":0,"master_deck":["Strike_R","Strike_R","Strike_R","Defend_R","Defend_R","Defend_R","Defend_R","Bash+1","Flame Barrier+1","Warcry","Swift Strike","Battle Trance","Carnage","Clothesline+1","Disarm","Barricade+1","Thunderclap","Infernal Blade","Necronomicurse","Flex","Mayhem","Ghostly Armor","Entrench+1","Metallicize+1","Bludgeon","Body Slam+1","Fire Breathing+1","Entrench"],"relics":["Burning Blood","Sundial","ClockworkSouvenir","Boot","Runic Dome","Necronomicon","Mummified Hand","Bottled Tornado","Anchor","White Beast Statue"],"potions_floor_usage":[13,16,16,24,38,38,38],"damage_taken":[{"damage":6,"enemies":"Cultist","floor":1,"turns":3},{"damage":2,"enemies":"Small Slimes","floor":4,"turns":4},{"damage":3,"enemies":"2 Louse","floor":7,"turns":3},{"damage":0,"enemies":"Large Slime","floor":10,"turns":4},{"damage":0,"enemies":"2 Fungi Beasts","floor":11,"turns":3},{"damage":16,"enemies":"Gremlin Nob","floor":13,"turns":3},{"damage":0,"enemies":"Blue Slaver","floor":14,"turns":3},{"damage":65,"enemies":"Slime Boss","floor":16,"turns":15},{"damage":22,"enemies":"Spheric Guardian","floor":18,"turns":4},{"damage":17,"enemies":"Shell Parasite","floor":19,"turns":5},{"damage":9,"enemies":"Centurion and Healer","floor":20,"turns":7},{"damage":21,"enemies":"Gremlin Leader","floor":24,"turns":5},{"damage":0,"enemies":"Snecko","floor":29,"turns":4},{"damage":0,"enemies":"Snake Plant","floor":31,"turns":4},{"damage":16,"enemies":"Automaton","floor":33,"turns":10},{"damage":25,"enemies":"3 Darklings","floor":35,"turns":8},{"damage":0,"enemies":"Orb Walker","floor":36,"turns":2},{"damage":52,"enemies":"Writhing Mass","floor":37,"turns":5},{"damage":16,"enemies":"Jaw Worm Horde","floor":38,"turns":1}],"seed_played":"-7701071328259798311","potions_obtained":[{"floor":4,"key":"Strength Potion"},{"floor":7,"key":"Block Potion"},{"floor":13,"key":"FearPotion"},{"floor":19,"key":"PowerPotion"},{"floor":31,"key":"GamblersBrew"},{"floor":33,"key":"FearPotion"},{"floor":35,"key":"Fire Potion"},{"floor":37,"key":"Strength Potion"}],"is_trial":false,"path_per_floor":["M","$","?","M","?","R","M","R","T","M","M","$","E","M","R","B",null,"M","M","M","?","?","R","E","R","T","R","$","M","?","M","R","B",null,"M","M","M","M"],"character_chosen":"IRONCLAD","items_purchased":["Warcry","Swift Strike","ClockworkSouvenir","Mayhem"],"campfire_rested":2,"item_purchase_floors":[2,2,12,28],"current_hp_per_floor":[72,72,72,76,76,76,79,79,79,80,80,80,70,76,76,17,64,48,37,34,18,18,42,27,51,51,51,51,57,57,63,63,53,73,54,60,14,0],"gold":218,"neow_bonus":"HUNDRED_GOLD","is_prod":false,"is_daily":false,"chose_seed":false,"campfire_upgraded":5,"win_rate":0,"timestamp":1546867110,"path_taken":["M","?","?","?","?","R","M","R","T","M","?","$","E","M","R","BOSS","M","M","?","?","?","R","E","R","T","R","$","M","?","M","R","BOSS","M","M","M","M"],"build_version":"2019-01-03v4","purchased_purges":1,"victory":false,"max_hp_per_floor":[80,80,80,80,80,80,80,80,80,80,80,80,80,80,80,80,80,80,80,80,80,80,80,80,80,80,80,80,80,80,80,80,80,80,80,80,80,80],"card_choices":[{"not_picked":["Havoc","Bloodletting"],"picked":"Flame Barrier","floor":1},{"not_picked":["Wild Strike","Clash"],"picked":"Battle Trance","floor":4},{"not_picked":["Anger","Wild Strike"],"picked":"Carnage","floor":7},{"not_picked":["Power Through","Hemokinesis"],"picked":"Clothesline","floor":10},{"not_picked":["Clash","Headbutt","Clothesline"],"picked":"SKIP","floor":11},{"not_picked":["Burning Pact","Clothesline","Carnage"],"picked":"SKIP","floor":13},{"not_picked":["Bloodletting","Inflame"],"picked":"Disarm","floor":14},{"not_picked":["Brutality","Impervious"],"picked":"Barricade","floor":16},{"not_picked":["Clothesline","Burning Pact+1","Second Wind"],"picked":"SKIP","floor":18},{"not_picked":["Burning Pact","Clothesline"],"picked":"Thunderclap","floor":19},{"not_picked":["Thunderclap","Disarm"],"picked":"Infernal Blade","floor":20},{"not_picked":["Dark Embrace","Clothesline"],"picked":"Flex","floor":24},{"not_picked":["Twin Strike","Spot Weakness"],"picked":"Ghostly Armor","floor":29},{"not_picked":["Cleave","Heavy Blade+1"],"picked":"Metallicize+1","floor":31},{"not_picked":["Berserk","Offering"],"picked":"Bludgeon","floor":33},{"not_picked":["Iron Wave+1","Anger"],"picked":"Body Slam+1","floor":35},{"not_picked":["Clash+1","Warcry"],"picked":"Fire Breathing+1","floor":36},{"not_picked":["Twin Strike+1","Havoc"],"picked":"Entrench","floor":37}],"player_experience":344013,"relics_obtained":[{"floor":9,"key":"Sundial"},{"floor":13,"key":"Boot"},{"floor":21,"key":"Necronomicon"},{"floor":24,"key":"Bottled Tornado"},{"floor":26,"key":"Anchor"}],"event_choices":[{"damage_healed":0,"gold_gain":100,"player_choice":"Gold","damage_taken":0,"max_hp_gain":0,"max_hp_loss":0,"event_name":"Wheel of Change","floor":3,"gold_loss":0},{"cards_removed":["Strike_R"],"damage_healed":0,"gold_gain":0,"player_choice":"Purged","damage_taken":0,"max_hp_gain":0,"max_hp_loss":0,"event_name":"Purifier","floor":5,"gold_loss":0},{"damage_healed":0,"gold_gain":0,"player_choice":"Obtained Book","damage_taken":16,"max_hp_gain":0,"max_hp_loss":0,"event_name":"Cursed Tome","floor":21,"gold_loss":0},{"damage_healed":0,"gold_gain":0,"player_choice":"Opened","damage_taken":0,"relics_obtained":["Mummified Hand"],"max_hp_gain":0,"max_hp_loss":0,"event_name":"The Mausoleum","floor":22,"gold_loss":0},{"damage_healed":0,"gold_gain":0,"player_choice":"Read","damage_taken":0,"max_hp_gain":0,"max_hp_loss":0,"event_name":"The Library","floor":30,"gold_loss":0,"cards_obtained":["Entrench"]}],"is_beta":false,"boss_relics":[{"not_picked":["Pandora\u0027s Box","Lizard Tail"],"picked":"Runic Dome"},{"not_picked":["Coffee Dripper","Astrolabe"],"picked":"White Beast Statue"}],"items_purged_floors":[12],"is_endless":false,"potions_floor_spawned":[4,7,13,19,31,33,35,36,37],"killed_by":"Jaw Worm Horde","ascension_level":6}