{"gold_per_floor":[109,78,78,92,104,104,118,118,118,132,152,152,164,183,183,280,280,298,248,265,265,280,280,280,297,297,222,233,246,246,265,265,265],"floor_reached":33,"playtime":1583,"items_purged":[],"score":331,"play_id":"36485774-9531-4027-a3b2-4653481fc54b","local_time":"20181001011733","is_ascension_mode":true,"campfire_choices":[{"data":"Conserve Battery","floor":6,"key":"SMITH"},{"floor":12,"key":"REST"},{"data":"Chaos","floor":15,"key":"SMITH"},{"floor":23,"key":"REST"},{"floor":30,"key":"REST"},{"floor":32,"key":"REST"}],"neow_cost":"NONE","seed_source_timestamp":46279726287561,"circlet_count":0,"master_deck":["Strike_B","Strike_B","Strike_B","Defend_B","Defend_B","Defend_B","Defend_B","Zap+1","Dualcast","Capacitor","Coolheaded","Conserve Battery+1","Chaos+1","Cold Snap","Go for the Eyes","Stack","Buffer","Echo Form","Compile Driver","Darkness","Auto Shields+1","Echo Form","Leap"],"relics":["Sozu","Cables","Inserter","MutagenicStrength","Darkstone Periapt"],"potions_floor_usage":[],"damage_taken":[{"damage":7,"enemies":"2 Louse","floor":1,"turns":3},{"damage":7,"enemies":"Jaw Worm","floor":4,"turns":3},{"damage":0,"enemies":"Small Slimes","floor":5,"turns":3},{"damage":1,"enemies":"3 Louse","floor":7,"turns":4},{"damage":1,"enemies":"2 Fungi Beasts","floor":10,"turns":5},{"damage":2,"enemies":"Red Slaver","floor":11,"turns":3},{"damage":7,"enemies":"3 Louse","floor":13,"turns":5},{"damage":1,"enemies":"Lots of Slimes","floor":14,"turns":4},{"damage":7,"enemies":"Slime Boss","floor":16,"turns":15},{"damage":9,"enemies":"Spheric Guardian","floor":18,"turns":6},{"damage":1,"enemies":"Shell Parasite","floor":20,"turns":7},{"damage":50,"enemies":"Cultist and Chosen","floor":22,"turns":10},{"damage":15,"enemies":"Centurion and Healer","floor":25,"turns":10},{"damage":13,"enemies":"Snake Plant","floor":28,"turns":7},{"damage":2,"enemies":"Shelled Parasite and Fungi","floor":29,"turns":6},{"damage":0,"enemies":"Centurion and Healer","floor":31,"turns":5},{"damage":47,"enemies":"Collector","floor":33,"turns":7}],"seed_played":"617424248657935306","potions_obtained":[],"is_trial":false,"path_per_floor":["M","?","?","M","M","R","M","?","T","M","M","R","M","M","R","B",null,"M","?","M","?","M","R","?","M","T","?","M","M","R","M","R"],"character_chosen":"DEFECT","items_purchased":[],"campfire_rested":4,"item_purchase_floors":[],"current_hp_per_floor":[61,61,61,54,54,54,53,53,53,52,50,72,65,64,64,57,71,62,62,61,61,11,33,33,18,18,18,5,3,25,25,47,0],"gold":265,"neow_bonus":"BOSS_RELIC","is_prod":false,"is_daily":false,"chose_seed":false,"campfire_upgraded":2,"win_rate":0,"timestamp":1538374653,"path_taken":["M","?","?","M","M","R","M","?","T","M","M","R","?","M","R","BOSS","M","?","M","?","M","R","?","M","T","?","?","M","R","?","R","BOSS"],"build_version":"2018-09-27","purchased_purges":0,"victory":false,"max_hp_per_floor":[75,75,75,75,75,75,75,75,75,75,75,75,75,75,75,75,75,75,75,75,75,75,75,75,75,75,75,75,75,75,75,75,75],"card_choices":[{"not_picked":["Compile Driver","Barrage"],"picked":"Capacitor","floor":1},{"not_picked":["Hologram","Stack"],"picked":"Coolheaded","floor":4},{"not_picked":["Barrage","Redo"],"picked":"Conserve Battery","floor":5},{"not_picked":["Stack","Reinforced Body"],"picked":"Chaos","floor":7},{"not_picked":["Storm","Rip and Tear"],"picked":"Cold Snap","floor":10},{"not_picked":["Heatsinks","Barrage"],"picked":"Go for the Eyes","floor":11},{"not_picked":["Go for the Eyes","Fusion"],"picked":"Stack","floor":13},{"not_picked":["Skim","Turbo"],"picked":"Buffer","floor":14},{"not_picked":["Fission","Thunder Strike"],"picked":"Echo Form","floor":16},{"not_picked":["Steam","Rip and Tear"],"picked":"Compile Driver","floor":18},{"not_picked":["White Noise","Storm","Hologram"],"picked":"SKIP","floor":20},{"not_picked":["Leap","Recycle"],"picked":"Darkness","floor":22},{"not_picked":["Turbo","Chaos"],"picked":"Auto Shields+1","floor":25},{"not_picked":["Beam Cell","Tempest"],"picked":"Echo Form","floor":28},{"not_picked":["Steam","Force Field+1","Stack"],"picked":"SKIP","floor":29},{"not_picked":["Heatsinks","Self Repair"],"picked":"Leap","floor":31}],"player_experience":705013,"relics_obtained":[{"floor":9,"key":"Cables"},{"floor":26,"key":"Darkstone Periapt"}],"event_choices":[{"event_name":"World of Goop","player_choice":"Left","floor":2,"damage_taken":0},{"event_name":"Living Wall","player_choice":"Grow","floor":3,"damage_taken":0},{"event_name":"Golden Wing","player_choice":"Ignored","floor":8,"damage_taken":0},{"event_name":"The Joust","player_choice":"Bet on Owner","floor":19,"damage_taken":0},{"event_name":"Drug Dealer","player_choice":"Inject Mutagens","floor":21,"damage_taken":0},{"event_name":"Cursed Tome","player_choice":"Ignored","floor":24,"damage_taken":0},{"event_name":"Beggar","player_choice":"Gave Gold","floor":27,"damage_taken":0}],"is_beta":false,"boss_relics":[{"not_picked":["Tiny House","Astrolabe"],"picked":"Inserter"}],"items_purged_floors":[],"is_endless":false,"potions_floor_spawned":[1,7,13,16,18,20,22,28],"killed_by":"Collector","ascension_level":7}