{"gold_per_floor":[111,127,139,139,151,151,151,151,151,151,177,193,212,222,222,321,321,338,338,354,368,368,368,386,411,411,423,423,443,443,457,457,553,553,563,10,10,10,10,10,23,23,23,35,35,53,53,68,68,68],"floor_reached":50,"playtime":1700,"items_purged":["Strike_G"],"score":468,"play_id":"98686b43-a833-4b8b-82e7-be7eaa3b10c7","local_time":"20181202204712","is_ascension_mode":false,"campfire_choices":[{"data":"Noxious Fumes","floor":6.0,"key":"SMITH"},{"data":"Neutralize","floor":8.0,"key":"SMITH"},{"data":"Dagger Spray","floor":10.0,"key":"SMITH"},{"data":"Crippling Poison","floor":15.0,"key":"SMITH"},{"data":"Catalyst","floor":23.0,"key":"SMITH"},{"floor":28.0,"key":"REST"},{"floor":32.0,"key":"REST"},{"data":"Skewer","floor":40.0,"key":"SMITH"},{"data":"Violence","floor":42.0,"key":"SMITH"},{"floor":47.0,"key":"REST"},{"floor":49.0,"key":"REST"}],"neow_cost":"NONE","seed_source_timestamp":97036932474402,"circlet_count":0,"master_deck":["Defend_G","Defend_G","Defend_G","Defend_G","Strike_G","Survivor","Neutralize+1","Dagger Spray+1","Noxious Fumes+1","Venomology","Cloak And Dagger","Crippling Poison+1","Corpse Explosion","Catalyst+1","Blur","Distraction","Quick Slash","Backflip","Calculated Gamble+1","Backflip","Skewer+1","Malaise","Violence+1","Die Die Die","Blade Dance+1","Secret Technique","Trip","Parasite"],"special_seed":0,"relics":["Philosopher\u0027s Stone"],"potions_floor_usage":[50,50],"damage_taken":[{"damage":1.0,"enemies":"Small Slimes","floor":1.0,"turns":4.0},{"damage":1.0,"enemies":"Jaw Worm","floor":2.0,"turns":6.0},{"damage":0.0,"enemies":"Cultist","floor":3.0,"turns":4.0},{"damage":5.0,"enemies":"Red Slaver","floor":5.0,"turns":5.0},{"damage":16.0,"enemies":"Gremlin Nob","floor":11.0,"turns":4.0},{"damage":0.0,"enemies":"Blue Slaver","floor":12.0,"turns":4.0},{"damage":0.0,"enemies":"Exordium Wildlife","floor":13.0,"turns":2.0},{"damage":0.0,"enemies":"2 Fungi Beasts","floor":14.0,"turns":4.0},{"damage":23.0,"enemies":"Hexaghost","floor":16.0,"turns":9.0},{"damage":13.0,"enemies":"3 Byrds","floor":18.0,"turns":3.0},{"damage":2.0,"enemies":"Chosen","floor":20.0,"turns":6.0},{"damage":13.0,"enemies":"Sentry and Sphere","floor":21.0,"turns":4.0},{"damage":18.0,"enemies":"Snecko","floor":24.0,"turns":5.0},{"damage":17.0,"enemies":"Book of Stabbing","floor":25.0,"turns":4.0},{"damage":0.0,"enemies":"Snake Plant","floor":27.0,"turns":4.0},{"damage":18.0,"enemies":"Shelled Parasite and Fungi","floor":29.0,"turns":4.0},{"damage":1.0,"enemies":"Snecko","floor":31.0,"turns":4.0},{"damage":29.0,"enemies":"Automaton","floor":33.0,"turns":9.0},{"damage":6.0,"enemies":"3 Shapes","floor":35.0,"turns":3.0},{"damage":2.0,"enemies":"Orb Walker","floor":41.0,"turns":3.0},{"damage":26.0,"enemies":"Jaw Worm Horde","floor":44.0,"turns":2.0},{"damage":38.0,"enemies":"Transient","floor":46.0,"turns":5.0},{"damage":10.0,"enemies":"Writhing Mass","floor":48.0,"turns":6.0},{"damage":38,"enemies":"Donu and Deca","floor":50,"turns":3}],"seed_played":"-4213921561785290526","potions_obtained":[{"floor":1.0,"key":"Energy Potion"},{"floor":5.0,"key":"SteroidPotion"},{"floor":11.0,"key":"SteroidPotion"},{"floor":16.0,"key":"Swift Potion"},{"floor":20.0,"key":"Weak Potion"},{"floor":25.0,"key":"Swift Potion"},{"floor":27.0,"key":"Energy Potion"},{"floor":29.0,"key":"SkillPotion"},{"floor":44.0,"key":"Swift Potion"}],"is_trial":false,"path_per_floor":["M","M","M","?","M","R","?","R","T","R","E","M","M","M","R","B",null,"M","?","M","M","?","R","M","E","T","M","R","M","T","M","R","B",null,"M","$","?","$","?","R","M","R","T","M","?","M","R","M","R","B"],"character_chosen":"THE_SILENT","items_purchased":["Block Potion","Violence","Die Die Die","Ancient Potion"],"campfire_rested":4,"item_purchase_floors":[36,36,36,36],"current_hp_per_floor":[69,68,68,68,63,63,63,63,63,63,47,47,47,47,47,24,70,57,57,55,42,42,42,24,7,7,7,28,10,10,9,30,1,70,64,64,64,64,64,64,62,62,62,36,31,4,23,13,32,0],"gold":68,"neow_bonus":"BOSS_RELIC","is_prod":false,"is_daily":false,"chose_seed":false,"campfire_upgraded":7,"win_rate":0,"timestamp":1543780032,"path_taken":["M","M","M","?","M","R","?","R","T","R","E","M","M","M","R","BOSS","M","?","M","?","?","R","M","E","T","M","R","M","?","M","R","BOSS","M","$","?","$","?","R","M","R","T","M","?","M","R","M","R","BOSS"],"build_version":"2018-11-15","purchased_purges":1,"victory":false,"max_hp_per_floor":[70,70,70,70,70,70,70,70,70,70,70,70,70,70,70,70,70,70,70,70,70,70,70,70,70,70,70,70,70,70,70,70,70,70,70,70,70,70,66,66,66,66,66,66,66,66,66,66,66,66],"card_choices":[{"not_picked":["Caltrops","Escape Plan","Tactician"],"picked":"SKIP","floor":1.0},{"not_picked":["Blade Dance","Bane"],"picked":"Dagger Spray","floor":2.0},{"not_picked":["Outmaneuver","Dagger Throw"],"picked":"Noxious Fumes","floor":3.0},{"not_picked":["Masterful Stab","Sucker Punch","Escape Plan"],"picked":"SKIP","floor":5.0},{"not_picked":["Acrobatics","Terror"],"picked":"Venomology","floor":11.0},{"not_picked":["Slice","Acrobatics","Heel Hook"],"picked":"SKIP","floor":12.0},{"not_picked":["Quick Slash","Dodge and Roll"],"picked":"Cloak And Dagger","floor":13.0},{"not_picked":["Slice","Dodge and Roll"],"picked":"Crippling Poison","floor":14.0},{"not_picked":["Venomology","Adrenaline"],"picked":"Corpse Explosion","floor":16.0},{"not_picked":["Reflex","Sucker Punch","Distraction"],"picked":"SKIP","floor":18.0},{"not_picked":["Footwork+1","Infinite Blades+1"],"picked":"Catalyst","floor":20.0},{"not_picked":["Concentrate+1","Outmaneuver"],"picked":"Blur","floor":21.0},{"not_picked":["Leg Sweep","Tactician"],"picked":"Backflip","floor":24.0},{"not_picked":["Cloak And Dagger","Prepared"],"picked":"Calculated Gamble+1","floor":25.0},{"not_picked":["Acrobatics","Outmaneuver"],"picked":"Backflip","floor":27.0},{"not_picked":["Backflip+1","Outmaneuver"],"picked":"Skewer","floor":29.0},{"not_picked":["Flying Knee","Riddle With Holes","Dagger Throw"],"picked":"SKIP","floor":31.0},{"not_picked":["Glass Knife","Venomology"],"picked":"Malaise","floor":33.0},{"not_picked":["Flying Knee+1","Bane","Masterful Stab+1"],"picked":"SKIP","floor":35.0},{"not_picked":["Outmaneuver","Finisher","Deadly Poison"],"picked":"SKIP","floor":41.0},{"not_picked":["Choke+1","Outmaneuver"],"picked":"Blade Dance+1","floor":44.0},{"not_picked":["Trip","Transmutation"],"picked":"Secret Technique","floor":45.0},{"not_picked":["Good Instincts","PanicButton"],"picked":"Trip","floor":45.0},{"not_picked":["Accuracy+1","Acrobatics","Prepared+1"],"picked":"SKIP","floor":46.0},{"not_picked":["Quick Slash","Eviscerate+1","Heel Hook+1"],"picked":"SKIP","floor":48.0}],"player_experience":1061181,"relics_obtained":[],"event_choices":[{"damage_healed":0.0,"max_hp_gain":0.0,"max_hp_loss":0.0,"gold_gain":0.0,"event_name":"Liars Game","player_choice":"Ignored","floor":4.0,"gold_loss":0.0,"damage_taken":0.0},{"cards_removed":["Strike_G"],"damage_healed":0.0,"max_hp_gain":0.0,"max_hp_loss":0.0,"gold_gain":0.0,"event_name":"Purifier","player_choice":"Purged","floor":7.0,"gold_loss":0.0,"damage_taken":0.0},{"cards_removed":["Strike_G"],"damage_healed":0.0,"max_hp_gain":0.0,"max_hp_loss":0.0,"gold_gain":0.0,"event_name":"Bonfire Elementals","player_choice":"Offered Basic","floor":19.0,"gold_loss":0.0,"damage_taken":0.0},{"damage_healed":0.0,"max_hp_gain":0.0,"max_hp_loss":0.0,"gold_gain":0.0,"cards_transformed":["Strike_G","Defend_G"],"event_name":"Drug Dealer","player_choice":"Became Test Subject","floor":22.0,"gold_loss":0.0,"damage_taken":0.0,"cards_obtained":["Distraction","Quick Slash"]},{"damage_healed":0.0,"max_hp_gain":0.0,"max_hp_loss":0.0,"gold_gain":0.0,"event_name":"Mysterious Sphere","player_choice":"Ignored","floor":37.0,"gold_loss":0.0,"damage_taken":0.0},{"damage_healed":0.0,"max_hp_gain":0.0,"max_hp_loss":4.0,"gold_gain":0.0,"event_name":"Winding Halls","player_choice":"Max HP","floor":39.0,"gold_loss":0.0,"damage_taken":0.0},{"damage_healed":0.0,"max_hp_gain":0.0,"max_hp_loss":0.0,"gold_gain":0.0,"event_name":"SensoryStone","player_choice":"Memory 2","floor":45.0,"gold_loss":0.0,"damage_taken":5.0}],"is_beta":false,"boss_relics":[{"not_picked":["Snecko Eye","Runic Dome","White Beast Statue"]},{"not_picked":["Velvet Choker","Sozu","Lizard Tail"]}],"items_purged_floors":[36],"is_endless":false,"potions_floor_spawned":[1,5,11,12,16,20,25,27,29,44],"killed_by":"Donu and Deca","ascension_level":0}