{"gold_per_floor":[114,114,60,136,147,157,157,157,181,181,33,53,53,73,73,169,169,188,188,188,188,201,201,213,244,244,256,274,286,256,275,275,275],"floor_reached":33,"playtime":1334,"items_purged":["Strike_R"],"score":359,"play_id":"ada30947-880c-4c4c-9748-c9be3f458bef","local_time":"20190124154301","is_ascension_mode":false,"campfire_choices":[{"data":"Heavy Blade","floor":8,"key":"SMITH"},{"data":"Inflame","floor":13,"key":"SMITH"},{"data":"Bash","floor":15,"key":"SMITH"},{"data":"Headbutt","floor":23,"key":"SMITH"},{"data":"Double Tap","floor":32,"key":"SMITH"}],"neow_cost":"PERCENT_DAMAGE","seed_source_timestamp":1117290808751545,"circlet_count":0,"master_deck":["Strike_R+1","Strike_R+1","Strike_R+1","Strike_R+1","Defend_R+1","Defend_R+1","Defend_R+1","Defend_R+1","Bash+1","Spot Weakness+1","Heavy Blade+1","Inflame+1","Headbutt+1","Reaper","Double Tap+1","Heavy Blade"],"relics":["Burning Blood","Oddly Smooth Stone","Lizard Tail","Darkstone Periapt","The Courier","Gambling Chip"],"potions_floor_usage":[5,24,25,28,33],"damage_taken":[{"damage":6,"enemies":"Jaw Worm","floor":1,"turns":3},{"damage":0,"enemies":"Small Slimes","floor":5,"turns":3},{"damage":7,"enemies":"2 Louse","floor":6,"turns":2},{"damage":13,"enemies":"2 Fungi Beasts","floor":12,"turns":3},{"damage":16,"enemies":"Large Slime","floor":14,"turns":3},{"damage":0,"enemies":"Slime Boss","floor":16,"turns":7},{"damage":38,"enemies":"Shell Parasite","floor":18,"turns":4},{"damage":11,"enemies":"Chosen","floor":22,"turns":4},{"damage":6,"enemies":"Snecko","floor":24,"turns":4},{"damage":31,"enemies":"Gremlin Leader","floor":25,"turns":5},{"damage":24,"enemies":"Snake Plant","floor":27,"turns":3},{"damage":8,"enemies":"Centurion and Healer","floor":28,"turns":3},{"damage":21,"enemies":"3 Cultists","floor":29,"turns":4},{"damage":21,"enemies":"Snake Plant","floor":31,"turns":3},{"damage":163,"enemies":"Automaton","floor":33,"turns":10}],"seed_played":"-1465777284247837006","potions_obtained":[{"floor":1,"key":"Energy Potion"},{"floor":5,"key":"Swift Potion"},{"floor":16,"key":"Swift Potion"},{"floor":18,"key":"EssenceOfSteel"},{"floor":25,"key":"Regen Potion"},{"floor":28,"key":"SkillPotion"},{"floor":30,"key":"FairyPotion"},{"floor":30,"key":"Swift Potion"}],"is_trial":false,"path_per_floor":["M","?","$","?","M","M","?","R","T","?","$","M","R","M","R","B",null,"M","?","?","?","M","R","M","E","T","M","M","M","?","M","R","B"],"character_chosen":"IRONCLAD","items_purchased":["Heavy Blade","Inflame"],"campfire_rested":0,"item_purchase_floors":[3,11],"current_hp_per_floor":[72,72,72,72,78,77,77,77,77,58,58,51,51,41,41,47,96,64,64,64,64,67,67,83,82,82,64,71,56,56,41,41,0],"gold":275,"neow_bonus":"TWENTY_PERCENT_HP_BONUS","is_prod":false,"is_daily":false,"chose_seed":false,"campfire_upgraded":5,"win_rate":0,"timestamp":1548373381,"path_taken":["M","?","$","?","M","M","?","R","T","?","$","M","R","M","R","BOSS","M","?","?","?","M","R","M","E","T","?","?","M","?","M","R","BOSS"],"build_version":"2019-01-23","purchased_purges":1,"victory":false,"max_hp_per_floor":[96,96,96,96,96,96,96,96,96,96,96,96,96,96,96,96,96,96,96,96,96,96,96,96,96,96,96,96,96,96,96,96,96],"card_choices":[{"not_picked":["Twin Strike","Entrench"],"picked":"Spot Weakness","floor":1},{"not_picked":["Havoc","Wild Strike","Intimidate"],"picked":"SKIP","floor":5},{"not_picked":["Clash","True Grit","Reckless Charge"],"picked":"SKIP","floor":6},{"not_picked":["Twin Strike","Clothesline"],"picked":"Headbutt","floor":12},{"not_picked":["Hemokinesis","Warcry","Body Slam"],"picked":"SKIP","floor":14},{"not_picked":["Immolate","Juggernaut"],"picked":"Reaper","floor":16},{"not_picked":["Carnage","Reckless Charge","Warcry"],"picked":"SKIP","floor":18},{"not_picked":["Anger","Rupture","Wild Strike"],"picked":"SKIP","floor":22},{"not_picked":["Flex","Bloodletting"],"picked":"Double Tap","floor":24},{"not_picked":["Uppercut","Twin Strike+1","Perfected Strike"],"picked":"SKIP","floor":25},{"not_picked":["Uppercut","Havoc","Shrug It Off"],"picked":"SKIP","floor":27},{"not_picked":["Twin Strike+1","Wild Strike","Immolate"],"picked":"SKIP","floor":28},{"not_picked":["Anger","Combust"],"picked":"Heavy Blade","floor":29},{"not_picked":["Clash","Sword Boomerang","Ghostly Armor"],"picked":"SKIP","floor":31}],"player_experience":149861,"relics_obtained":[{"floor":9,"key":"Oddly Smooth Stone"},{"floor":25,"key":"The Courier"},{"floor":26,"key":"Gambling Chip"}],"event_choices":[{"damage_healed":0,"gold_gain":0,"player_choice":"Grow","damage_taken":0,"max_hp_gain":0,"max_hp_loss":0,"event_name":"Living Wall","floor":2,"gold_loss":0,"cards_upgraded":["Spot Weakness"]},{"damage_healed":0,"gold_gain":76,"player_choice":"Gained Gold","damage_taken":0,"max_hp_gain":0,"max_hp_loss":0,"event_name":"Golden Wing","floor":4,"gold_loss":0},{"damage_healed":0,"gold_gain":0,"player_choice":"Ignored","damage_taken":0,"max_hp_gain":0,"max_hp_loss":0,"event_name":"Liars Game","floor":7,"gold_loss":0},{"damage_healed":0,"gold_gain":0,"player_choice":"Entered Light","damage_taken":19,"max_hp_gain":0,"max_hp_loss":0,"event_name":"Shining Light","floor":10,"gold_loss":0,"cards_upgraded":["Strike_R","Strike_R"]},{"damage_healed":0,"gold_gain":0,"player_choice":"Simplicity","damage_taken":0,"max_hp_gain":0,"max_hp_loss":0,"event_name":"Back to Basics","floor":19,"gold_loss":0,"cards_upgraded":["Strike_R","Strike_R","Defend_R","Defend_R","Defend_R","Defend_R"]},{"damage_healed":0,"gold_gain":0,"player_choice":"Ignored","damage_taken":0,"max_hp_gain":0,"max_hp_loss":0,"event_name":"The Mausoleum","floor":20,"gold_loss":0},{"damage_healed":0,"gold_gain":0,"player_choice":"Gave Potion","damage_taken":0,"relics_obtained":["Darkstone Periapt"],"max_hp_gain":0,"max_hp_loss":0,"event_name":"WeMeetAgain","floor":21,"gold_loss":0},{"damage_healed":0,"gold_gain":0,"player_choice":"Bought 2 Potions","damage_taken":0,"max_hp_gain":0,"max_hp_loss":0,"event_name":"The Woman in Blue","floor":30,"gold_loss":0}],"is_beta":false,"boss_relics":[{"not_picked":["Fusion Hammer","Busted Crown"],"picked":"Lizard Tail"}],"items_purged_floors":[11],"is_endless":false,"potions_floor_spawned":[1,5,16,18,25,28],"killed_by":"Automaton","ascension_level":0}