{"gold_per_floor":[117,130,47,47,47,82,82,100,127,140,173,199,219,70,70,146,146,161,161,65,83,83,83,95,95],"floor_reached":25,"playtime":1034,"items_purged":[],"score":472,"play_id":"7138de16-d188-4814-902b-f944fd55b5ed","local_time":"20190210162322","is_ascension_mode":true,"campfire_choices":[{"data":"Zap","floor":7,"key":"SMITH"},{"floor":15,"key":"REST"},{"floor":23,"key":"REST"}],"neow_cost":"NONE","seed_source_timestamp":612117099876343,"circlet_count":0,"master_deck":["AscendersBane","Strike_B","Strike_B","Defend_B","Defend_B","Defend_B","Defend_B","Zap+1","Dualcast","White Noise","Double Energy","Storm","Conserve Battery","Tempest","Tempest","Thunder Strike","Leap","Buffer","Ball Lightning","Electrodynamics","Stack","Static Discharge","Coolheaded","Stack","Double Energy","Electrodynamics","Auto Shields","White Noise"],"relics":["Cracked Core","NeowsBlessing","Dream Catcher","Pen Nib","Girya","Orichalcum","Cursed Key"],"potions_floor_usage":[11,16,16,24],"damage_taken":[{"damage":0,"enemies":"Small Slimes","floor":1,"turns":1},{"damage":0,"enemies":"Jaw Worm","floor":2,"turns":1},{"damage":0,"enemies":"Gremlin Nob","floor":6,"turns":1},{"damage":0,"enemies":"2 Louse","floor":8,"turns":4},{"damage":10,"enemies":"Looter","floor":10,"turns":3},{"damage":38,"enemies":"3 Sentries","floor":11,"turns":8},{"damage":4,"enemies":"2 Fungi Beasts","floor":13,"turns":3},{"damage":10,"enemies":"Hexaghost","floor":16,"turns":8},{"damage":29,"enemies":"2 Thieves","floor":18,"turns":4},{"damage":34,"enemies":"Colosseum Slavers","floor":19,"turns":4},{"damage":0,"enemies":"Spheric Guardian","floor":21,"turns":2},{"damage":10,"enemies":"Centurion and Healer","floor":24,"turns":6},{"damage":22,"enemies":"Cultist and Chosen","floor":25,"turns":5}],"seed_played":"-4553847884080015715","potions_obtained":[{"floor":1,"key":"Strength Potion"},{"floor":2,"key":"Block Potion"},{"floor":11,"key":"SkillPotion"},{"floor":24,"key":"Fruit Juice"}],"is_trial":false,"path_per_floor":["M","M","$","?","?","E","R","M","T","M","E","T","M","$","R","B",null,"M","?","$","M","?","R","M","M"],"character_chosen":"DEFECT","items_purchased":["Storm","Buffer","Static Discharge","Coolheaded"],"campfire_rested":2,"item_purchase_floors":[3,14,20,20],"current_hp_per_floor":[64,64,64,69,69,69,69,69,69,59,21,21,17,17,39,29,64,35,1,1,1,1,23,18,0],"gold":95,"neow_bonus":"THREE_ENEMY_KILL","is_prod":false,"is_daily":false,"chose_seed":false,"campfire_upgraded":1,"win_rate":0,"timestamp":1549833802,"path_taken":["M","M","$","?","?","E","R","M","T","M","E","?","M","$","R","BOSS","M","?","$","M","?","R","M","M"],"build_version":"2019-01-23","purchased_purges":0,"victory":false,"max_hp_per_floor":[71,71,71,76,76,76,76,76,76,76,76,76,76,76,76,76,76,76,76,76,76,76,76,81,81],"card_choices":[{"not_picked":["Undo","Stack"],"picked":"White Noise","floor":1},{"not_picked":["Redo","Turbo"],"picked":"Double Energy","floor":2},{"not_picked":["Beam Cell","Steam"],"picked":"Conserve Battery","floor":6},{"not_picked":["Gash","Hologram"],"picked":"Tempest","floor":8},{"not_picked":["Melter","Sweeping Beam"],"picked":"Tempest","floor":10},{"not_picked":["Turbo","Storm"],"picked":"Thunder Strike","floor":11},{"not_picked":["Streamline","Steam"],"picked":"Leap","floor":13},{"not_picked":["Cold Snap","Reprogram"],"picked":"Ball Lightning","floor":15},{"not_picked":["Buffer","Thunder Strike"],"picked":"Electrodynamics","floor":16},{"not_picked":["Rebound","Skim"],"picked":"Stack","floor":18},{"not_picked":["Sweeping Beam","Streamline"],"picked":"Stack","floor":21},{"not_picked":["Rebound+1","Streamline"],"picked":"Auto Shields","floor":23},{"not_picked":["Beam Cell","Steam"],"picked":"White Noise","floor":24}],"player_experience":2384148,"relics_obtained":[{"floor":6,"key":"Dream Catcher"},{"floor":9,"key":"Pen Nib"},{"floor":11,"key":"Girya"},{"floor":12,"key":"Orichalcum"}],"event_choices":[{"damage_healed":0,"gold_gain":0,"player_choice":"Donut","damage_taken":0,"max_hp_gain":5,"max_hp_loss":0,"event_name":"Big Fish","floor":4,"gold_loss":0},{"damage_healed":0,"gold_gain":0,"player_choice":"Ignored","damage_taken":0,"max_hp_gain":0,"max_hp_loss":0,"event_name":"Liars Game","floor":5,"gold_loss":0},{"damage_healed":0,"gold_gain":0,"player_choice":"Fight","damage_taken":0,"max_hp_gain":0,"max_hp_loss":0,"event_name":"Colosseum","floor":19,"gold_loss":0},{"damage_healed":0,"gold_gain":0,"player_choice":"Fled From Nobs","damage_taken":0,"max_hp_gain":0,"max_hp_loss":0,"event_name":"Colosseum","floor":19,"gold_loss":0},{"damage_healed":0,"gold_gain":0,"cards_transformed":["Strike_B","Strike_B"],"player_choice":"Became Test Subject","damage_taken":0,"max_hp_gain":0,"max_hp_loss":0,"event_name":"Drug Dealer","floor":22,"gold_loss":0,"cards_obtained":["Double Energy","Electrodynamics"]}],"is_beta":false,"boss_relics":[{"not_picked":["Fusion Hammer","Philosopher\u0027s Stone"],"picked":"Cursed Key"}],"items_purged_floors":[],"is_endless":false,"potions_floor_spawned":[1,2,10,11,19,24],"killed_by":"Cultist and Chosen","ascension_level":20}