{"gold_per_floor":[117,46,58,77,77,112,112,123,123,141,151,37,37,37,37,137,137,154,154,154],"floor_reached":20,"playtime":1335,"items_purged":["Strike_G"],"score":218,"play_id":"17680fe8-4a94-4d8e-876f-3e64d6b9161d","local_time":"20180707142727","is_ascension_mode":true,"campfire_choices":[{"floor":7,"key":"REST"},{"floor":13,"key":"REST"},{"floor":15,"key":"REST"}],"neow_cost":"NONE","seed_source_timestamp":321312937547920,"circlet_count":0,"master_deck":["Defend_G","Defend_G","Defend_G+1","Defend_G+1","Defend_G","Strike_G","Strike_G","Survivor","Neutralize+1","PiercingWail","Blur","Heel Hook","Blade Dance","Noxious Fumes","Poisoned Stab","Quick Slash","Die Die Die","Infinite Blades+1","Envenom+1","Expertise"],"relics":["Ring of the Snake","Dead Branch","Frozen Egg 2","Empty Cage"],"potions_floor_usage":[6,16],"damage_taken":[{"damage":2,"enemies":"2 Louse","floor":1,"turns":3},{"damage":2,"enemies":"Small Slimes","floor":3,"turns":5},{"damage":0,"enemies":"Jaw Worm","floor":4,"turns":5},{"damage":13,"enemies":"3 Sentries","floor":6,"turns":12},{"damage":11,"enemies":"Large Slime","floor":8,"turns":7},{"damage":5,"enemies":"Blue Slaver","floor":10,"turns":4},{"damage":6,"enemies":"3 Louse","floor":11,"turns":5},{"damage":5,"enemies":"Hexaghost","floor":16,"turns":8},{"damage":24,"enemies":"Shell Parasite","floor":18,"turns":5},{"damage":49,"floor":20,"turns":3}],"seed_played":"-5892433964215225311","potions_obtained":[{"floor":3,"key":"Explosive Potion"},{"floor":11,"key":"AttackPotion"}],"is_trial":false,"path_per_floor":["M","$","M","M","?","E","R","M","T","M","M","$","R","$","R","B",null,"M","?"],"character_chosen":"THE_SILENT","items_purchased":["Blur","Infinite Blades+1"],"campfire_rested":3,"item_purchase_floors":[2,12],"current_hp_per_floor":[68,68,66,66,52,39,60,49,49,44,38,38,59,59,70,65,69,45,45,0],"gold":154,"neow_bonus":"UPGRADE_CARD","is_prod":false,"is_daily":false,"chose_seed":false,"campfire_upgraded":0,"win_rate":0,"timestamp":1530988047,"path_taken":["M","$","M","M","?","E","R","M","T","M","M","?","R","$","R","BOSS","M","?","?"],"build_version":"2018-07-05","purchased_purges":1,"victory":false,"max_hp_per_floor":[70,70,70,70,70,70,70,70,70,70,70,70,70,70,70,70,70,70,70,70],"card_choices":[{"not_picked":["Deadly Poison","Flying Knee"],"picked":"PiercingWail","floor":1},{"not_picked":["Riddle With Holes","Distraction"],"picked":"Heel Hook","floor":3},{"not_picked":["Terror","Bouncing Flask"],"picked":"Blade Dance","floor":4},{"not_picked":["Poisoned Stab","Quick Slash"],"picked":"Noxious Fumes","floor":6},{"not_picked":["Masterful Stab","Reflex"],"picked":"Poisoned Stab","floor":8},{"not_picked":["Deadly Poison","Choke"],"picked":"Quick Slash","floor":10},{"not_picked":["Poisoned Stab","Flying Knee"],"picked":"Die Die Die","floor":11},{"not_picked":["Doppelganger","Storm of Steel"],"picked":"Envenom+1","floor":16},{"not_picked":["Deadly Poison","Backstab"],"picked":"Expertise","floor":18}],"player_experience":987769,"relics_obtained":[{"floor":6,"key":"Dead Branch"},{"floor":9,"key":"Frozen Egg 2"}],"event_choices":[{"event_name":"Shining Light","player_choice":"Entered Light","floor":5,"damage_taken":0},{"event_name":"Vampires","player_choice":"Ignored","floor":19,"damage_taken":0},{"event_name":"Masked Bandits","player_choice":"Fought over 154 gold","floor":20,"damage_taken":0}],"boss_relics":[{"not_picked":["Orrery","White Beast Statue"],"picked":"Empty Cage"}],"items_purged_floors":[12],"is_endless":false,"potions_floor_spawned":[3,11],"ascension_level":5}