{"path_per_floor":["M","?","M","M","$","R","M","R","T","?","E","M","E","M","R","B",null,"M","?","$","M","M","R","E","?","T","R","M","E","M","M","R","B",null,"M","M","?","M","M","R","E","R","T","?","M","?","M","E","R","B"],"character_chosen":"DEFECT","items_purchased":["Genetic Algorithm","Cold Snap","Strawberry"],"gold_per_floor":[113,113,127,147,48,48,58,58,58,58,85,96,121,134,134,232,232,232,232,14,14,14,14,14,14,14,14,14,14,14,14,14,14,14,14,14,14,14,14,14,14,14,14,14,14,14,14,14,14,14],"floor_reached":51,"campfire_rested":2,"playtime":4660,"item_purchase_floors":[],"current_hp_per_floor":[79,72,72,72,72,72,72,72,72,77,64,59,51,51,51,33,87,87,71,78,55,55,55,53,84,84,84,84,82,82,82,82,78,94,94,94,82,82,82,82,32,60,60,60,60,60,60,46,46,46],"items_purged":["Strike_B"],"gold":14,"score":912,"play_id":"bf51a6b1-5fc1-4416-86d7-a95eb9153fb6","local_time":"20180609040742","is_prod":false,"is_daily":false,"chose_seed":false,"is_ascension_mode":true,"campfire_upgraded":7,"win_rate":0,"timestamp":1528510062,"campfire_choices":[{"data":"Sunder","floor":6.0,"key":"SMITH"},{"data":"Genetic Algorithm","floor":8.0,"key":"SMITH"},{"data":"Zap","floor":15.0,"key":"SMITH"},{"data":"Dualcast","floor":23.0,"key":"SMITH"},{"data":"Defragment","floor":27.0,"key":"SMITH"},{"data":"Capacitor","floor":32.0,"key":"SMITH"},{"data":"Machine Learning","floor":40.0,"key":"SMITH"},{"floor":42.0,"key":"REST"},{"floor":49.0,"key":"REST"}],"path_taken":["M","?","M","M","?","R","M","R","T","?","E","M","E","M","R","BOSS","M","?","$","M","M","R","E","?","T","R","M","E","M","M","R","BOSS","M","M","?","M","M","R","E","R","T","?","M","?","?","E","R","BOSS"],"build_version":"2018-06-07v2","seed_source_timestamp":618162754866368,"purchased_purges":1,"victory":true,"master_deck":["Strike_B+1","Strike_B+1","Strike_B+1","Defend_B+1","Defend_B+1","Defend_B+1","Zap+1","Dualcast+1","Cold Snap+1","Stack+1","Sunder+1","Genetic Algorithm+1","Cold Snap+1","Conserve Battery+1","Machine Learning+1","Conserve Battery+1","Stack+1","Capacitor+1","Reboot+1","Barrage+1","Go for the Eyes+1","Go for the Eyes+1","Defragment+1","Ball Lightning+1","Blizzard+1","Glacier+1","Auto Shields+1","Multi-Cast+1","Double Energy+1","Redo+1","Madness+1","Madness+1","Cold Snap+1","Cold Snap+1","Barrage+1","Cold Snap+1","Barrage+1","Coolheaded+1","Ball Lightning+1"],"max_hp_per_floor":[82,82,82,82,82,82,82,82,82,87,87,87,87,87,87,87,87,87,87,94,94,94,94,94,94,94,94,94,94,94,94,94,94,94,94,94,94,94,94,94,94,94,94,94,94,94,94,94,94,94],"relics":["Cracked Core","Sundial","Gremlin Horn","Ornamental Fan","Bag of Marbles","Ectoplasm","Nilry\u0027s Codex","Strawberry","Bronze Scales","Mercury Hourglass","Toxic Egg 2","Black Star","Smiling Mask","Question Card","Dream Catcher","Mark of the Bloom","Ginger","Thread and Needle"],"card_choices":[{"not_picked":["Hologram","Steam Power"],"picked":"Cold Snap","floor":1.0},{"not_picked":["Sweeping Beam","Storm"],"picked":"Stack","floor":3.0},{"not_picked":["Cold Snap","Undo"],"picked":"Sunder","floor":4.0},{"not_picked":["Rebound","Streamline"],"picked":"Conserve Battery","floor":7.0},{"not_picked":["Tempest","Cold Snap"],"picked":"Machine Learning","floor":11.0},{"not_picked":["Auto Shields","Rebound"],"picked":"Conserve Battery","floor":12.0},{"not_picked":["Hologram","Ball Lightning"],"picked":"Stack","floor":13.0},{"not_picked":["Force Field","Chill"],"picked":"Capacitor","floor":14.0},{"not_picked":["Meteor Strike","All For One"],"picked":"Reboot","floor":16.0},{"not_picked":["Ball Lightning","Sweeping Beam"],"picked":"Barrage+1","floor":18.0},{"not_picked":["Auto Shields","Doom and Gloom+1"],"picked":"Go for the Eyes","floor":21.0},{"not_picked":["Leap+1","Steam"],"picked":"Go for the Eyes","floor":22.0},{"not_picked":["Beam Cell","Reprogram"],"picked":"Defragment","floor":24.0},{"not_picked":["Beam Cell","Reprogram"],"picked":"Ball Lightning","floor":28.0},{"not_picked":["Cold Snap","Aggregate+1"],"picked":"Blizzard","floor":29.0},{"not_picked":["Self Repair+1","Reprogram+1"],"picked":"Glacier+1","floor":30.0},{"not_picked":["Barrage","Sweeping Beam"],"picked":"Auto Shields+1","floor":31.0},{"not_picked":["Buffer","All For One"],"picked":"Multi-Cast+1","floor":33.0},{"not_picked":["Loop","Stack+1"],"picked":"Double Energy+1","floor":35.0},{"not_picked":["Stack+1","Compile Driver+1"],"picked":"Redo+1","floor":36.0},{"not_picked":["Gash","Double Energy+1"],"picked":"Cold Snap+1","floor":38.0},{"not_picked":["Reinforced Body+1","Stack+1"],"picked":"Cold Snap+1","floor":39.0},{"not_picked":["Undo+1","Electrodynamics"],"picked":"Barrage+1","floor":41.0},{"not_picked":["Ball Lightning+1","Coolheaded+1","Streamline+1"],"picked":"Cold Snap+1","floor":45.0},{"not_picked":["Glacier+1","Turbo+1","Streamline"],"picked":"Barrage+1","floor":47.0},{"not_picked":["Conserve Battery+1","Rainbow+1","Leap+1"],"picked":"Coolheaded+1","floor":48.0},{"not_picked":["Sweeping Beam","Streamline","Beam Cell"],"picked":"Ball Lightning+1","floor":49.0}],"player_experience":69095,"potions_floor_usage":[],"damage_taken":[{"damage":3.0,"enemies":"Jaw Worm","floor":1.0,"turns":4.0},{"damage":0.0,"enemies":"Small Slimes","floor":3.0,"turns":4.0},{"damage":0.0,"enemies":"2 Louse","floor":4.0,"turns":2.0},{"damage":0.0,"enemies":"Exordium Thugs","floor":7.0,"turns":5.0},{"damage":13.0,"enemies":"Lagavulin","floor":11.0,"turns":6.0},{"damage":5.0,"enemies":"Looter","floor":12.0,"turns":3.0},{"damage":8.0,"enemies":"Gremlin Nob","floor":13.0,"turns":4.0},{"damage":0.0,"enemies":"3 Louse","floor":14.0,"turns":3.0},{"damage":18.0,"enemies":"Hexaghost","floor":16.0,"turns":14.0},{"damage":0.0,"enemies":"Spheric Guardian","floor":18.0,"turns":3.0},{"damage":23.0,"enemies":"3 Byrds","floor":21.0,"turns":5.0},{"damage":0.0,"enemies":"3 Cultists","floor":22.0,"turns":5.0},{"damage":9.0,"enemies":"Gremlin Leader","floor":24.0,"turns":7.0},{"damage":0.0,"enemies":"Snake Plant","floor":28.0,"turns":2.0},{"damage":2.0,"enemies":"Book of Stabbing","floor":29.0,"turns":5.0},{"damage":0.0,"enemies":"Sentry and Sphere","floor":30.0,"turns":4.0},{"damage":0.0,"enemies":"Centurion and Healer","floor":31.0,"turns":5.0},{"damage":4.0,"enemies":"Automaton","floor":33.0,"turns":10.0},{"damage":0.0,"enemies":"Orb Walker","floor":35.0,"turns":3.0},{"damage":0.0,"enemies":"3 Shapes","floor":36.0,"turns":2.0},{"damage":0.0,"enemies":"Sphere and 2 Shapes","floor":38.0,"turns":3.0},{"damage":0.0,"enemies":"Flame Bruiser 2 Orb","floor":39.0,"turns":6.0},{"damage":57.0,"enemies":"Giant Head","floor":41.0,"turns":12.0},{"damage":0.0,"enemies":"Transient","floor":45.0,"turns":5.0},{"damage":0.0,"enemies":"Maw","floor":47.0,"turns":7.0},{"damage":14.0,"enemies":"Nemesis","floor":48.0,"turns":7.0},{"damage":0,"enemies":"Time Eater","floor":50,"turns":12}],"relics_obtained":[{"floor":9.0,"key":"Gremlin Horn"},{"floor":11.0,"key":"Ornamental Fan"},{"floor":13.0,"key":"Bag of Marbles"},{"floor":19.0,"key":"Nilry\u0027s Codex"},{"floor":24.0,"key":"Bronze Scales"},{"floor":26.0,"key":"Mercury Hourglass"},{"floor":29.0,"key":"Toxic Egg 2"},{"floor":41.0,"key":"Smiling Mask"},{"floor":41.0,"key":"Question Card"},{"floor":43.0,"key":"Dream Catcher"},{"floor":48.0,"key":"Ginger"},{"floor":48.0,"key":"Thread and Needle"}],"event_choices":[{"event_name":"Scrap Ooze","player_choice":"success","floor":2.0,"damage_taken":7.0},{"event_name":"Big Fish","player_choice":"Donut","floor":10.0,"damage_taken":0.0},{"event_name":"Cursed Tome","player_choice":"Obtained Book","floor":19.0,"damage_taken":0.0},{"event_name":"The Library","player_choice":"Heal","floor":25.0,"damage_taken":0.0},{"event_name":"Winding Halls","player_choice":"Embrace Madness","floor":37.0,"damage_taken":0.0},{"event_name":"MindBloom","player_choice":"Upgrade","floor":44.0,"damage_taken":0.0},{"event_name":"Falling","player_choice":"Removed Skill","floor":46.0,"damage_taken":0.0}],"boss_relics":[{"not_picked":["Astrolabe","Lizard Tail"],"picked":"Ectoplasm"},{"not_picked":["Velvet Choker","Tiny House"],"picked":"Black Star"}],"items_purged_floors":[],"potions_floor_spawned":[4,11,13,22,28,29,31,35,36,47],"seed_played":"-2309042645209867584","ascension_level":2,"potions_obtained":[{"floor":4.0,"key":"Swift Potion"},{"floor":11.0,"key":"Dexterity Potion"},{"floor":13.0,"key":"Ancient Potion"},{"floor":22.0,"key":"Weak Potion"},{"floor":28.0,"key":"Fire Potion"},{"floor":29.0,"key":"Dexterity Potion"},{"floor":31.0,"key":"Poison Potion"},{"floor":35.0,"key":"Poison Potion"},{"floor":36.0,"key":"Poison Potion"},{"floor":47.0,"key":"Regen Potion"}],"is_trial":false}