{"path_per_floor":["M","M","$","M","$","M","R","M","T","R","?","R","?","M","R","B",null,"M","$","M","?","M","R","M","M","T","M"],"character_chosen":"IRONCLAD","items_purchased":[],"gold_per_floor":[215,226,151,168,68,78,78,88,112,112,112,112,112,127,127,224,224,239,114,125,125,137,137,153,171,194,214,214],"floor_reached":28,"campfire_rested":2,"playtime":973,"current_hp_per_floor":[80,80,80,80,80,80,80,78,78,78,71,80,85,80,80,22,85,65,65,49,77,58,83,55,32,32,30,0],"items_purged":["Strike_R","Strike_R","Defend_R"],"gold":214,"score":214,"play_id":"1b3e6772-5b48-4f72-8065-b32a7f566dac","local_time":"20180328203646","is_prod":false,"is_daily":false,"is_ascension_mode":false,"campfire_upgraded":3,"timestamp":1522258606,"path_taken":["M","M","$","M","$","M","R","M","T","R","?","R","?","?","R","BOSS","M","$","?","?","M","R","M","M","T","M","M"],"build_version":"2018-03-22v2","purchased_purges":3,"victory":false,"master_deck":["Strike_R","Strike_R","Strike_R","Defend_R","Defend_R","Bash+1","Anger+1","Anger+1","Shrug It Off+1","Rampage","Anger"],"max_hp_per_floor":[80,80,80,80,80,80,80,80,80,80,80,80,85,85,85,85,85,85,85,85,85,85,85,85,85,85,85,85],"relics":["Burning Blood","Prayer Wheel","Velvet Choker","Bag of Marbles"],"card_choices":[{"not_picked":["Dual Wield","Fire Breathing"],"picked":"Anger","floor":1},{"not_picked":["Whirlwind","Clothesline"],"picked":"Anger","floor":14},{"not_picked":["Headbutt","Iron Wave"],"picked":"Shrug It Off","floor":18},{"not_picked":["Twin Strike","Uppercut"],"picked":"Rampage","floor":20},{"not_picked":["Blood for Blood","Pommel Strike"],"picked":"Anger","floor":24}],"player_experience":205725,"potions_floor_usage":[6,6,14,14,24,27],"damage_taken":[{"damage":0,"enemies":"2 Louse","floor":1,"turns":4},{"damage":1,"enemies":"Cultist","floor":2,"turns":3},{"damage":5,"enemies":"Jaw Worm","floor":4,"turns":4},{"damage":1,"enemies":"Exordium Wildlife","floor":6,"turns":3},{"damage":8,"enemies":"Lots of Slimes","floor":8,"turns":5},{"damage":14,"enemies":"Gremlin Gang","floor":14,"turns":5},{"damage":64,"enemies":"Hexaghost","floor":16,"turns":9},{"damage":26,"enemies":"Spheric Guardian","floor":18,"turns":5},{"damage":22,"enemies":"Chosen","floor":20,"turns":5},{"damage":25,"enemies":"Snake Plant","floor":22,"turns":5},{"damage":34,"enemies":"Centurion and Healer","floor":24,"turns":7},{"damage":29,"enemies":"Chosen and Byrds","floor":25,"turns":7},{"damage":8,"enemies":"3 Cultists","floor":27,"turns":5},{"damage":31,"enemies":"Centurion and Healer","floor":28,"turns":3}],"event_choices":[{"event_name":"Golden Wing","player_choice":"Card Removal","floor":11,"damage_taken":0},{"event_name":"Big Fish","player_choice":"Donut","floor":13,"damage_taken":0},{"event_name":"The Library","player_choice":"Heal","floor":21,"damage_taken":0}],"boss_relics":[{"not_picked":["Calling Bell","Snecko Eye"],"picked":"Velvet Choker"}],"potions_floor_spawned":[1,2,4,8,20,25],"seed_played":"-4057712420760208022","killed_by":"Centurion and Healer","ascension_level":0,"is_trial":false}