{"gold_per_floor":[118,130,51,51,70,102,102,112,187,187,212,17,44,56,56,134,134,154,154,164,164,174,174,174,193,218,218,74,74,74,94,94,170,170,180,11,11,11,111,111,111,111,111,111,111,67,67],"floor_reached":47,"playtime":2201,"items_purged":["Strike_B","Strike_B","Strike_B"],"score":811,"play_id":"8db8a47e-2807-436e-8680-f4e38d65dc58","local_time":"20190120092757","is_ascension_mode":true,"campfire_choices":[{"floor":7,"key":"REST"},{"floor":10,"key":"REST"},{"floor":15,"key":"REST"},{"floor":23,"key":"REST"},{"floor":27,"key":"REST"},{"data":"Loop","floor":30,"key":"SMITH"},{"floor":32,"key":"REST"},{"floor":40,"key":"REST"},{"floor":41,"key":"RECALL"},{"data":"Creative AI","floor":45,"key":"SMITH"}],"neow_cost":"TEN_PERCENT_HP_LOSS","seed_source_timestamp":2357839029867,"circlet_count":0,"master_deck":["AscendersBane","Strike_B","Defend_B","Defend_B","Defend_B","Defend_B","Zap","Dualcast","Loop+1","Turbo","Sunder","Static Discharge","Undo","Genetic Algorithm","Melter","BootSequence","Storm+1","Leap","Steam","Core Surge","Auto Shields","Loop","Rebound","Steam","Static Discharge","Sweeping Beam","Creative AI+1","Conserve Battery","Heatsinks","Flash of Steel","Defragment+1","Loop"],"relics":["Cracked Core","Dead Branch","Mango","Bottled Tornado","Bag of Preparation","Odd Mushroom","Sozu","Velvet Choker","WingedGreaves","Letter Opener"],"potions_floor_usage":[11,14,33],"damage_taken":[{"damage":7,"enemies":"Jaw Worm","floor":1,"turns":3},{"damage":0,"enemies":"2 Louse","floor":2,"turns":2},{"damage":0,"enemies":"Cultist","floor":5,"turns":3},{"damage":46,"enemies":"Gremlin Nob","floor":6,"turns":4},{"damage":11,"enemies":"Exordium Thugs","floor":8,"turns":4},{"damage":29,"enemies":"3 Sentries","floor":11,"turns":5},{"damage":22,"enemies":"The Mushroom Lair","floor":13,"turns":6},{"damage":0,"enemies":"Red Slaver","floor":14,"turns":2},{"damage":29,"enemies":"The Guardian","floor":16,"turns":14},{"damage":0,"enemies":"Chosen","floor":18,"turns":5},{"damage":22,"enemies":"Shell Parasite","floor":20,"turns":3},{"damage":24,"enemies":"Snecko","floor":22,"turns":5},{"damage":3,"enemies":"Sentry and Sphere","floor":25,"turns":5},{"damage":9,"enemies":"Centurion and Healer","floor":31,"turns":4},{"damage":76,"enemies":"Collector","floor":33,"turns":10},{"damage":7,"enemies":"Orb Walker","floor":35,"turns":3},{"damage":12,"enemies":"Mind Bloom Boss Battle","floor":39,"turns":6},{"damage":99,"enemies":"Giant Head","floor":47,"turns":6}],"seed_played":"1557976160025919291","potions_obtained":[{"floor":1,"key":"Energy Potion"},{"floor":2,"key":"FairyPotion"},{"floor":8,"key":"Fire Potion"},{"floor":13,"key":"Regen Potion"},{"floor":16,"key":"Poison Potion"}],"is_trial":false,"path_per_floor":["M","M","$","?","M","E","R","M","T","R","E","$","?","M","R","B",null,"M","?","M","?","M","R","?","M","T","R","$","?","R","M","R","B",null,"M","$","?","?","?","R","R","?","T","$","R","$","E"],"character_chosen":"DEFECT","items_purchased":["Sunder","BootSequence","Storm","Static Discharge","Heatsinks","Loop"],"campfire_rested":7,"item_purchase_floors":[3,12,12,28,36,46],"current_hp_per_floor":[57,57,57,57,57,25,48,37,37,60,31,31,9,14,37,8,61,61,61,39,39,15,38,38,35,35,58,58,58,58,49,72,7,60,53,53,53,53,41,64,64,64,64,64,64,64,0],"gold":67,"neow_bonus":"ONE_RARE_RELIC","is_prod":false,"is_daily":false,"chose_seed":false,"campfire_upgraded":2,"win_rate":0,"timestamp":1547994477,"path_taken":["M","M","$","?","M","E","R","M","T","R","E","$","?","M","R","BOSS","M","?","?","?","?","R","?","M","T","R","$","?","R","M","R","BOSS","M","$","?","?","?","R","R","?","T","$","R","?","E"],"build_version":"2019-01-17v2","purchased_purges":3,"victory":false,"max_hp_per_floor":[64,64,64,64,64,78,78,78,78,78,78,78,78,78,78,78,78,78,78,78,78,78,78,78,78,78,78,78,78,78,78,78,78,78,78,78,78,78,78,78,78,78,78,78,78,78,78],"card_choices":[{"not_picked":["Scrape","Static Discharge"],"picked":"Loop","floor":1},{"not_picked":["Stack","Compile Driver"],"picked":"Turbo","floor":2},{"not_picked":["Leap","Fusion"],"picked":"Static Discharge","floor":5},{"not_picked":["Biased Cognition","Gash"],"picked":"Undo","floor":6},{"not_picked":["Streamline","Hologram"],"picked":"Genetic Algorithm","floor":8},{"not_picked":["Turbo","Undo"],"picked":"Melter","floor":11},{"not_picked":["Skim","Blizzard"],"picked":"Leap","floor":13},{"not_picked":["Amplify","Beam Cell"],"picked":"Steam","floor":14},{"not_picked":["Meteor Strike","All For One"],"picked":"Core Surge","floor":16},{"not_picked":["Hello World","Gash"],"picked":"Auto Shields","floor":18},{"not_picked":["Turbo","Fission"],"picked":"Rebound","floor":20},{"not_picked":["Barrage","Undo"],"picked":"Steam","floor":22},{"not_picked":["Rebound","Hello World"],"picked":"Cold Snap","floor":25},{"not_picked":["Turbo","Redo"],"picked":"Sweeping Beam","floor":31},{"not_picked":["Electrodynamics","Meteor Strike"],"picked":"Creative AI","floor":33},{"not_picked":["Beam Cell","Leap"],"picked":"Conserve Battery","floor":35},{"not_picked":["Enlightenment","Impatience"],"picked":"Flash of Steel","floor":38},{"not_picked":["Stack+1","Coolheaded"],"picked":"Defragment+1","floor":39}],"player_experience":2169828,"relics_obtained":[{"floor":6,"key":"Mango"},{"floor":9,"key":"Bottled Tornado"},{"floor":11,"key":"Bag of Preparation"},{"floor":13,"key":"Odd Mushroom"},{"floor":39,"key":"WingedGreaves"},{"floor":43,"key":"Letter Opener"}],"event_choices":[{"damage_healed":0,"gold_gain":0,"player_choice":"Ignored","damage_taken":0,"max_hp_gain":0,"max_hp_loss":0,"event_name":"Liars Game","floor":4,"gold_loss":0},{"damage_healed":0,"gold_gain":0,"player_choice":"Fought Mushrooms","damage_taken":0,"max_hp_gain":0,"max_hp_loss":0,"event_name":"Mushrooms","floor":13,"gold_loss":0},{"damage_healed":0,"gold_gain":0,"player_choice":"Copied","damage_taken":0,"max_hp_gain":0,"max_hp_loss":0,"event_name":"Duplicator","floor":19,"gold_loss":0,"cards_obtained":["Loop"]},{"damage_healed":0,"gold_gain":0,"player_choice":"Forge","damage_taken":0,"max_hp_gain":0,"max_hp_loss":0,"event_name":"Accursed Blacksmith","floor":21,"gold_loss":0,"cards_upgraded":["Storm"]},{"damage_healed":0,"gold_gain":0,"player_choice":"Ignored","damage_taken":0,"max_hp_gain":0,"max_hp_loss":0,"event_name":"Ghosts","floor":24,"gold_loss":0},{"damage_healed":0,"gold_gain":0,"player_choice":"Ignored","damage_taken":0,"max_hp_gain":0,"max_hp_loss":0,"event_name":"Cursed Tome","floor":29,"gold_loss":0},{"cards_removed":["Cold Snap"],"damage_healed":0,"gold_gain":0,"player_choice":"Removed Attack","damage_taken":0,"max_hp_gain":0,"max_hp_loss":0,"event_name":"Falling","floor":37,"gold_loss":0},{"damage_healed":0,"gold_gain":0,"player_choice":"Memory 1","damage_taken":0,"max_hp_gain":0,"max_hp_loss":0,"event_name":"SensoryStone","floor":38,"gold_loss":0},{"damage_healed":0,"gold_gain":0,"player_choice":"Fight","damage_taken":0,"max_hp_gain":0,"max_hp_loss":0,"event_name":"MindBloom","floor":39,"gold_loss":0},{"damage_healed":0,"gold_gain":0,"player_choice":"Ignored","damage_taken":0,"max_hp_gain":0,"max_hp_loss":0,"event_name":"Mysterious Sphere","floor":42,"gold_loss":0}],"is_beta":false,"boss_relics":[{"not_picked":["Fusion Hammer","Eternal Feather"],"picked":"Sozu"},{"not_picked":["Coffee Dripper","Black Star"],"picked":"Velvet Choker"}],"items_purged_floors":[12,28,36],"is_endless":false,"potions_floor_spawned":[1,2,8,13,16,20,25,39],"killed_by":"Giant Head","ascension_level":18}