{"path_per_floor":["M","?","M","?","M","R","E","R","T","M","M","M","R","E","R","B",null,"M","$","M","M","M","R","E","M","T","E","M","M","E","?","R","B",null,"M","$","M","?","$","E","M","R","T","T","?","?","M"],"character_chosen":"IRONCLAD","items_purchased":["Metallicize+1","Happy Flower","Barricade+1","Flex","Burning Pact"],"gold_per_floor":[116,116,127,127,143,143,171,171,171,190,205,222,222,255,255,355,355,369,74,86,102,117,117,150,170,170,204,224,236,264,187,187,291,291,301,35,46,46,11,45,64,64,87,132,0,0,18,18],"floor_reached":48,"campfire_rested":1,"playtime":8151,"item_purchase_floors":[19,19,36,36,39],"current_hp_per_floor":[80,80,80,80,80,80,56,56,56,56,52,58,58,44,68,72,80,77,77,75,73,78,78,69,72,72,76,77,80,76,76,76,30,80,79,79,72,62,62,48,54,54,54,54,54,54,13,0],"items_purged":["Defend_R","Strike_R"],"gold":18,"score":559,"play_id":"452e51bd-aafa-40ac-ab96-d26fc1ad58da","local_time":"20180623200316","is_prod":false,"is_daily":false,"chose_seed":false,"is_ascension_mode":false,"campfire_upgraded":6,"win_rate":0.0,"timestamp":1529802196,"campfire_choices":[{"data":"Battle Trance","floor":6,"key":"SMITH"},{"data":"Anger","floor":8,"key":"SMITH"},{"data":"Flex","floor":13,"key":"SMITH"},{"floor":15,"key":"REST"},{"data":"Fiend Fire","floor":23,"key":"SMITH"},{"data":"Seeing Red","floor":32,"key":"SMITH"},{"data":"Flex","floor":42,"key":"SMITH"}],"path_taken":["M","?","M","?","M","R","E","R","T","M","M","M","R","E","R","BOSS","M","$","M","M","M","R","E","M","T","E","M","M","E","?","R","BOSS","M","$","M","?","?","E","M","R","T","?","?","?","M","M"],"build_version":"2018-06-21","seed_source_timestamp":364171218690382,"purchased_purges":2,"circlet_count":0,"victory":false,"master_deck":["Strike_R+1","Strike_R","Strike_R+1","Defend_R","Defend_R","Defend_R","Bash","Battle Trance+1","Flex+1","Anger+1","Fire Breathing+1","Shrug It Off","Metallicize+1","Fiend Fire+1","Reaper","Metallicize+1","Metallicize+1","Burning Pact","Fire Breathing+1","Shrug It Off","Seeing Red+1","Rampage","Anger","J.A.X.","Demon Form+1","Fire Breathing+1","Barricade+1","Flex+1","Shrug It Off+1","Madness","Madness","Burning Pact","Armaments+1","Body Slam+1","Doubt","Injury"],"max_hp_per_floor":[80,80,80,80,80,80,80,80,80,80,80,80,80,80,80,80,80,80,80,80,80,80,80,80,80,80,80,80,80,80,80,80,80,80,80,80,80,80,80,80,80,80,80,80,80,80,80,80],"special_seed":17705,"relics":["Burning Blood","Frozen Egg 2","Potion Belt","Gambling Chip","Black Star","Happy Flower","Gremlin Horn","Letter Opener","Whetstone","Self Forming Clay","Shuriken","Oddly Smooth Stone","Orichalcum","Cursed Key","Juzu Bracelet","Boot","Anchor","Bag of Marbles","Red Mask"],"card_choices":[{"not_picked":["Perfected Strike","Corruption"],"picked":"Battle Trance","floor":1},{"not_picked":["Intimidate","Shrug It Off"],"picked":"Flex","floor":3},{"not_picked":["True Grit","Warcry"],"picked":"Anger","floor":5},{"not_picked":["Carnage","Iron Wave"],"picked":"Fire Breathing","floor":7},{"not_picked":["Impervious","Thunderclap"],"picked":"Shrug It Off","floor":10},{"not_picked":["Blood for Blood","Rupture+1","Shockwave"],"picked":"SKIP","floor":11},{"not_picked":["Iron Wave","Dual Wield"],"picked":"Metallicize+1","floor":12},{"not_picked":["Pommel Strike","Clothesline"],"picked":"Fiend Fire","floor":14},{"not_picked":["Impervious","Double Tap"],"picked":"Reaper","floor":16},{"not_picked":["Clash+1","Pommel Strike"],"picked":"Metallicize+1","floor":18},{"not_picked":["Clash","Thunderclap","Reckless Charge"],"picked":"SKIP","floor":20},{"not_picked":["Anger+1","Twin Strike"],"picked":"Burning Pact","floor":21},{"not_picked":["Hemokinesis","Anger"],"picked":"Fire Breathing+1","floor":22},{"not_picked":["Flame Barrier","Rupture+1","Body Slam"],"picked":"SKIP","floor":24},{"not_picked":["Perfected Strike","Seeing Red"],"picked":"Shrug It Off","floor":25},{"not_picked":["Armaments","Rage","True Grit"],"picked":"SKIP","floor":27},{"not_picked":["Flame Barrier+1","Carnage"],"picked":"Seeing Red","floor":28},{"not_picked":["Twin Strike","Cleave"],"picked":"Rampage","floor":29},{"not_picked":["Sword Boomerang","Disarm"],"picked":"Anger","floor":30},{"not_picked":["Double Tap","Bludgeon"],"picked":"Demon Form+1","floor":33},{"not_picked":["Reckless Charge","Armaments+1"],"picked":"Fire Breathing+1","floor":35},{"not_picked":["Power Through","Inflame+1"],"picked":"Shrug It Off+1","floor":37},{"not_picked":["Twin Strike+1","Warcry"],"picked":"Armaments+1","floor":40},{"not_picked":["Searing Blow","Whirlwind+1"],"picked":"Body Slam+1","floor":41},{"not_picked":["Pummel+1","Rage","Clash"],"picked":"SKIP","floor":47}],"player_experience":11971,"potions_floor_usage":[16,16,16,27,27,48,48],"damage_taken":[{"damage":1,"enemies":"Cultist","floor":1,"turns":3},{"damage":5,"enemies":"Jaw Worm","floor":3,"turns":5},{"damage":4,"enemies":"Small Slimes","floor":5,"turns":3},{"damage":30,"enemies":"3 Sentries","floor":7,"turns":10},{"damage":6,"enemies":"Exordium Wildlife","floor":10,"turns":3},{"damage":10,"enemies":"Looter","floor":11,"turns":3},{"damage":0,"enemies":"Large Slime","floor":12,"turns":3},{"damage":20,"enemies":"Lagavulin","floor":14,"turns":6},{"damage":2,"enemies":"Slime Boss","floor":16,"turns":7},{"damage":9,"enemies":"Shell Parasite","floor":18,"turns":7},{"damage":8,"enemies":"Spheric Guardian","floor":20,"turns":5},{"damage":10,"enemies":"Snake Plant","floor":21,"turns":5},{"damage":5,"enemies":"Sentry and Sphere","floor":22,"turns":6},{"damage":15,"enemies":"Book of Stabbing","floor":24,"turns":8},{"damage":3,"enemies":"Slaver and Parasite","floor":25,"turns":6},{"damage":26,"enemies":"Slavers","floor":27,"turns":6},{"damage":5,"enemies":"Snake Plant","floor":28,"turns":5},{"damage":4,"enemies":"Cultist and Chosen","floor":29,"turns":6},{"damage":25,"enemies":"Gremlin Leader","floor":30,"turns":6},{"damage":52,"enemies":"Automaton","floor":33,"turns":11},{"damage":7,"enemies":"Orb Walker","floor":35,"turns":4},{"damage":13,"enemies":"Flame Bruiser 1 Orb","floor":37,"turns":6},{"damage":20,"enemies":"Nemesis","floor":40,"turns":9},{"damage":15,"enemies":"3 Darklings","floor":41,"turns":7},{"damage":47,"enemies":"Sphere and 2 Shapes","floor":47,"turns":7},{"damage":16,"enemies":"Spire Growth","floor":48,"turns":5}],"relics_obtained":[{"floor":7,"key":"Frozen Egg 2"},{"floor":9,"key":"Potion Belt"},{"floor":14,"key":"Gambling Chip"},{"floor":24,"key":"Gremlin Horn"},{"floor":24,"key":"Letter Opener"},{"floor":26,"key":"Whetstone"},{"floor":27,"key":"Self Forming Clay"},{"floor":27,"key":"Shuriken"},{"floor":30,"key":"Oddly Smooth Stone"},{"floor":30,"key":"Orichalcum"},{"floor":40,"key":"Juzu Bracelet"},{"floor":40,"key":"Boot"},{"floor":43,"key":"Anchor"},{"floor":44,"key":"Bag of Marbles"}],"event_choices":[{"event_name":"Liars Game","player_choice":"disagreed","floor":2,"damage_taken":0},{"event_name":"The Cleric","player_choice":"Leave","floor":4,"damage_taken":0},{"event_name":"Drug Dealer","player_choice":"Got JAXXED","floor":31,"damage_taken":0},{"event_name":"Winding Halls","player_choice":"Embrace Madness","floor":38,"damage_taken":0},{"event_name":"Tomb of Lord Red Mask","player_choice":"Paid","floor":45,"damage_taken":0},{"event_name":"Falling","player_choice":"Removed Attack","floor":46,"damage_taken":0}],"boss_relics":[{"not_picked":["Velvet Choker","Eternal Feather"],"picked":"Black Star"},{"not_picked":["Calling Bell","Sozu"],"picked":"Cursed Key"}],"items_purged_floors":[19,36],"is_endless":false,"potions_floor_spawned":[1,3,10,18,24,25,27,29,30,41,47],"seed_played":"3008755091932897102","killed_by":"Spire Growth","ascension_level":0,"potions_obtained":[{"floor":1,"key":"Explosive Potion"},{"floor":3,"key":"Fire Potion"},{"floor":10,"key":"Fire Potion"},{"floor":18,"key":"Explosive Potion"},{"floor":24,"key":"Swift Potion"},{"floor":25,"key":"GamblersBrew"},{"floor":27,"key":"FearPotion"},{"floor":29,"key":"AttackPotion"},{"floor":30,"key":"Weak Potion"},{"floor":41,"key":"Dexterity Potion"},{"floor":47,"key":"LiquidBronze"}],"is_trial":false}