{"gold_per_floor":[115,132,148,148,163,188,188,59,59,59,89,107,117,146,146,248,248,268,280,34,44,64,64,64],"floor_reached":24,"playtime":3846,"items_purged":["Strike_G"],"score":405,"play_id":"7c621ba8-9014-4e78-9f2c-591abea8e4ef","local_time":"20180802160932","is_ascension_mode":true,"campfire_choices":[{"floor":7,"key":"REST"},{"data":"Footwork","floor":10,"key":"SMITH"},{"data":"Leg Sweep","floor":15,"key":"SMITH"},{"data":"Crippling Poison","floor":23,"key":"SMITH"}],"neow_cost":"NONE","seed_source_timestamp":174859241282115,"circlet_count":0,"master_deck":["Defend_G","Defend_G","Defend_G","Defend_G","Strike_G","Strike_G","Strike_G","Survivor","Neutralize","AscendersBane","Footwork+1","Poisoned Stab","Leg Sweep+1","Crippling Poison+1","Poisoned Stab","Well Laid Plans","Escape Plan","Cloak And Dagger","Cloak And Dagger","Tools of the Trade","Crippling Poison","Terror","Dodge and Roll+1","Blur"],"special_seed":0,"relics":["Ring of the Snake","Blood Vial","Paper Crane","Nunchaku","Lantern","HoveringKite","Mummified Hand"],"potions_floor_usage":[5,22],"damage_taken":[{"damage":3.0,"enemies":"Jaw Worm","floor":1.0,"turns":6.0},{"damage":9.0,"enemies":"Small Slimes","floor":2.0,"turns":4.0},{"damage":0.0,"enemies":"Cultist","floor":3.0,"turns":4.0},{"damage":17,"enemies":"Lots of Slimes","floor":5,"turns":8},{"damage":19,"enemies":"3 Sentries","floor":6,"turns":14},{"damage":1,"enemies":"Gremlin Nob","floor":11,"turns":5},{"damage":1,"enemies":"Red Slaver","floor":12,"turns":5},{"damage":0,"enemies":"3 Louse","floor":13,"turns":3},{"damage":1,"enemies":"3 Sentries","floor":14,"turns":11},{"damage":0,"enemies":"Hexaghost","floor":16,"turns":13},{"damage":0,"enemies":"Spheric Guardian","floor":18,"turns":7},{"damage":0,"enemies":"Chosen","floor":19,"turns":7},{"damage":0,"enemies":"Centurion and Healer","floor":21,"turns":10},{"damage":28,"enemies":"3 Cultists","floor":22,"turns":9},{"damage":12,"enemies":"Slavers","floor":24,"turns":2}],"seed_played":"-1516970584548678582","potions_obtained":[{"floor":1.0,"key":"Poison Potion"},{"floor":3.0,"key":"Energy Potion"},{"floor":11,"key":"GamblersBrew"},{"floor":16,"key":"FearPotion"},{"floor":19,"key":"SteroidPotion"},{"floor":22,"key":"LiquidBronze"}],"is_trial":false,"path_per_floor":["M","M","M","?","M","E","R","$","T","R","E","M","M","E","R","B",null,"M","M","$","M","M","R"],"character_chosen":"THE_SILENT","items_purchased":["Poisoned Stab","Mummified Hand"],"campfire_rested":1,"item_purchase_floors":[8,20],"current_hp_per_floor":[60,51,51,51,34,15,36,36,36,36,37,38,40,41,41,43,63,65,67,67,69,42,42,32],"gold":64,"neow_bonus":"REMOVE_CARD","is_prod":false,"is_daily":false,"chose_seed":false,"campfire_upgraded":3,"win_rate":0,"timestamp":1533218972,"path_taken":["M","M","M","?","M","E","R","$","T","R","E","M","M","E","R","BOSS","M","?","?","?","M","R","E"],"build_version":"2018-08-01","purchased_purges":1,"victory":false,"max_hp_per_floor":[70,70,70,70,70,70,70,70,70,70,70,70,70,70,70,70,70,70,70,70,70,70,70,70],"card_choices":[{"not_picked":["PiercingWail","Well Laid Plans"],"picked":"Footwork","floor":1.0},{"not_picked":["Flechettes","Catalyst","Eviscerate"],"picked":"SKIP","floor":2.0},{"not_picked":["Bane","Flying Knee"],"picked":"Poisoned Stab","floor":3.0},{"not_picked":["Riddle With Holes","Deadly Poison"],"picked":"Leg Sweep","floor":5},{"not_picked":["Tools of the Trade","Cloak And Dagger"],"picked":"Crippling Poison","floor":6},{"not_picked":["Envenom","Distraction"],"picked":"Well Laid Plans","floor":11},{"not_picked":["Dagger Spray","Dagger Throw"],"picked":"Escape Plan","floor":12},{"not_picked":["Caltrops","Blade Dance"],"picked":"Cloak And Dagger","floor":13},{"not_picked":["Slice","Blade Dance"],"picked":"Cloak And Dagger","floor":14},{"not_picked":["Unload","Storm of Steel"],"picked":"Tools of the Trade","floor":16},{"not_picked":["Terror+1","Flying Knee"],"picked":"Crippling Poison","floor":18},{"not_picked":["Deflect+1","Endless Agony+1"],"picked":"Terror","floor":19},{"not_picked":["Dagger Spray","Deadly Poison"],"picked":"Dodge and Roll+1","floor":21},{"not_picked":["Flying Knee","Quick Slash"],"picked":"Blur","floor":22}],"player_experience":377696,"relics_obtained":[{"floor":6,"key":"Blood Vial"},{"floor":9,"key":"Paper Crane"},{"floor":11,"key":"Nunchaku"},{"floor":14,"key":"Lantern"}],"event_choices":[{"event_name":"Living Wall","player_choice":"Forget","floor":4.0,"damage_taken":0.0}],"is_beta":true,"boss_relics":[{"not_picked":["WristBlade","Ectoplasm"],"picked":"HoveringKite"}],"items_purged_floors":[8],"is_endless":false,"potions_floor_spawned":[1,3,11,16,19,22],"killed_by":"Slavers","ascension_level":10}