{"gold_per_floor":[116,116,66,66,80,80,80,5,5,5,5,15,42,61,61,134,134,148,160,24,35,0,0,18,18,100,15,35,68,68,68],"floor_reached":31,"playtime":1884,"items_purged":["Strike_G","Defend_G"],"score":459,"play_id":"6a2bf890-1f36-47a6-a6b4-47ca3569397f","local_time":"20180812182952","is_ascension_mode":true,"campfire_choices":[{"data":"Neutralize","floor":6.0,"key":"SMITH"},{"floor":11.0,"key":"REST"},{"data":"Predator","floor":15.0,"key":"SMITH"},{"data":"Footwork","floor":23,"key":"SMITH"},{"floor":30,"key":"REST"}],"neow_cost":"NONE","seed_source_timestamp":1049212074072046,"circlet_count":0,"master_deck":["Defend_G","Defend_G","Defend_G+1","Strike_G","Strike_G","Strike_G","Survivor","Neutralize+1","AscendersBane","Expertise+1","PiercingWail","Blur","Slice","Predator+1","Adrenaline","Dodge and Roll","Leg Sweep","Footwork+1","Backflip","Noxious Fumes","Burst","Dodge and Roll"],"special_seed":0,"relics":["Philosopher\u0027s Stone","Regal Pillow","Ninja Scroll","Ancient Tea Set","WristBlade","Ornamental Fan","Anchor","Ginger"],"potions_floor_usage":[21],"damage_taken":[{"damage":1.0,"enemies":"Jaw Worm","floor":1.0,"turns":4.0},{"damage":3.0,"enemies":"Small Slimes","floor":5.0,"turns":4.0},{"damage":0.0,"enemies":"Cultist","floor":12.0,"turns":4.0},{"damage":30.0,"enemies":"Lagavulin","floor":13.0,"turns":12.0},{"damage":1.0,"enemies":"Exordium Wildlife","floor":14.0,"turns":5.0},{"damage":33.0,"enemies":"The Guardian","floor":16.0,"turns":17.0},{"damage":10.0,"enemies":"2 Thieves","floor":18.0,"turns":4.0},{"damage":0.0,"enemies":"Spheric Guardian","floor":19.0,"turns":3.0},{"damage":8,"enemies":"3 Cultists","floor":21,"turns":6},{"damage":4,"enemies":"Snake Plant","floor":24,"turns":5},{"damage":0,"enemies":"Chosen and Byrds","floor":28,"turns":8},{"damage":0,"enemies":"Book of Stabbing","floor":29,"turns":8},{"damage":91,"enemies":"Gremlin Leader","floor":31,"turns":9}],"seed_played":"8101146850626377487","potions_obtained":[{"floor":1.0,"key":"Explosive Potion"},{"floor":13.0,"key":"Block Potion"},{"floor":14.0,"key":"Weak Potion"},{"floor":19.0,"key":"AttackPotion"}],"is_trial":false,"path_per_floor":["M","?","?","?","M","R","?","$","T","?","R","M","E","M","R","B",null,"M","M","$","M","?","R","M","?","T","?","M","E","R"],"character_chosen":"THE_SILENT","items_purchased":["Footwork"],"campfire_rested":2,"item_purchase_floors":[20],"current_hp_per_floor":[62,48,48,41,38,38,38,38,38,43,75,75,45,44,44,11,59,49,49,49,41,41,41,37,37,37,37,37,37,74,0],"gold":68,"neow_bonus":"BOSS_RELIC","is_prod":false,"is_daily":false,"chose_seed":false,"campfire_upgraded":3,"win_rate":0,"timestamp":1534091392,"path_taken":["M","?","?","?","M","R","?","?","T","?","R","M","E","?","R","BOSS","M","?","?","M","?","R","?","?","T","?","M","E","R","E"],"build_version":"2018-08-08","purchased_purges":2,"victory":false,"max_hp_per_floor":[70,70,70,70,70,70,70,70,70,75,75,75,75,75,75,75,75,75,75,75,75,75,75,75,75,75,75,75,75,75,75],"card_choices":[{"not_picked":["Blade Dance","Catalyst"],"picked":"Expertise","floor":1.0},{"not_picked":["Underhanded Strike","Riddle With Holes"],"picked":"PiercingWail","floor":5.0},{"not_picked":["Deadly Poison","Acrobatics"],"picked":"Blur","floor":12.0},{"not_picked":["Underhanded Strike","Bane"],"picked":"Slice","floor":13.0},{"not_picked":["Calculated Gamble","PiercingWail"],"picked":"Predator","floor":14.0},{"not_picked":["Corpse Explosion","Tools of the Trade"],"picked":"Adrenaline","floor":16.0},{"not_picked":["Outmaneuver","Flechettes"],"picked":"Dodge and Roll","floor":18.0},{"not_picked":["Deflect","PiercingWail"],"picked":"Leg Sweep","floor":19.0},{"not_picked":["Flechettes+1","Quick Slash+1"],"picked":"Backflip","floor":21},{"not_picked":["Deadly Poison","Outmaneuver"],"picked":"Noxious Fumes","floor":24},{"not_picked":["Dodge and Roll","Skewer"],"picked":"Burst","floor":28},{"not_picked":["Deadly Poison","Expertise"],"picked":"Dodge and Roll","floor":29}],"player_experience":403223,"relics_obtained":[{"floor":9.0,"key":"Ninja Scroll"},{"floor":13.0,"key":"Ancient Tea Set"},{"floor":26,"key":"Ornamental Fan"},{"floor":29,"key":"Ginger"}],"event_choices":[{"event_name":"Shining Light","player_choice":"Entered Light","floor":2.0,"damage_taken":0.0},{"event_name":"The Cleric","player_choice":"Card Removal","floor":3.0,"damage_taken":0.0},{"event_name":"Scrap Ooze","player_choice":"success","floor":4.0,"damage_taken":7.0},{"event_name":"Living Wall","player_choice":"Forget","floor":7.0,"damage_taken":0.0},{"event_name":"Big Fish","player_choice":"Donut","floor":10.0,"damage_taken":0.0},{"event_name":"Masked Bandits","player_choice":"Paid Fearfully","floor":22,"damage_taken":0},{"event_name":"Ghosts","player_choice":"Ignored","floor":25,"damage_taken":0},{"event_name":"Addict","player_choice":"Obtained Relic","floor":27,"damage_taken":0}],"is_beta":true,"boss_relics":[{"not_picked":["Pandora\u0027s Box","Empty Cage"],"picked":"WristBlade"}],"items_purged_floors":[8,20],"is_endless":false,"potions_floor_spawned":[1,13,14,19],"killed_by":"Gremlin Leader","ascension_level":13}