{"gold_per_floor":[113,113,44,62,62,62,72,102,128,128],"floor_reached":10,"playtime":440,"items_purged":[],"score":109,"play_id":"834b64cb-eee6-4a3d-a0e5-e43254b2980f","local_time":"20190114114018","is_ascension_mode":true,"campfire_choices":[{"data":"Shrug It Off","floor":6,"key":"SMITH"}],"neow_cost":"TEN_PERCENT_HP_LOSS","seed_source_timestamp":461565744246434,"circlet_count":0,"master_deck":["AscendersBane","Strike_R","Strike_R","Strike_R","Strike_R","Defend_R","Defend_R","Defend_R","Defend_R","Bash+1","Seeing Red","Dropkick","Shrug It Off+1","Thunderclap"],"special_seed":0,"relics":["Burning Blood","WingedGreaves","Centennial Puzzle","Dream Catcher"],"potions_floor_usage":[4,8],"damage_taken":[{"damage":19.0,"enemies":"Small Slimes","floor":1.0,"turns":4.0},{"damage":1,"enemies":"Cultist","floor":4,"turns":3},{"damage":7,"enemies":"Jaw Worm","floor":7,"turns":3},{"damage":45,"enemies":"3 Sentries","floor":8,"turns":16},{"damage":17,"enemies":"Large Slime","floor":10,"turns":5}],"seed_played":"-327047754481077867","potions_obtained":[{"floor":1.0,"key":"FearPotion"},{"floor":7,"key":"Energy Potion"}],"is_trial":false,"path_per_floor":["M","?","$","M","?","R","M","E","T","M"],"character_chosen":"IRONCLAD","items_purchased":["Dropkick"],"campfire_rested":0,"item_purchase_floors":[3],"current_hp_per_floor":[59,59,59,64,57,57,56,17,17,0],"gold":128,"neow_bonus":"ONE_RARE_RELIC","is_prod":false,"is_daily":false,"chose_seed":false,"campfire_upgraded":1,"win_rate":0,"timestamp":1547484018,"path_taken":["M","?","$","?","?","R","M","E","T","M"],"build_version":"2019-01-10","purchased_purges":0,"victory":false,"max_hp_per_floor":[72,72,72,72,72,72,72,72,72,72],"card_choices":[{"not_picked":["Armaments","Power Through"],"picked":"Seeing Red","floor":1.0},{"not_picked":["Havoc","Twin Strike"],"picked":"Shrug It Off","floor":4},{"not_picked":["Sword Boomerang","Warcry","Infernal Blade"],"picked":"SKIP","floor":7},{"not_picked":["Cleave","Impervious"],"picked":"Thunderclap","floor":8}],"player_experience":2116193,"relics_obtained":[{"floor":8,"key":"Centennial Puzzle"},{"floor":9,"key":"Dream Catcher"}],"event_choices":[{"damage_healed":0.0,"max_hp_gain":0.0,"max_hp_loss":0.0,"gold_gain":0.0,"event_name":"Upgrade Shrine","player_choice":"Upgraded","floor":2.0,"gold_loss":0.0,"damage_taken":0.0,"cards_upgraded":["Bash"]},{"cards_removed":["Strike_R"],"damage_healed":0,"gold_gain":0,"player_choice":"Card Removal","damage_taken":7,"max_hp_gain":0,"max_hp_loss":0,"event_name":"Golden Wing","floor":5,"gold_loss":0}],"is_beta":false,"boss_relics":[],"items_purged_floors":[],"is_endless":false,"potions_floor_spawned":[1,7],"killed_by":"Large Slime","ascension_level":13}