{"path_per_floor":["M","M","M","$","M","E","R","E","T"],"character_chosen":"IRONCLAD","items_purchased":["Inflame"],"gold_per_floor":[118,128,147,77,93,128,128,155,182,182],"floor_reached":10,"campfire_rested":0,"playtime":1408,"item_purchase_floors":[4],"current_hp_per_floor":[80,74,79,79,79,31,31,12,12,0],"items_purged":[],"gold":182,"score":78,"play_id":"8a7fa125-e63f-4600-b314-291a75b0cdb8","local_time":"20180623144158","is_prod":false,"is_daily":false,"chose_seed":false,"is_ascension_mode":false,"campfire_upgraded":1,"win_rate":0.0,"timestamp":1529782918,"campfire_choices":[{"data":"Pommel Strike","floor":7,"key":"SMITH"}],"path_taken":["M","M","M","$","?","E","R","E","T","M"],"build_version":"2018-06-21","seed_source_timestamp":351612534456757,"purchased_purges":0,"circlet_count":0,"victory":false,"master_deck":["Strike_R","Strike_R","Strike_R","Strike_R","Strike_R","Defend_R","Defend_R","Defend_R","Defend_R","Bash","Searing Blow","Fire Breathing","Twin Strike","Inflame","Carnage","Pommel Strike+1","Shockwave"],"max_hp_per_floor":[80,80,80,80,80,80,80,80,80,80],"relics":["Burning Blood","Frozen Egg 2","Potion Belt","Happy Flower"],"card_choices":[{"not_picked":["Armaments","Intimidate"],"picked":"Searing Blow","floor":1},{"not_picked":["Second Wind","Clothesline"],"picked":"Fire Breathing","floor":2},{"not_picked":["Carnage","Disarm"],"picked":"Twin Strike","floor":3},{"not_picked":["Searing Blow","Shrug It Off"],"picked":"Carnage","floor":5},{"not_picked":["Rupture","Flame Barrier"],"picked":"Pommel Strike","floor":6},{"not_picked":["Anger","Cleave"],"picked":"Shockwave","floor":8}],"player_experience":0,"potions_floor_usage":[8,8,8],"damage_taken":[{"damage":1,"enemies":"Cultist","floor":1,"turns":3},{"damage":12,"enemies":"Small Slimes","floor":2,"turns":4},{"damage":1,"enemies":"2 Louse","floor":3,"turns":2},{"damage":6,"enemies":"2 Fungi Beasts","floor":5,"turns":4},{"damage":54,"enemies":"Gremlin Nob","floor":6,"turns":6},{"damage":25,"enemies":"3 Sentries","floor":8,"turns":7},{"damage":16,"enemies":"Large Slime","floor":10,"turns":4}],"relics_obtained":[{"floor":6,"key":"Frozen Egg 2"},{"floor":8,"key":"Potion Belt"},{"floor":9,"key":"Happy Flower"}],"event_choices":[],"boss_relics":[],"items_purged_floors":[],"is_endless":false,"potions_floor_spawned":[2,3,6],"seed_played":"-7715342815144913939","killed_by":"Large Slime","ascension_level":0,"potions_obtained":[{"floor":2,"key":"Energy Potion"},{"floor":3,"key":"Ancient Potion"},{"floor":6,"key":"Ancient Potion"}],"is_trial":false}