{"gold_per_floor":[117,137,22,22,97,125,137,180,192,216,228,258,57,72,72,169,169,94,94],"floor_reached":19,"playtime":1131,"items_purged":["Strike_B"],"score":177,"play_id":"a845870c-7129-4f9d-866e-9363af138d71","local_time":"20190112213414","is_ascension_mode":false,"campfire_choices":[{"floor":7,"key":"REST"},{"floor":11,"key":"REST"},{"floor":15,"key":"REST"}],"neow_cost":"NONE","seed_source_timestamp":4959222234883,"circlet_count":0,"master_deck":["Strike_B","Strike_B","Strike_B","Defend_B","Defend_B","Defend_B","Defend_B","Zap","Dualcast","Hologram","Static Discharge","Hologram","Ball Lightning","Defragment","Self Repair","Storm","Machine Learning","Echo Form","Defragment"],"relics":["Cracked Core","Gremlin Horn","MawBank","Ancient Tea Set","Dodecahedron","Art of War","Ectoplasm"],"potions_floor_usage":[16,19,19],"damage_taken":[{"damage":7,"enemies":"2 Louse","floor":1,"turns":2},{"damage":9,"enemies":"Jaw Worm","floor":2,"turns":4},{"damage":27,"enemies":"3 Sentries","floor":6,"turns":6},{"damage":44,"enemies":"Gremlin Nob","floor":8,"turns":5},{"damage":0,"enemies":"Cultist","floor":10,"turns":3},{"damage":8,"enemies":"3 Louse","floor":12,"turns":3},{"damage":5,"enemies":"Looter","floor":14,"turns":3},{"damage":33,"enemies":"The Guardian","floor":16,"turns":10},{"damage":33,"enemies":"2 Thieves","floor":18,"turns":3},{"damage":35,"enemies":"Colosseum Slavers","floor":19,"turns":3},{"damage":29,"enemies":"Colosseum Nobs","floor":19,"turns":2}],"seed_played":"-6527491920408603227","potions_obtained":[{"floor":6,"key":"Fire Potion"},{"floor":8,"key":"AttackPotion"},{"floor":10,"key":"Weak Potion"}],"is_trial":false,"path_per_floor":["M","M","$","?","?","E","R","E","T","M","R","M","$","M","R","B",null,"M","?"],"character_chosen":"DEFECT","items_purchased":["Static Discharge","Storm","Art of War"],"campfire_rested":3,"item_purchase_floors":[3,13,13],"current_hp_per_floor":[75,66,66,59,48,21,45,1,1,1,25,17,17,19,43,17,82,49,0],"gold":94,"neow_bonus":"TEN_PERCENT_HP_BONUS","is_prod":false,"is_daily":false,"chose_seed":false,"campfire_upgraded":0,"win_rate":0,"timestamp":1547291054,"path_taken":["M","M","$","?","?","E","R","E","T","M","R","M","?","?","R","BOSS","M","?"],"build_version":"2019-01-10","purchased_purges":1,"victory":false,"max_hp_per_floor":[82,82,82,82,82,82,82,82,82,82,82,82,82,82,82,82,82,82,82],"card_choices":[{"not_picked":["Compile Driver","Gash","Stack"],"picked":"SKIP","floor":1},{"not_picked":["Barrage","Steam"],"picked":"Hologram","floor":2},{"not_picked":["Compile Driver","Conserve Battery"],"picked":"Hologram","floor":6},{"not_picked":["Compile Driver","Conserve Battery"],"picked":"Ball Lightning","floor":8},{"not_picked":["Melter","Hologram"],"picked":"Defragment","floor":10},{"not_picked":["Steam Power","Turbo"],"picked":"Self Repair","floor":12},{"not_picked":["Gash","Steam"],"picked":"Machine Learning","floor":14},{"not_picked":["Multi-Cast","Buffer"],"picked":"Echo Form","floor":16},{"not_picked":["Undo","Conserve Battery"],"picked":"Defragment","floor":18}],"player_experience":415194,"relics_obtained":[{"floor":6,"key":"MawBank"},{"floor":8,"key":"Ancient Tea Set"},{"floor":9,"key":"Dodecahedron"}],"event_choices":[{"damage_healed":0,"gold_gain":0,"player_choice":"Success","damage_taken":7,"relics_obtained":["Gremlin Horn"],"max_hp_gain":0,"max_hp_loss":0,"event_name":"Scrap Ooze","floor":4,"gold_loss":0},{"damage_healed":0,"gold_gain":75,"player_choice":"Gather Gold","damage_taken":11,"max_hp_gain":0,"max_hp_loss":0,"event_name":"World of Goop","floor":5,"gold_loss":0},{"damage_healed":0,"gold_gain":0,"player_choice":"Fight","damage_taken":0,"max_hp_gain":0,"max_hp_loss":0,"event_name":"Colosseum","floor":19,"gold_loss":0},{"damage_healed":0,"gold_gain":0,"player_choice":"Fought Nobs","damage_taken":0,"max_hp_gain":0,"max_hp_loss":0,"event_name":"Colosseum","floor":19,"gold_loss":0}],"is_beta":false,"boss_relics":[{"not_picked":["White Beast Statue","Lizard Tail"],"picked":"Ectoplasm"}],"items_purged_floors":[3],"is_endless":false,"potions_floor_spawned":[6,8,10],"killed_by":"Colosseum Nobs","ascension_level":0}