{"path_per_floor":["M","$","M","M","$","R","M","R","T","M","?","M","?","M","R","B",null,"M","?","?","M","?","R","M"],"character_chosen":"THE_SILENT","items_purchased":["Deadly Poison"],"gold_per_floor":[119,66,79,93,18,18,31,31,31,48,48,59,117,127,127,231,231,219,219,144,157,157,157,167,167],"floor_reached":25,"campfire_rested":2,"playtime":2101,"current_hp_per_floor":[77,77,76,66,66,66,49,49,49,49,49,47,47,32,55,46,77,42,26,26,20,20,43,7,0],"items_purged":["Strike_G"],"gold":167,"score":195,"play_id":"7c20d34c-3f3f-44af-8ccb-6145de4cf25a","local_time":"20180523222907","is_prod":false,"is_daily":false,"chose_seed":false,"is_ascension_mode":false,"campfire_upgraded":2,"timestamp":1527128947,"campfire_choices":[{"data":"Noxious Fumes","floor":6,"key":"SMITH"},{"data":"Deadly Poison","floor":8,"key":"SMITH"},{"floor":15,"key":"REST"},{"floor":23,"key":"REST"}],"path_taken":["M","$","M","M","$","R","M","R","T","M","?","M","?","M","R","BOSS","M","?","?","M","?","R","M","M"],"build_version":"2018-05-17","seed_source_timestamp":239737882334359,"purchased_purges":1,"victory":false,"master_deck":["Defend_G","Defend_G","Defend_G","Defend_G","Defend_G","Strike_G","Strike_G","Strike_G","Strike_G","Survivor","Neutralize","Noxious Fumes+1","Deadly Poison+1","Backflip","Bane+1","Backflip","Escape Plan","Injury","Dodge and Roll","Bane","Night Terror","Pain","Parasite","Acrobatics","Necronomicurse","Poisoned Stab+1","Sucker Punch+1"],"max_hp_per_floor":[77,77,77,77,77,77,77,77,77,77,77,77,77,77,77,77,77,77,77,77,77,77,77,77,77],"relics":["Ring of the Snake","Ornamental Fan","Calling Bell","Anchor","Blue Candle","Tingsha","Necronomicon"],"card_choices":[{"not_picked":["Cloak And Dagger","Slice"],"picked":"Noxious Fumes","floor":1},{"not_picked":["Prepared","Slice"],"picked":"Backflip","floor":3},{"not_picked":["Acrobatics","Cloak And Dagger"],"picked":"Bane","floor":4},{"not_picked":["Wraith Form v2","Acrobatics"],"picked":"Backflip","floor":7},{"not_picked":["Calculated Gamble","Underhanded Strike"],"picked":"Escape Plan","floor":10},{"not_picked":["Accuracy","Slice"],"picked":"Dodge and Roll","floor":12},{"not_picked":["Quick Slash","All Out Attack"],"picked":"Bane","floor":14},{"not_picked":["Corpse Explosion","Die Die Die"],"picked":"Night Terror","floor":16},{"not_picked":["Slice","Riddle With Holes"],"picked":"Acrobatics","floor":18},{"not_picked":["Backstab","Dagger Spray"],"picked":"Poisoned Stab+1","floor":21},{"not_picked":["Heel Hook+1","Accuracy+1"],"picked":"Sucker Punch+1","floor":24}],"player_experience":97800,"potions_floor_usage":[16,21,21,24,25],"damage_taken":[{"damage":0,"enemies":"2 Louse","floor":1,"turns":2},{"damage":1,"enemies":"Cultist","floor":3,"turns":4},{"damage":10,"enemies":"Small Slimes","floor":4,"turns":4},{"damage":17,"enemies":"3 Louse","floor":7,"turns":3},{"damage":0,"enemies":"Looter","floor":10,"turns":4},{"damage":2,"enemies":"Blue Slaver","floor":12,"turns":3},{"damage":15,"enemies":"3 Louse","floor":14,"turns":5},{"damage":9,"enemies":"Hexaghost","floor":16,"turns":9},{"damage":35,"enemies":"2 Thieves","floor":18,"turns":5},{"damage":21,"enemies":"Spheric Guardian","floor":21,"turns":6},{"damage":36,"enemies":"Snake Plant","floor":24,"turns":5},{"damage":15,"enemies":"Cultist and Chosen","floor":25,"turns":3}],"relics_obtained":[{"floor":9,"key":"Ornamental Fan"},{"floor":17,"key":"Anchor"},{"floor":17,"key":"Blue Candle"},{"floor":17,"key":"Tingsha"},{"floor":19,"key":"Necronomicon"}],"event_choices":[{"event_name":"Accursed Blacksmith","player_choice":"Forge","floor":11,"damage_taken":0},{"event_name":"Golden Wing","player_choice":"Gained Gold","floor":13,"damage_taken":0},{"event_name":"Cursed Tome","player_choice":"Obtained Book","floor":19,"damage_taken":0},{"event_name":"Beggar","player_choice":"Gave Gold","floor":20,"damage_taken":0},{"event_name":"Ghosts","player_choice":"Ignored","floor":22,"damage_taken":0}],"boss_relics":[{"not_picked":["Velvet Choker","Sozu"],"picked":"Calling Bell"}],"potions_floor_spawned":[3,14,16,18,24],"seed_played":"-5869253106204281316","killed_by":"Cultist and Chosen","ascension_level":0,"potions_obtained":[{"floor":3,"key":"Swift Potion"},{"floor":14,"key":"SpeedPotion"},{"floor":16,"key":"Regen Potion"},{"floor":18,"key":"AttackPotion"},{"floor":24,"key":"Weak Potion"}],"is_trial":false}