{"gold_per_floor":[118,118,137,154,166,166,195,213,213,43,73,73,73,91,91,195,195,205,205,221,21,31,31,31,31,56,56,76,126,151,163,163,264,264,284,284,384,43,57,57,57,72,98,111,20,20,35,51,51,51],"floor_reached":51,"playtime":1789,"items_purged":["Strike_R"],"score":834,"play_id":"2cf2b58c-0229-4eae-9db9-cd0033eae9f3","local_time":"20190213105819","is_ascension_mode":false,"campfire_choices":[{"data":"Carnage","floor":6,"key":"SMITH"},{"data":"Apotheosis","floor":12,"key":"SMITH"},{"data":"Uppercut","floor":15,"key":"SMITH"},{"floor":23,"key":"REST"},{"data":"Shockwave","floor":25,"key":"SMITH"},{"floor":27,"key":"REST"},{"floor":32,"key":"REST"},{"data":"Flame Barrier","floor":40,"key":"SMITH"},{"data":"Blind","floor":46,"key":"SMITH"},{"floor":49,"key":"REST"}],"neow_cost":"NONE","seed_source_timestamp":1817684967804264,"circlet_count":0,"master_deck":["Strike_R","Strike_R","Strike_R","Strike_R","Defend_R","Defend_R+1","Defend_R","Defend_R","Bash","Demon Form+1","Sword Boomerang","Flame Barrier+1","Carnage+1","Uppercut+1","Apotheosis+1","Exhume","Ghostly Armor+1","Shockwave+1","Feed","Warcry+1","Disarm+1","Offering","Impervious","Flash of Steel","Dual Wield+1","Heavy Blade","Blind+1","Shrug It Off+1"],"relics":["Burning Blood","Dream Catcher","Odd Mushroom","Bag of Marbles","Mark of Pain","Nloth\u0027s Gift","Anchor","Bottled Tornado","Eternal Feather","Ginger","Strange Spoon","Art of War"],"potions_floor_usage":[5,7,7,16,30,33,33,50,50,50],"damage_taken":[{"damage":20,"enemies":"Jaw Worm","floor":1,"turns":4},{"damage":1,"enemies":"Cultist","floor":3,"turns":3},{"damage":6,"enemies":"2 Louse","floor":4,"turns":3},{"damage":5,"enemies":"Looter","floor":5,"turns":3},{"damage":13,"enemies":"The Mushroom Lair","floor":7,"turns":4},{"damage":5,"enemies":"2 Fungi Beasts","floor":8,"turns":3},{"damage":19,"enemies":"Exordium Thugs","floor":14,"turns":4},{"damage":12,"enemies":"Slime Boss","floor":16,"turns":11},{"damage":21,"enemies":"Spheric Guardian","floor":18,"turns":4},{"damage":19,"enemies":"2 Thieves","floor":20,"turns":4},{"damage":29,"enemies":"Shelled Parasite and Fungi","floor":22,"turns":4},{"damage":7,"enemies":"Snake Plant","floor":28,"turns":4},{"damage":15,"enemies":"Book of Stabbing","floor":30,"turns":5},{"damage":26,"enemies":"Centurion and Healer","floor":31,"turns":6},{"damage":64,"enemies":"Collector","floor":33,"turns":8},{"damage":27,"enemies":"3 Shapes","floor":35,"turns":4},{"damage":13,"enemies":"Mind Bloom Boss Battle","floor":37,"turns":6},{"damage":10,"enemies":"Orb Walker","floor":39,"turns":4},{"damage":7,"enemies":"4 Shapes","floor":42,"turns":6},{"damage":29,"enemies":"Sphere and 2 Shapes","floor":44,"turns":6},{"damage":23,"enemies":"Spire Growth","floor":47,"turns":5},{"damage":18,"enemies":"Maw","floor":48,"turns":5},{"damage":87,"enemies":"Donu and Deca","floor":50,"turns":8}],"seed_played":"-1384397185423728566","potions_obtained":[{"floor":4,"key":"EntropicBrew"},{"floor":5,"key":"Dexterity Potion"},{"floor":7,"key":"Regen Potion"},{"floor":16,"key":"PowerPotion"},{"floor":30,"key":"PowerPotion"},{"floor":37,"key":"Regen Potion"}],"is_trial":false,"path_per_floor":["M","?","M","M","M","R","?","M","T","$","?","R","?","M","R","B",null,"M","?","M","$","M","R","$","R","T","R","M","?","E","M","R","B",null,"M","?","?","$","M","R","$","M","T","M","$","R","M","M","R","B",null],"character_chosen":"IRONCLAD","items_purchased":["Apotheosis","Shockwave","FearPotion","Strange Spoon","Flash of Steel","Dexterity Potion","Blind"],"campfire_rested":4,"item_purchase_floors":[10,21,21,38,38,38,45],"current_hp_per_floor":[66,66,71,71,72,72,65,66,66,66,76,76,58,45,45,39,90,75,75,62,62,39,66,66,66,66,90,89,89,84,64,92,50,98,80,80,73,73,69,81,81,83,83,64,64,79,62,50,97,35],"gold":51,"neow_bonus":"ONE_RANDOM_RARE_CARD","is_prod":false,"is_daily":false,"chose_seed":false,"campfire_upgraded":6,"win_rate":0,"timestamp":1550023099,"path_taken":["M","?","M","?","M","R","?","M","T","$","?","R","?","M","R","BOSS","M","?","M","$","M","R","?","R","T","R","?","?","E","M","R","BOSS","M","?","?","$","M","R","$","M","T","M","$","R","M","M","R","BOSS"],"build_version":"2019-01-23","purchased_purges":1,"victory":true,"max_hp_per_floor":[80,80,80,80,80,80,80,80,80,80,90,90,90,90,90,90,90,90,90,90,90,90,90,90,90,90,90,90,90,94,94,94,98,98,101,101,101,101,101,101,101,104,104,108,108,108,108,108,108,112],"card_choices":[{"not_picked":["Perfected Strike","Warcry"],"picked":"Sword Boomerang","floor":1},{"not_picked":["Anger","Armaments"],"picked":"Flame Barrier","floor":3},{"not_picked":["Dark Embrace","Perfected Strike"],"picked":"Carnage","floor":4},{"not_picked":["Anger","Warcry","Clash"],"picked":"SKIP","floor":5},{"not_picked":["Blood for Blood","Perfected Strike"],"picked":"Uppercut","floor":7},{"not_picked":["Twin Strike","Body Slam","Cleave"],"picked":"SKIP","floor":8},{"not_picked":["True Grit","Searing Blow","Sword Boomerang"],"picked":"SKIP","floor":14},{"not_picked":["Juggernaut","Brutality"],"picked":"Exhume","floor":16},{"not_picked":["Reckless Charge","Anger","Thunderclap"],"picked":"SKIP","floor":18},{"not_picked":["Sword Boomerang+1","Intimidate+1"],"picked":"Ghostly Armor+1","floor":20},{"not_picked":["Twin Strike","Shrug It Off+1"],"picked":"Feed","floor":22},{"not_picked":["Clothesline","Havoc+1"],"picked":"Warcry+1","floor":23},{"not_picked":["True Grit","Thunderclap+1","Havoc"],"picked":"SKIP","floor":28},{"not_picked":["Shockwave","Bludgeon"],"picked":"Disarm+1","floor":30},{"not_picked":["Pommel Strike","Power Through+1","Fire Breathing"],"picked":"SKIP","floor":31},{"not_picked":["Exhume","Fiend Fire"],"picked":"Offering","floor":33},{"not_picked":["Pommel Strike+1","Armaments","Wild Strike"],"picked":"SKIP","floor":35},{"not_picked":["Armaments+1","Carnage+1"],"picked":"Impervious","floor":37},{"not_picked":["Infernal Blade","Iron Wave","Sentinel+1"],"picked":"SKIP","floor":39},{"not_picked":["Uppercut","Shrug It Off"],"picked":"Dual Wield+1","floor":42},{"not_picked":["Thunderclap+1","Armaments"],"picked":"Heavy Blade","floor":44},{"not_picked":["Armaments","Rampage","Sword Boomerang+1"],"picked":"SKIP","floor":47},{"not_picked":["Body Slam+1","Hemokinesis","Armaments"],"picked":"SKIP","floor":48},{"not_picked":["Thunderclap+1","Second Wind"],"picked":"Shrug It Off+1","floor":49}],"player_experience":528565,"relics_obtained":[{"floor":2,"key":"Dream Catcher"},{"floor":7,"key":"Odd Mushroom"},{"floor":9,"key":"Bag of Marbles"},{"floor":26,"key":"Anchor"},{"floor":30,"key":"Bottled Tornado"},{"floor":37,"key":"Ginger"},{"floor":43,"key":"Art of War"}],"event_choices":[{"damage_healed":0,"gold_gain":0,"player_choice":"Relic","damage_taken":0,"max_hp_gain":0,"max_hp_loss":0,"event_name":"Wheel of Change","floor":2,"gold_loss":0},{"damage_healed":0,"gold_gain":0,"player_choice":"Fought Mushrooms","damage_taken":0,"max_hp_gain":0,"max_hp_loss":0,"event_name":"Mushrooms","floor":7,"gold_loss":0},{"damage_healed":0,"gold_gain":30,"player_choice":"Searched \u00272\u0027 times","damage_taken":0,"relics_obtained":["Pear"],"max_hp_gain":0,"max_hp_loss":0,"event_name":"Dead Adventurer","floor":11,"gold_loss":0},{"damage_healed":0,"gold_gain":0,"player_choice":"Entered Light","damage_taken":18,"max_hp_gain":0,"max_hp_loss":0,"event_name":"Shining Light","floor":13,"gold_loss":0,"cards_upgraded":["Defend_R","Demon Form"]},{"damage_healed":0,"gold_gain":0,"player_choice":"Traded Relic","damage_taken":0,"relics_obtained":["Nloth\u0027s Gift"],"max_hp_gain":0,"max_hp_loss":0,"event_name":"N\u0027loth","floor":19,"relics_lost":["Pear"],"gold_loss":0},{"damage_healed":0,"gold_gain":100,"player_choice":"Bet on Murderer","damage_taken":0,"max_hp_gain":0,"max_hp_loss":0,"event_name":"The Joust","floor":29,"gold_loss":50},{"damage_healed":0,"gold_gain":0,"player_choice":"Ignored","damage_taken":0,"max_hp_gain":0,"max_hp_loss":0,"event_name":"Tomb of Lord Red Mask","floor":36,"gold_loss":0},{"damage_healed":0,"gold_gain":0,"player_choice":"Fight","damage_taken":0,"max_hp_gain":0,"max_hp_loss":0,"event_name":"MindBloom","floor":37,"gold_loss":0}],"is_beta":false,"boss_relics":[{"not_picked":["Pandora\u0027s Box","Philosopher\u0027s Stone"],"picked":"Mark of Pain"},{"not_picked":["Empty Cage","Calling Bell"],"picked":"Eternal Feather"}],"items_purged_floors":[21],"is_endless":false,"potions_floor_spawned":[4,5,7,16,30,31,37,39,44,47,48],"ascension_level":0}