{"gold_per_floor":[117,67,67,92,112,143,143,184,208,233,256,256,44,64,64,195,195,214,253,17,40,53,53,89,89,115,150,65,65,65,79,79,79],"floor_reached":33,"playtime":2787,"items_purged":["Defend_G"],"score":460,"play_id":"223390cb-c0f5-4760-9765-39c59ac12872","local_time":"20180702192925","is_ascension_mode":true,"campfire_choices":[{"data":"Cloak And Dagger","floor":7,"key":"SMITH"},{"floor":12,"key":"REST"},{"data":"Neutralize","floor":15,"key":"SMITH"},{"floor":23,"key":"REST"},{"floor":25,"key":"REST"},{"floor":30,"key":"REST"},{"floor":32,"key":"REST"}],"neow_cost":"NONE","seed_source_timestamp":509977794322096,"circlet_count":0,"master_deck":["Defend_G","Defend_G","Defend_G","Strike_G","Strike_G","Strike_G","Strike_G","Strike_G","Survivor","Neutralize+1","Cloak And Dagger+1","Sucker Punch","Flying Knee","Dodge and Roll","Dagger Throw","Footwork","Dash","Cloak And Dagger","Infinite Blades","After Image","Infinite Blades","Backstab","Dagger Spray","Infinite Blades","Dodge and Roll","Sucker Punch","Leg Sweep","Dagger Spray","Night Terror","Dash","Noxious Fumes","Dodge and Roll","Malaise","Ghostly","Ghostly","Ghostly","Ghostly","Ghostly","Dash+1","Acrobatics","Night Terror"],"relics":["Runic Dome","Golden Idol","Potion Belt","Ancient Tea Set","Oddly Smooth Stone","Dream Catcher","Orrery","Red Mask","Bag of Marbles","Boot","Orichalcum","Bronze Scales"],"potions_floor_usage":[6,8,16,18,19,24,33],"damage_taken":[{"damage":0,"enemies":"Small Slimes","floor":1,"turns":4},{"damage":0,"enemies":"Jaw Worm","floor":4,"turns":3},{"damage":1,"enemies":"Cultist","floor":5,"turns":5},{"damage":21,"enemies":"Lagavulin","floor":6,"turns":10},{"damage":15,"enemies":"3 Sentries","floor":8,"turns":10},{"damage":0,"enemies":"3 Louse","floor":11,"turns":4},{"damage":7,"enemies":"2 Fungi Beasts","floor":14,"turns":3},{"damage":27,"enemies":"The Guardian","floor":16,"turns":13},{"damage":15,"enemies":"2 Thieves","floor":18,"turns":5},{"damage":34,"floor":19,"turns":8},{"damage":0,"enemies":"Shell Parasite","floor":21,"turns":7},{"damage":0,"enemies":"Snecko","floor":22,"turns":6},{"damage":18,"enemies":"Book of Stabbing","floor":24,"turns":8},{"damage":20,"enemies":"Slavers","floor":27,"turns":6},{"damage":11,"enemies":"Slaver and Parasite","floor":31,"turns":8},{"damage":32,"enemies":"Champ","floor":33,"turns":16}],"seed_played":"9092229238926542588","potions_obtained":[{"floor":1,"key":"SmokeBomb"},{"floor":5,"key":"SteroidPotion"},{"floor":6,"key":"SkillPotion"},{"floor":11,"key":"Fire Potion"},{"floor":14,"key":"Regen Potion"},{"floor":18,"key":"Regen Potion"},{"floor":22,"key":"Dexterity Potion"}],"is_trial":false,"path_per_floor":["M","?","?","M","M","E","R","E","T","T","M","R","$","M","R","B",null,"M","?","$","M","M","R","E","R","T","E","?","?","R","M","R"],"character_chosen":"THE_SILENT","items_purchased":["Footwork","Dash","Cloak And Dagger","Leg Sweep","GhostInAJar","SpeedPotion"],"campfire_rested":5,"item_purchase_floors":[13,13,13,20,20,20],"current_hp_per_floor":[63,63,63,63,62,41,41,26,26,26,26,45,45,38,38,26,55,40,21,21,21,21,40,22,41,41,21,21,21,30,19,28,0],"gold":79,"neow_bonus":"BOSS_RELIC","is_prod":false,"is_daily":false,"chose_seed":false,"campfire_upgraded":2,"win_rate":0,"timestamp":1530577765,"path_taken":["M","?","?","M","?","E","R","E","T","?","?","R","$","M","R","BOSS","M","?","$","M","M","R","E","R","T","E","?","?","R","M","R","BOSS"],"build_version":"2018-06-29","purchased_purges":1,"victory":false,"max_hp_per_floor":[70,70,65,65,65,65,65,65,65,65,65,65,65,65,65,65,65,65,65,65,65,65,65,65,65,65,65,65,32,32,32,32,32],"card_choices":[{"not_picked":["Escape Plan","Choke"],"picked":"Cloak And Dagger","floor":1},{"not_picked":["Catalyst","Accuracy","Bouncing Flask"],"picked":"SKIP","floor":4},{"not_picked":["Riddle With Holes","Slice"],"picked":"Sucker Punch","floor":5},{"not_picked":["Skewer","Underhanded Strike","Outmaneuver"],"picked":"SKIP","floor":6},{"not_picked":["Choke","Poisoned Stab"],"picked":"Flying Knee","floor":8},{"not_picked":["Choke","Escape Plan"],"picked":"Dodge and Roll","floor":11},{"not_picked":["Escape Plan","Flying Knee"],"picked":"Dagger Throw","floor":12},{"not_picked":["Dagger Spray","Dodge and Roll"],"picked":"Infinite Blades","floor":14},{"not_picked":["Phantasmal Killer","Glass Knife"],"picked":"After Image","floor":16},{"not_picked":["Prepared","Finisher"],"picked":"Infinite Blades","floor":17},{"not_picked":["Cloak And Dagger","Quick Slash"],"picked":"Backstab","floor":17},{"not_picked":["Deflect","Dodge and Roll"],"picked":"Dagger Spray","floor":17},{"not_picked":["Skewer","Tools of the Trade"],"picked":"Infinite Blades","floor":17},{"not_picked":["Deflect","Underhanded Strike"],"picked":"Dodge and Roll","floor":17},{"not_picked":["Outmaneuver","Dodge and Roll"],"picked":"Sucker Punch","floor":18},{"not_picked":["Caltrops","Skewer"],"picked":"Dagger Spray","floor":21},{"not_picked":["Dagger Spray","Finisher"],"picked":"Night Terror","floor":22},{"not_picked":["PiercingWail","Prepared"],"picked":"Dash","floor":23},{"not_picked":["Dagger Throw","Blade Dance"],"picked":"Noxious Fumes","floor":24},{"not_picked":["Infinite Blades","Endless Agony"],"picked":"Dodge and Roll","floor":25},{"not_picked":["Dagger Spray","Slice+1"],"picked":"Malaise","floor":27},{"not_picked":["Deadly Poison+1","Slice"],"picked":"Dash+1","floor":30},{"not_picked":["Dagger Spray","Slice+1"],"picked":"Acrobatics","floor":31},{"not_picked":["Escape Plan","Dagger Spray"],"picked":"Night Terror","floor":32}],"player_experience":238582,"relics_obtained":[{"floor":6,"key":"Potion Belt"},{"floor":8,"key":"Ancient Tea Set"},{"floor":9,"key":"Oddly Smooth Stone"},{"floor":10,"key":"Dream Catcher"},{"floor":19,"key":"Red Mask"},{"floor":24,"key":"Bag of Marbles"},{"floor":26,"key":"Boot"},{"floor":27,"key":"Orichalcum"}],"event_choices":[{"event_name":"The Cleric","player_choice":"Card Removal","floor":2,"damage_taken":0},{"event_name":"Golden Idol","player_choice":"Lose Max HP","floor":3,"damage_taken":0},{"event_name":"Masked Bandits","player_choice":"Fought over 214 gold","floor":19,"damage_taken":0},{"event_name":"Addict","player_choice":"Obtained Relic","floor":28,"damage_taken":0},{"event_name":"Ghosts","player_choice":"Became a Ghost","floor":29,"damage_taken":0}],"boss_relics":[{"not_picked":["Runic Pyramid","Tiny House"],"picked":"Orrery"}],"items_purged_floors":[20],"is_endless":false,"potions_floor_spawned":[1,5,6,11,14,18,22],"killed_by":"Champ","ascension_level":8}