{"gold_per_floor":[119,133,150,170,170,37,54,54,54,87,87,102,134,145,145,247,247,258,258,5,19,30,30,45,45,71,82,93,23,23,0,0,0],"floor_reached":33,"playtime":1352,"items_purged":[],"score":378,"play_id":"46826673-389d-46b0-b7eb-a0b1bd24aac1","local_time":"20180730143815","is_ascension_mode":true,"campfire_choices":[{"data":"Perfected Strike","floor":8.0,"key":"SMITH"},{"data":"Burning Pact","floor":11.0,"key":"SMITH"},{"floor":15.0,"key":"REST"},{"data":"Pummel","floor":23,"key":"SMITH"},{"floor":25,"key":"REST"},{"floor":32,"key":"REST"}],"neow_cost":"NONE","seed_source_timestamp":420755528019042,"circlet_count":0,"master_deck":["Strike_R","Strike_R","Strike_R","Strike_R","Strike_R","Defend_R","Defend_R","Defend_R+1","Defend_R+1","Bash","Cleave","Thunderclap","Cleave","Thunderclap","Perfected Strike+1","Burning Pact+1","Wild Strike","Iron Wave","Rage","Pommel Strike","Twin Strike","Immolate","Rage","Whirlwind","Pummel+1","Uppercut","Disarm+1","Flame Barrier","Decay","Pommel Strike"],"special_seed":0,"relics":["Burning Blood","War Paint","Incense Burner","Matryoshka","Calipers","Eternal Feather","Singing Bowl","Vajra","Boot"],"potions_floor_usage":[22,22,33,33],"damage_taken":[{"damage":3.0,"enemies":"Cultist","floor":1.0,"turns":5.0},{"damage":0.0,"enemies":"Small Slimes","floor":2.0,"turns":3.0},{"damage":8.0,"enemies":"2 Louse","floor":3.0,"turns":2.0},{"damage":4.0,"enemies":"2 Fungi Beasts","floor":4.0,"turns":3.0},{"damage":22.0,"enemies":"Large Slime","floor":7.0,"turns":6.0},{"damage":20.0,"enemies":"3 Sentries","floor":10.0,"turns":3.0},{"damage":0.0,"enemies":"Lots of Slimes","floor":12.0,"turns":1.0},{"damage":35.0,"enemies":"Lagavulin","floor":13.0,"turns":4.0},{"damage":1.0,"enemies":"Red Slaver","floor":14.0,"turns":3.0},{"damage":40.0,"enemies":"Hexaghost","floor":16.0,"turns":8.0},{"damage":20.0,"enemies":"Chosen","floor":18.0,"turns":5.0},{"damage":16.0,"enemies":"Shell Parasite","floor":21.0,"turns":3.0},{"damage":25,"enemies":"Cultist and Chosen","floor":22,"turns":8},{"damage":37,"enemies":"Snecko","floor":24,"turns":6},{"damage":26,"enemies":"Centurion and Healer","floor":27,"turns":7},{"damage":20,"enemies":"3 Cultists","floor":28,"turns":4},{"damage":60,"enemies":"Collector","floor":33,"turns":7}],"seed_played":"-7143461119854433585","potions_obtained":[{"floor":4.0,"key":"Strength Potion"},{"floor":5.0,"key":"Regen Potion"},{"floor":5.0,"key":"GamblersBrew"},{"floor":5.0,"key":"PowerPotion"},{"floor":10.0,"key":"Fire Potion"},{"floor":13.0,"key":"LiquidBronze"},{"floor":14.0,"key":"SteroidPotion"},{"floor":16.0,"key":"Fire Potion"},{"floor":21.0,"key":"SkillPotion"},{"floor":27,"key":"Block Potion"},{"floor":28,"key":"Fire Potion"}],"is_trial":false,"path_per_floor":["M","M","M","M","?","$","M","R","T","E","R","M","E","M","R","B",null,"M","?","$","M","M","R","M","R","T","M","M","$","?","$","R"],"character_chosen":"IRONCLAD","items_purchased":["Perfected Strike","Burning Pact","Singing Bowl","Flame Barrier","Pommel Strike"],"campfire_rested":3,"item_purchase_floors":[6,6,20,29,31],"current_hp_per_floor":[75,80,78,80,80,80,64,64,64,50,50,56,39,44,68,34,69,55,55,55,45,26,41,10,49,49,31,17,17,17,17,59,0],"gold":0,"neow_bonus":"RANDOM_COMMON_RELIC","is_prod":false,"is_daily":false,"chose_seed":false,"campfire_upgraded":3,"win_rate":0,"timestamp":1532975895,"path_taken":["M","M","?","M","?","$","M","R","T","E","R","?","E","M","R","BOSS","M","?","$","?","M","R","M","R","T","?","M","$","?","?","R","BOSS"],"build_version":"2018-07-26","purchased_purges":0,"victory":false,"max_hp_per_floor":[80,80,80,80,80,80,80,80,80,80,80,80,80,80,80,80,80,80,80,80,80,80,80,80,80,80,82,82,82,82,82,82,82],"card_choices":[{"not_picked":["True Grit","Wild Strike"],"picked":"Cleave","floor":1.0},{"not_picked":["Shockwave","Cleave"],"picked":"Thunderclap","floor":2.0},{"not_picked":["Rupture","Corruption"],"picked":"Cleave","floor":3.0},{"not_picked":["Sever Soul","Combust"],"picked":"Thunderclap","floor":4.0},{"not_picked":["Battle Trance","Corruption"],"picked":"Wild Strike","floor":7.0},{"not_picked":["Ghostly Armor","Headbutt"],"picked":"Iron Wave","floor":10.0},{"not_picked":["Warcry","Sword Boomerang"],"picked":"Rage","floor":12.0},{"not_picked":["Headbutt","Heavy Blade"],"picked":"Pommel Strike","floor":13.0},{"not_picked":["Warcry","Shockwave"],"picked":"Twin Strike","floor":14.0},{"not_picked":["Juggernaut","Reaper"],"picked":"Immolate","floor":16.0},{"not_picked":["Shockwave+1","Searing Blow"],"picked":"Rage","floor":18.0},{"not_picked":["Infernal Blade","Blood for Blood"],"picked":"Whirlwind","floor":21.0},{"not_picked":["Armaments","Clothesline+1"],"picked":"Pummel","floor":22},{"not_picked":["Body Slam","Rampage"],"picked":"Uppercut","floor":24},{"not_picked":["Rage","Sentinel","Battle Trance"],"picked":"Singing Bowl","floor":27},{"not_picked":["Anger","Armaments"],"picked":"Disarm+1","floor":28}],"player_experience":1368104,"relics_obtained":[{"floor":9.0,"key":"Incense Burner"},{"floor":10.0,"key":"Matryoshka"},{"floor":13.0,"key":"Calipers"},{"floor":26,"key":"Vajra"},{"floor":26,"key":"Boot"}],"event_choices":[{"event_name":"The Lab","player_choice":"Got Potions","floor":5.0,"damage_taken":0.0},{"event_name":"Addict","player_choice":"Ignored","floor":19.0,"damage_taken":0.0},{"event_name":"Forgotten Altar","player_choice":"Smashed Altar","floor":30,"damage_taken":0}],"is_beta":false,"boss_relics":[{"not_picked":["Runic Cube","Ectoplasm"],"picked":"Eternal Feather"}],"items_purged_floors":[],"is_endless":false,"potions_floor_spawned":[4,10,13,14,16,21,27,28],"killed_by":"Collector","ascension_level":9}