{"gold_per_floor":[114,114,128,403,44,78,78,95,118,149,167,267,322,342,342,413,413,423,423,433,460,470,470],"floor_reached":23,"playtime":1097,"items_purged":[],"score":441,"play_id":"de690cb2-24f2-4e99-a7e7-1ab2cef36095","local_time":"20190210184854","is_ascension_mode":true,"campfire_choices":[{"floor":15,"key":"REST"}],"neow_cost":"NONE","seed_source_timestamp":1607075079209094,"circlet_count":0,"master_deck":["AscendersBane","Strike_B+1","Strike_B","Strike_B","Strike_B+1","Defend_B","Defend_B","Defend_B","Defend_B","Zap","Dualcast","Melter","Genetic Algorithm","Ball Lightning","Rebound","Cold Snap","Leap","Conserve Battery","Fission","FTL","Electrodynamics"],"relics":["Cracked Core","NeowsBlessing","Omamori","Kunai","Ornamental Fan","Juzu Bracelet","Potion Belt","PreservedInsect","Fusion Hammer","Nilry\u0027s Codex","Red Mask"],"potions_floor_usage":[10,11,16,16],"damage_taken":[{"damage":0,"enemies":"Small Slimes","floor":1,"turns":1},{"damage":0,"enemies":"Cultist","floor":3,"turns":1},{"damage":0,"enemies":"3 Sentries","floor":6,"turns":1},{"damage":2,"enemies":"Jaw Worm","floor":8,"turns":3},{"damage":28,"enemies":"Lagavulin","floor":10,"turns":5},{"damage":10,"enemies":"Exordium Thugs","floor":11,"turns":3},{"damage":2,"enemies":"Looter","floor":14,"turns":3},{"damage":12,"enemies":"The Guardian","floor":16,"turns":9},{"damage":10,"enemies":"Shell Parasite","floor":18,"turns":5},{"damage":2,"enemies":"Chosen","floor":20,"turns":8},{"damage":13,"enemies":"Masked Bandits","floor":21,"turns":5},{"damage":0,"enemies":"3 Cultists","floor":22,"turns":5},{"damage":19,"enemies":"Book of Stabbing","floor":23,"turns":2}],"seed_played":"1156955714416623074","potions_obtained":[{"floor":1,"key":"Dexterity Potion"},{"floor":6,"key":"AttackPotion"},{"floor":8,"key":"GamblersBrew"},{"floor":11,"key":"Strength Potion"},{"floor":14,"key":"Explosive Potion"}],"is_trial":false,"path_per_floor":["M","?","M","?","$","E","?","M","T","E","M","?","T","M","R","B",null,"M","?","M","?","M","E"],"character_chosen":"DEFECT","items_purchased":["Kunai","Genetic Algorithm"],"campfire_rested":1,"item_purchase_floors":[5,5],"current_hp_per_floor":[64,64,64,64,64,64,43,41,41,13,3,3,3,1,22,10,56,46,25,23,10,10,0],"gold":470,"neow_bonus":"THREE_ENEMY_KILL","is_prod":false,"is_daily":false,"chose_seed":false,"campfire_upgraded":0,"win_rate":0,"timestamp":1549846134,"path_taken":["M","?","?","?","?","E","?","M","T","E","M","?","?","M","R","BOSS","M","?","M","?","M","E"],"build_version":"2019-02-06","purchased_purges":0,"victory":false,"max_hp_per_floor":[71,71,71,71,71,71,71,71,71,71,71,71,71,71,71,71,71,71,71,71,71,71,71],"card_choices":[{"not_picked":["Sweeping Beam","Compile Driver"],"picked":"Melter","floor":1},{"not_picked":["Hologram","Go for the Eyes","Coolheaded"],"picked":"SKIP","floor":3},{"not_picked":["Stack","Rainbow"],"picked":"Ball Lightning","floor":6},{"not_picked":["Redo","Auto Shields"],"picked":"Rebound","floor":8},{"not_picked":["Barrage","Redo"],"picked":"Cold Snap","floor":10},{"not_picked":["Doom and Gloom","Storm"],"picked":"Leap","floor":11},{"not_picked":["Stack","Tempest"],"picked":"Conserve Battery","floor":14},{"not_picked":["Machine Learning","Rainbow"],"picked":"Fission","floor":16},{"not_picked":["Blizzard","Lockon","Gash+1"],"picked":"SKIP","floor":18},{"not_picked":["Hello World","Redo+1","Capacitor"],"picked":"SKIP","floor":20},{"not_picked":["Heatsinks+1","Reprogram"],"picked":"FTL","floor":21},{"not_picked":["Coolheaded","Go for the Eyes"],"picked":"Electrodynamics","floor":22}],"player_experience":797136,"relics_obtained":[{"floor":6,"key":"Ornamental Fan"},{"floor":9,"key":"Juzu Bracelet"},{"floor":10,"key":"Potion Belt"},{"floor":13,"key":"PreservedInsect"},{"floor":19,"key":"Nilry\u0027s Codex"},{"floor":21,"key":"Red Mask"}],"event_choices":[{"damage_healed":0,"gold_gain":0,"player_choice":"Gave Potion","damage_taken":0,"relics_obtained":["Omamori"],"max_hp_gain":0,"max_hp_loss":0,"event_name":"WeMeetAgain","floor":2,"gold_loss":0},{"damage_healed":0,"gold_gain":275,"player_choice":"Desecrate","damage_taken":0,"max_hp_gain":0,"max_hp_loss":0,"event_name":"Golden Shrine","floor":4,"gold_loss":0,"cards_obtained":["Regret"]},{"damage_healed":0,"gold_gain":0,"player_choice":"Entered Light","damage_taken":21,"max_hp_gain":0,"max_hp_loss":0,"event_name":"Shining Light","floor":7,"gold_loss":0,"cards_upgraded":["Strike_B","Strike_B"]},{"damage_healed":0,"gold_gain":100,"player_choice":"Gold","damage_taken":0,"max_hp_gain":0,"max_hp_loss":0,"event_name":"Wheel of Change","floor":12,"gold_loss":0},{"damage_healed":0,"gold_gain":0,"player_choice":"Obtained Book","damage_taken":21,"max_hp_gain":0,"max_hp_loss":0,"event_name":"Cursed Tome","floor":19,"gold_loss":0},{"damage_healed":0,"gold_gain":0,"player_choice":"Fought Bandits","damage_taken":0,"max_hp_gain":0,"max_hp_loss":0,"event_name":"Masked Bandits","floor":21,"gold_loss":0}],"is_beta":true,"boss_relics":[{"not_picked":["Runic Dome","Nuclear Battery"],"picked":"Fusion Hammer"}],"items_purged_floors":[],"is_endless":false,"potions_floor_spawned":[1,6,8,11,14],"killed_by":"Book of Stabbing","ascension_level":19}