{"path_per_floor":["M","?","$","?","M","R","?","M","T","M","E","M","R","E","R","B",null,"M","$","M","M","?","R","M","M","T"],"character_chosen":"THE_SILENT","items_purchased":["Gremlin Horn","Prepared","Toxic Egg 2"],"gold_per_floor":[210,285,8,8,29,29,29,43,68,84,117,137,137,175,175,304,304,327,1,24,49,49,49,70,94,94,94],"floor_reached":27,"campfire_rested":2,"playtime":2673,"item_purchase_floors":[3,3,19],"current_hp_per_floor":[63,52,52,52,52,70,70,70,70,68,67,65,65,61,61,52,70,53,53,53,5,5,26,26,6,6,0],"items_purged":["Strike_G"],"gold":94,"score":225,"play_id":"5553df1e-bd04-44e3-959d-93e7481191d8","local_time":"20180604110444","is_prod":false,"is_daily":false,"chose_seed":false,"is_ascension_mode":false,"campfire_upgraded":2,"win_rate":0.0,"timestamp":1528124684,"campfire_choices":[{"floor":6,"key":"REST"},{"data":"Terror","floor":13,"key":"SMITH"},{"data":"Neutralize","floor":15,"key":"SMITH"},{"floor":23,"key":"REST"}],"path_taken":["M","?","$","?","M","R","?","M","T","M","E","M","R","E","R","BOSS","M","$","M","M","?","R","M","M","T","M"],"build_version":"2018-05-31","seed_source_timestamp":318109026480474,"purchased_purges":1,"victory":false,"master_deck":["Defend_G","Defend_G","Defend_G","Defend_G","Defend_G","Strike_G","Strike_G","Strike_G","Survivor","Neutralize+1","Backflip+1","Prepared+1","Injury","Dagger Throw","Heel Hook","Acrobatics","Terror+1","Backstab","Dagger Throw","Tools of the Trade","Endless Agony","Finisher","Dagger Throw","Acrobatics","Flying Knee","Terror+1","Backflip+1","Flying Knee","A Thousand Cuts","Cloak And Dagger+1"],"max_hp_per_floor":[70,70,70,70,70,70,70,70,70,70,70,70,70,70,70,70,70,70,70,70,70,70,70,70,70,70,70],"relics":["Ring of the Snake","Gremlin Horn","Golden Idol","War Paint","Ancient Tea Set","Omamori","Orrery","Toxic Egg 2","Frozen Egg 2"],"card_choices":[{"not_picked":["Poisoned Stab","Acrobatics"],"picked":"Backflip","floor":1},{"not_picked":["Predator","Poisoned Stab"],"picked":"Dagger Throw","floor":5},{"not_picked":["Acrobatics","Outmaneuver"],"picked":"Heel Hook","floor":8},{"not_picked":["Prepared","Catalyst"],"picked":"Acrobatics","floor":10},{"not_picked":["Backflip","Concentrate"],"picked":"Terror","floor":11},{"not_picked":["Well Laid Plans","Predator"],"picked":"Backstab","floor":12},{"not_picked":["Outmaneuver","Deadly Poison"],"picked":"Dagger Throw","floor":14},{"not_picked":["Bullet Time","Wraith Form v2"],"picked":"Tools of the Trade","floor":16},{"not_picked":["Dodge and Roll","Prepared"],"picked":"Endless Agony","floor":17},{"not_picked":["Slice","Deadly Poison"],"picked":"Finisher","floor":17},{"not_picked":["Deadly Poison","Cloak And Dagger"],"picked":"Dagger Throw","floor":17},{"not_picked":["Setup","Outmaneuver"],"picked":"Acrobatics","floor":17},{"not_picked":["Bane","Blade Dance"],"picked":"Flying Knee","floor":17},{"not_picked":["PiercingWail","Poisoned Stab"],"picked":"Terror+1","floor":18},{"not_picked":["Outmaneuver+1","All Out Attack"],"picked":"Backflip+1","floor":20},{"not_picked":["Cloak And Dagger+1","Setup+1"],"picked":"Flying Knee","floor":21},{"not_picked":["Dagger Spray","Prepared+1"],"picked":"A Thousand Cuts","floor":24},{"not_picked":["Deadly Poison+1","Dodge and Roll+1"],"picked":"Cloak And Dagger+1","floor":25}],"player_experience":324351,"potions_floor_usage":[10,10,11,11,16,16,20,21],"damage_taken":[{"damage":7,"enemies":"2 Louse","floor":1,"turns":3},{"damage":0,"enemies":"Cultist","floor":5,"turns":4},{"damage":0,"enemies":"Jaw Worm","floor":8,"turns":6},{"damage":2,"enemies":"Exordium Wildlife","floor":10,"turns":7},{"damage":1,"enemies":"Gremlin Nob","floor":11,"turns":4},{"damage":2,"enemies":"Looter","floor":12,"turns":5},{"damage":4,"enemies":"Lagavulin","floor":14,"turns":7},{"damage":9,"enemies":"The Guardian","floor":16,"turns":12},{"damage":17,"enemies":"2 Thieves","floor":18,"turns":2},{"damage":0,"enemies":"Shell Parasite","floor":20,"turns":1},{"damage":48,"enemies":"Sentry and Sphere","floor":21,"turns":14},{"damage":0,"enemies":"Chosen and Byrds","floor":24,"turns":3},{"damage":20,"enemies":"3 Cultists","floor":25,"turns":5},{"damage":6,"enemies":"Snake Plant","floor":27,"turns":2}],"relics_obtained":[{"floor":9,"key":"War Paint"},{"floor":11,"key":"Ancient Tea Set"},{"floor":14,"key":"Omamori"},{"floor":26,"key":"Frozen Egg 2"}],"event_choices":[{"event_name":"World of Goop","player_choice":"Gather Gold","floor":2,"damage_taken":0},{"event_name":"Golden Idol","player_choice":"Take Wound","floor":4,"damage_taken":0},{"event_name":"Purifier","player_choice":"One Purge","floor":7,"damage_taken":0},{"event_name":"Cursed Tome","player_choice":"Ignored","floor":22,"damage_taken":0}],"boss_relics":[{"not_picked":["Astrolabe","Eternal Feather"],"picked":"Orrery"}],"items_purged_floors":[19],"potions_floor_spawned":[5,8,11,16,20],"seed_played":"-264422313872409648","killed_by":"Snake Plant","ascension_level":0,"potions_obtained":[{"floor":5,"key":"SpeedPotion"},{"floor":8,"key":"EntropicBrew"},{"floor":11,"key":"LiquidBronze"},{"floor":16,"key":"SteroidPotion"},{"floor":20,"key":"SkillPotion"}],"is_trial":false}