{"gold_per_floor":[213,224,5,21,36,36,84,118,118,68,68,79,91,101,101,176,176,195,11,11,11,27,55,55,65,92,105,105,120,139,66,66,66],"floor_reached":33,"playtime":2061,"items_purged":[],"score":447,"play_id":"86d8e013-5c28-4d9e-9f05-c94287fecf21","local_time":"20181115224629","is_ascension_mode":true,"campfire_choices":[{"floor":6,"key":"REST"},{"floor":11,"key":"REST"},{"floor":15,"key":"REST"},{"floor":24,"key":"REST"},{"data":"After Image","floor":28,"key":"SMITH"},{"floor":32,"key":"REST"}],"neow_cost":"NONE","seed_source_timestamp":868040843373210,"circlet_count":0,"master_deck":["AscendersBane","Defend_G","Defend_G","Defend_G","Defend_G","Defend_G","Strike_G","Strike_G","Strike_G","Strike_G","Survivor","Neutralize","Flying Knee","Dagger Spray","Caltrops","Calculated Gamble","Blade Dance","Cloak And Dagger","PiercingWail","Tools of the Trade","Poisoned Stab","Quick Slash","After Image+1","Poisoned Stab","Mayhem","Leg Sweep","Backflip+1","Noxious Fumes"],"relics":["Ring of the Snake","Bag of Marbles","Ancient Tea Set","Strawberry","Vajra","Runic Dome","Art of War","Blood Vial"],"potions_floor_usage":[16,18,18,23,23,23],"damage_taken":[{"damage":4,"enemies":"Cultist","floor":1,"turns":6},{"damage":1,"enemies":"2 Louse","floor":2,"turns":3},{"damage":7,"enemies":"Jaw Worm","floor":4,"turns":3},{"damage":12,"enemies":"Lots of Slimes","floor":5,"turns":1},{"damage":49,"enemies":"Gremlin Nob","floor":8,"turns":5},{"damage":0,"enemies":"Exordium Thugs","floor":12,"turns":3},{"damage":8,"enemies":"Looter","floor":13,"turns":3},{"damage":4,"enemies":"Lots of Slimes","floor":14,"turns":4},{"damage":17,"enemies":"Slime Boss","floor":16,"turns":7},{"damage":8,"enemies":"2 Thieves","floor":18,"turns":3},{"damage":14,"enemies":"Spheric Guardian","floor":22,"turns":5},{"damage":16,"enemies":"Book of Stabbing","floor":23,"turns":5},{"damage":4,"enemies":"Centurion and Healer","floor":25,"turns":7},{"damage":16,"enemies":"Snake Plant","floor":27,"turns":7},{"damage":10,"enemies":"3 Cultists","floor":29,"turns":5},{"damage":15,"enemies":"Snecko","floor":30,"turns":9},{"damage":52,"enemies":"Automaton","floor":33,"turns":12}],"seed_played":"-563682565635595070","potions_obtained":[{"floor":2,"key":"SmokeBomb"},{"floor":5,"key":"Strength Potion"},{"floor":12,"key":"Block Potion"},{"floor":16,"key":"SteroidPotion"},{"floor":22,"key":"EntropicBrew"}],"is_trial":false,"path_per_floor":["M","M","$","M","M","R","T","E","T","$","R","M","M","M","R","B",null,"M","$","?","$","M","E","R","M","T","M","R","M","M","$","R","B"],"character_chosen":"THE_SILENT","items_purchased":["Bag of Marbles","Caltrops","PiercingWail","Mayhem","Noxious Fumes"],"campfire_rested":5,"item_purchase_floors":[3,3,10,19,31],"current_hp_per_floor":[59,58,58,51,39,60,60,18,18,18,41,41,33,29,52,35,67,59,59,59,59,45,29,52,48,48,34,34,26,13,13,36,0],"gold":66,"neow_bonus":"HUNDRED_GOLD","is_prod":false,"is_daily":false,"chose_seed":false,"campfire_upgraded":1,"win_rate":0,"timestamp":1542339989,"path_taken":["M","M","$","M","M","R","?","E","T","$","R","M","?","M","R","BOSS","M","$","?","$","M","E","R","?","T","M","R","M","?","$","R","BOSS"],"build_version":"2018-11-15","purchased_purges":0,"victory":false,"max_hp_per_floor":[70,70,70,70,70,70,70,77,77,77,77,77,77,77,77,77,77,77,77,77,77,77,77,77,77,77,77,77,77,77,77,77,77],"card_choices":[{"not_picked":["Outmaneuver","Bane"],"picked":"Flying Knee","floor":1},{"not_picked":["Bane","Heel Hook"],"picked":"Dagger Spray","floor":2},{"not_picked":["Deflect","Acrobatics"],"picked":"Calculated Gamble","floor":4},{"not_picked":["Slice","Underhanded Strike"],"picked":"Blade Dance","floor":5},{"not_picked":["Quick Slash","Catalyst"],"picked":"Cloak And Dagger","floor":8},{"not_picked":["Deadly Poison","PiercingWail"],"picked":"Tools of the Trade","floor":12},{"not_picked":["Setup","Dagger Spray"],"picked":"Poisoned Stab","floor":13},{"not_picked":["Catalyst","Slice"],"picked":"Quick Slash","floor":14},{"not_picked":["Malaise","Wraith Form v2"],"picked":"After Image","floor":16},{"not_picked":["Calculated Gamble","Dagger Throw"],"picked":"Poisoned Stab","floor":18},{"not_picked":["Slice","Heel Hook"],"picked":"Leg Sweep","floor":22},{"not_picked":["Caltrops","Dodge and Roll"],"picked":"Backflip+1","floor":23},{"not_picked":["Skewer","Deflect","Masterful Stab"],"picked":"SKIP","floor":25},{"not_picked":["Outmaneuver","Prepared","Slice"],"picked":"SKIP","floor":27},{"not_picked":["Outmaneuver","Tactician","Phantasmal Killer"],"picked":"SKIP","floor":29},{"not_picked":["Flying Knee","Choke","Deflect"],"picked":"SKIP","floor":30}],"player_experience":1698937,"relics_obtained":[{"floor":7,"key":"Ancient Tea Set"},{"floor":8,"key":"Strawberry"},{"floor":9,"key":"Vajra"},{"floor":23,"key":"Art of War"},{"floor":26,"key":"Blood Vial"}],"event_choices":[{"cards_removed":["Strike_G"],"damage_healed":0,"gold_gain":0,"player_choice":"Purged","damage_taken":0,"max_hp_gain":0,"max_hp_loss":0,"event_name":"Purifier","floor":20,"gold_loss":0}],"is_beta":false,"boss_relics":[{"not_picked":["Black Star","Snecko Eye"],"picked":"Runic Dome"}],"items_purged_floors":[],"is_endless":false,"potions_floor_spawned":[2,4,5,12,16,22],"killed_by":"Automaton","ascension_level":13}