{"gold_per_floor":[117,117,117,137,147,147,56,85,111,123,88,88,114,8,8,110,110,123,123,137,60,60,60,91,190,190,190,0,0,13,33,33,131,131,148,148],"floor_reached":36,"playtime":3175,"items_purged":[],"score":378,"play_id":"15c48eda-3c7e-4aed-b884-b7853df00f4a","local_time":"20190126164944","is_ascension_mode":false,"campfire_choices":[{"floor":6,"key":"REST"},{"floor":12,"key":"REST"},{"floor":15,"key":"REST"},{"floor":23,"key":"REST"},{"floor":27,"key":"REST"},{"floor":32,"key":"REST"}],"neow_cost":"NONE","seed_source_timestamp":1221314167877487,"circlet_count":0,"master_deck":["Defend_G","Defend_G","Defend_G","Defend_G","Strike_G","Strike_G","Strike_G","Strike_G","Survivor","Neutralize","Finisher","Outmaneuver","Prepared","Tactician","Slice","Backstab","Backstab","Quick Slash","Infinite Blades","Heel Hook","Tools of the Trade","Poisoned Stab+1","Calculated Gamble","Infinite Blades","Dash","Caltrops","Malaise","Secret Weapon","Noxious Fumes","Flying Knee","Masterful Stab","A Thousand Cuts","Finisher"],"relics":["Ring of the Snake","Anchor","Thread and Needle","Boot","Odd Mushroom","Fusion Hammer","Dodecahedron","Blood Vial","Letter Opener","Velvet Choker"],"potions_floor_usage":[8,16,33],"damage_taken":[{"damage":0,"enemies":"Small Slimes","floor":1,"turns":5},{"damage":0,"enemies":"Jaw Worm","floor":4,"turns":3},{"damage":1,"enemies":"2 Louse","floor":5,"turns":3},{"damage":45,"enemies":"Lagavulin","floor":8,"turns":11},{"damage":0,"enemies":"Looter","floor":10,"turns":3},{"damage":18,"enemies":"The Mushroom Lair","floor":13,"turns":5},{"damage":64,"enemies":"The Guardian","floor":16,"turns":11},{"damage":11,"enemies":"2 Thieves","floor":18,"turns":4},{"damage":10,"enemies":"3 Byrds","floor":20,"turns":5},{"damage":22,"enemies":"Book of Stabbing","floor":24,"turns":5},{"damage":22,"enemies":"Centurion and Healer","floor":30,"turns":6},{"damage":0,"enemies":"Chosen and Byrds","floor":31,"turns":6},{"damage":63,"enemies":"Champ","floor":33,"turns":11},{"damage":16,"enemies":"3 Shapes","floor":35,"turns":4},{"damage":78,"enemies":"2 Orb Walkers","floor":36,"turns":4}],"seed_played":"-8609644389718154527","potions_obtained":[{"floor":1,"key":"Poison Potion"},{"floor":4,"key":"Fire Potion"},{"floor":8,"key":"LiquidBronze"},{"floor":13,"key":"SneckoOil"},{"floor":24,"key":"SteroidPotion"},{"floor":33,"key":"Block Potion"},{"floor":35,"key":"FearPotion"}],"is_trial":false,"path_per_floor":["M","?","?","M","M","R","$","E","T","M","?","R","?","$","R","B",null,"M","T","M","$","?","R","E","?","T","R","$","?","M","M","R","B",null,"M","?"],"character_chosen":"THE_SILENT","items_purchased":["Tactician","Slice","Infinite Blades","Heel Hook","Infinite Blades","Secret Weapon"],"campfire_rested":6,"item_purchase_floors":[7,7,14,14,21,28],"current_hp_per_floor":[77,35,60,60,59,77,77,32,32,32,51,74,56,56,77,13,77,66,66,56,56,56,77,55,55,55,77,77,77,55,57,77,14,77,61,0],"gold":148,"neow_bonus":"TEN_PERCENT_HP_BONUS","is_prod":false,"is_daily":false,"chose_seed":false,"campfire_upgraded":0,"win_rate":0.0,"timestamp":1548492584,"path_taken":["M","?","?","M","M","R","$","E","T","M","?","R","?","?","R","BOSS","M","?","M","$","?","R","E","?","T","R","$","?","M","M","R","BOSS","M","?"],"build_version":"2019-01-23","purchased_purges":0,"victory":false,"max_hp_per_floor":[77,77,77,77,77,77,77,77,77,77,77,77,77,77,77,77,77,77,77,77,77,77,77,77,77,77,77,77,77,77,77,77,77,77,77,77],"card_choices":[{"not_picked":["All Out Attack","Sucker Punch"],"picked":"Finisher","floor":1},{"not_picked":["Dagger Spray","Terror"],"picked":"Outmaneuver","floor":4},{"not_picked":["Outmaneuver","Dodge and Roll"],"picked":"Prepared","floor":5},{"not_picked":["Blade Dance","Acrobatics"],"picked":"Backstab","floor":8},{"not_picked":["Outmaneuver","Blur"],"picked":"Backstab","floor":10},{"not_picked":["Adrenaline","Blade Dance"],"picked":"Quick Slash","floor":13},{"not_picked":["Malaise","Doppelganger"],"picked":"Tools of the Trade","floor":16},{"not_picked":["Prepared","Finisher"],"picked":"Poisoned Stab+1","floor":18},{"not_picked":["Outmaneuver","Poisoned Stab"],"picked":"Calculated Gamble","floor":20},{"not_picked":["Prepared","Sucker Punch"],"picked":"Malaise","floor":24},{"not_picked":["Sucker Punch","Deadly Poison"],"picked":"Flying Knee","floor":30},{"not_picked":["Slice","Dagger Spray"],"picked":"Masterful Stab","floor":31},{"not_picked":["Wraith Form v2","Unload"],"picked":"A Thousand Cuts","floor":33},{"not_picked":["Poisoned Stab+1","Deadly Poison+1"],"picked":"Finisher","floor":35}],"player_experience":105,"relics_obtained":[{"floor":8,"key":"Thread and Needle"},{"floor":9,"key":"Boot"},{"floor":13,"key":"Odd Mushroom"},{"floor":19,"key":"Dodecahedron"},{"floor":24,"key":"Blood Vial"},{"floor":26,"key":"Letter Opener"}],"event_choices":[{"damage_healed":0,"gold_gain":0,"player_choice":"Success","damage_taken":42,"relics_obtained":["Anchor"],"max_hp_gain":0,"max_hp_loss":0,"event_name":"Scrap Ooze","floor":2,"gold_loss":0},{"damage_healed":25,"gold_gain":0,"player_choice":"Banana","damage_taken":0,"max_hp_gain":0,"max_hp_loss":0,"event_name":"Big Fish","floor":3,"gold_loss":0},{"damage_healed":19,"gold_gain":0,"player_choice":"Healed","damage_taken":0,"max_hp_gain":0,"max_hp_loss":0,"event_name":"The Cleric","floor":11,"gold_loss":35},{"damage_healed":0,"gold_gain":0,"player_choice":"Fought Mushrooms","damage_taken":0,"max_hp_gain":0,"max_hp_loss":0,"event_name":"Mushrooms","floor":13,"gold_loss":0},{"damage_healed":0,"gold_gain":0,"cards_transformed":["Strike_G","Defend_G"],"player_choice":"Became Test Subject","damage_taken":0,"max_hp_gain":0,"max_hp_loss":0,"event_name":"Drug Dealer","floor":22,"gold_loss":0,"cards_obtained":["Dash","Caltrops"]},{"damage_healed":0,"gold_gain":99,"player_choice":"Stole From Cult","damage_taken":0,"max_hp_gain":0,"max_hp_loss":0,"event_name":"Nest","floor":25,"gold_loss":0},{"damage_healed":0,"gold_gain":0,"player_choice":"Read","damage_taken":0,"max_hp_gain":0,"max_hp_loss":0,"event_name":"The Library","floor":29,"gold_loss":0,"cards_obtained":["Noxious Fumes"]},{"damage_healed":0,"gold_gain":0,"player_choice":"Fight","damage_taken":0,"max_hp_gain":0,"max_hp_loss":0,"event_name":"Mysterious Sphere","floor":36,"gold_loss":0}],"is_beta":false,"boss_relics":[{"not_picked":["Empty Cage","Busted Crown"],"picked":"Fusion Hammer"},{"not_picked":["Eternal Feather","Snecko Eye"],"picked":"Velvet Choker"}],"items_purged_floors":[],"is_endless":false,"potions_floor_spawned":[1,4,8,13,24,33,35],"killed_by":"2 Orb Walkers","ascension_level":0}