{"gold_per_floor":[110,30,30,30,30,30,48,78,78,104,118,118,51,65,65,143,143,154,154,83,97,111,111,143,143,143,153,180,191,220,236,236,309,309,319,319,372,383,400,400,427,438,438,363,381,392,392,38,38,38],"floor_reached":51,"playtime":2530,"items_purged":["Regret"],"score":1347,"play_id":"3e80f557-2287-456d-a538-8569f03d5339","local_time":"20180731132336","is_ascension_mode":true,"campfire_choices":[{"data":"Endless Agony","floor":6,"key":"SMITH"},{"data":"Footwork","floor":12,"key":"SMITH"},{"data":"Cloak And Dagger","floor":15,"key":"SMITH"},{"data":"Footwork","floor":23,"key":"SMITH"},{"floor":32,"key":"REST"},{"data":"Envenom","floor":40,"key":"SMITH"},{"data":"After Image","floor":47,"key":"SMITH"},{"floor":49,"key":"REST"}],"neow_cost":"NONE","seed_source_timestamp":132199476095604,"circlet_count":0,"master_deck":["Defend_G+1","Defend_G+1","Defend_G+1","Defend_G+1","Defend_G+1","Strike_G+1","Strike_G+1","Strike_G+1","Survivor","Neutralize+1","AscendersBane","Dagger Throw+1","Endless Agony+1","Cloak And Dagger+1","Footwork+1","Deflect+1","Adrenaline+1","Backstab","Backflip","Wraith Form v2","PiercingWail+1","Footwork+1","PiercingWail","Backflip","Decay","Deflect+1","Accuracy","Cloak And Dagger+1","Endless Agony","Footwork","After Image+1","Blur","Envenom+1","Caltrops","Sucker Punch","Endless Agony","Cloak And Dagger","Apotheosis","Catalyst+1"],"relics":["Ring of the Snake","NeowsBlessing","Gambling Chip","Paper Crane","Bag of Marbles","WristBlade","Dream Catcher","Gremlin Horn","Red Mask","War Paint","Cursed Key","Bird Faced Urn","Bag of Preparation","Bottled Lightning","Art of War"],"potions_floor_usage":[16,33,50],"damage_taken":[{"damage":0,"enemies":"Small Slimes","floor":1,"turns":1},{"damage":0,"enemies":"Jaw Worm","floor":7,"turns":1},{"damage":0,"enemies":"Lagavulin","floor":8,"turns":1},{"damage":9,"enemies":"Gremlin Nob","floor":10,"turns":4},{"damage":0,"enemies":"2 Louse","floor":11,"turns":1},{"damage":0,"enemies":"2 Fungi Beasts","floor":14,"turns":1},{"damage":17,"enemies":"Hexaghost","floor":16,"turns":16},{"damage":0,"enemies":"Chosen","floor":18,"turns":4},{"damage":0,"enemies":"Shell Parasite","floor":21,"turns":3},{"damage":0,"enemies":"Snake Plant","floor":22,"turns":3},{"damage":12,"enemies":"Gremlin Leader","floor":24,"turns":15},{"damage":0,"enemies":"Snecko","floor":27,"turns":4},{"damage":0,"floor":28,"turns":4},{"damage":6,"enemies":"Cultist and Chosen","floor":29,"turns":7},{"damage":3,"enemies":"Book of Stabbing","floor":30,"turns":7},{"damage":0,"enemies":"Centurion and Healer","floor":31,"turns":4},{"damage":28,"enemies":"Automaton","floor":33,"turns":24},{"damage":0,"enemies":"Orb Walker","floor":35,"turns":3},{"damage":0,"floor":37,"turns":7},{"damage":0,"enemies":"Flame Bruiser 1 Orb","floor":38,"turns":7},{"damage":0,"enemies":"Spire Growth","floor":39,"turns":5},{"damage":0,"enemies":"Giant Head","floor":41,"turns":13},{"damage":0,"enemies":"Flame Bruiser 2 Orb","floor":42,"turns":5},{"damage":0,"enemies":"Sphere and 2 Shapes","floor":45,"turns":3},{"damage":35,"enemies":"Spire Growth","floor":46,"turns":5},{"damage":42,"enemies":"Donu and Deca","floor":50,"turns":13}],"seed_played":"-7191326335156731035","potions_obtained":[{"floor":7,"key":"GhostInAJar"},{"floor":11,"key":"Block Potion"},{"floor":27,"key":"SmokeBomb"},{"floor":35,"key":"Regen Potion"},{"floor":42,"key":"Weak Potion"},{"floor":46,"key":"LiquidBronze"}],"is_trial":false,"path_per_floor":["M","$","?","?","?","R","M","E","T","E","M","R","$","M","R","B",null,"M","?","$","M","M","R","E","?","T","M","?","M","E","M","R","B",null,"M","?","?","M","M","R","E","M","T","$","M","M","R","$","R","B"],"character_chosen":"THE_SILENT","items_purchased":["Endless Agony","Backstab","Footwork","Cloak And Dagger","Art of War","Apotheosis"],"campfire_rested":2,"item_purchase_floors":[2,13,20,48,48,48],"current_hp_per_floor":[59,59,52,52,52,52,52,52,52,43,43,43,43,43,43,26,56,56,56,56,56,56,56,44,44,44,44,44,38,35,35,54,26,56,56,56,56,66,66,66,66,66,66,66,66,39,39,39,58,26],"gold":38,"neow_bonus":"THREE_ENEMY_KILL","is_prod":false,"is_daily":false,"chose_seed":false,"campfire_upgraded":6,"win_rate":0,"timestamp":1533036216,"path_taken":["M","$","?","?","?","R","M","E","T","E","?","R","$","M","R","BOSS","M","?","$","M","M","R","E","?","T","?","?","M","E","M","R","BOSS","M","?","?","M","M","R","E","M","T","$","M","M","R","$","R","BOSS"],"build_version":"2018-07-26","purchased_purges":1,"victory":true,"max_hp_per_floor":[66,66,66,66,66,66,66,66,66,66,66,66,66,66,66,66,66,66,66,66,66,66,66,66,66,66,66,66,66,66,66,66,66,66,66,66,66,66,66,66,66,66,66,66,66,66,66,66,66,66],"card_choices":[{"not_picked":["Quick Slash","Deflect"],"picked":"Dagger Throw","floor":1},{"not_picked":["Dagger Throw","Blur"],"picked":"Cloak And Dagger","floor":7},{"not_picked":["Caltrops","Calculated Gamble"],"picked":"Footwork","floor":8},{"not_picked":["Flying Knee","Underhanded Strike"],"picked":"Deflect","floor":10},{"not_picked":["Outmaneuver","Dagger Spray"],"picked":"Adrenaline","floor":11},{"not_picked":["Slice","Storm of Steel"],"picked":"Backflip","floor":14},{"not_picked":["Glass Knife","Night Terror"],"picked":"Wraith Form v2","floor":16},{"not_picked":["Dagger Throw","Prepared"],"picked":"PiercingWail+1","floor":18},{"not_picked":["Bane","Poisoned Stab","Quick Slash"],"picked":"SKIP","floor":21},{"not_picked":["Sucker Punch","Escape Plan"],"picked":"PiercingWail","floor":22},{"not_picked":["PiercingWail","Predator+1"],"picked":"Backflip","floor":24},{"not_picked":["Bane","Outmaneuver+1"],"picked":"Deflect+1","floor":27},{"not_picked":["All Out Attack","PiercingWail"],"picked":"Accuracy","floor":28},{"not_picked":["Prepared+1","Sucker Punch"],"picked":"Cloak And Dagger+1","floor":29},{"not_picked":["Predator+1","Catalyst","Underhanded Strike"],"picked":"SKIP","floor":30},{"not_picked":["Dagger Spray","Dash"],"picked":"Endless Agony","floor":31},{"not_picked":["Die Die Die","Outmaneuver"],"picked":"Footwork","floor":32},{"not_picked":["Phantasmal Killer","Adrenaline"],"picked":"After Image","floor":33},{"not_picked":["Dagger Throw","Setup","Acrobatics+1"],"picked":"SKIP","floor":35},{"not_picked":["Slice","Dagger Throw"],"picked":"Blur","floor":37},{"not_picked":["Dodge and Roll","Bane+1"],"picked":"Envenom","floor":38},{"not_picked":["Deadly Poison","Bouncing Flask"],"picked":"Caltrops","floor":39},{"not_picked":["Quick Slash+1","Dagger Spray"],"picked":"Sucker Punch","floor":41},{"not_picked":["Bane","Outmaneuver"],"picked":"Endless Agony","floor":42},{"not_picked":["Dagger Throw","Deflect","Underhanded Strike"],"picked":"SKIP","floor":45},{"not_picked":["Dagger Throw","Deflect","Underhanded Strike"],"picked":"SKIP","floor":45},{"not_picked":["Deflect+1","Tactician","Eviscerate"],"picked":"SKIP","floor":46},{"not_picked":["Tactician","Quick Slash"],"picked":"Catalyst+1","floor":49}],"player_experience":1206116,"relics_obtained":[{"floor":8,"key":"Gambling Chip"},{"floor":9,"key":"Paper Crane"},{"floor":10,"key":"Bag of Marbles"},{"floor":24,"key":"Dream Catcher"},{"floor":26,"key":"Gremlin Horn"},{"floor":28,"key":"Red Mask"},{"floor":30,"key":"War Paint"},{"floor":37,"key":"Bird Faced Urn"},{"floor":41,"key":"Bag of Preparation"},{"floor":43,"key":"Bottled Lightning"}],"event_choices":[{"event_name":"Golden Wing","player_choice":"Card Removal","floor":3,"damage_taken":0},{"event_name":"Upgrade Shrine","player_choice":"Upgraded","floor":4,"damage_taken":0},{"event_name":"Living Wall","player_choice":"Grow","floor":5,"damage_taken":0},{"event_name":"Back to Basics","player_choice":"Simplicity","floor":19,"damage_taken":0},{"event_name":"Forgotten Altar","player_choice":"Smashed Altar","floor":25,"damage_taken":0},{"event_name":"Masked Bandits","player_choice":"Fought over 153 gold","floor":28,"damage_taken":0},{"event_name":"Falling","player_choice":"Removed Attack","floor":36,"damage_taken":0},{"event_name":"Mysterious Sphere","player_choice":"Fight","floor":37,"damage_taken":0}],"is_beta":false,"boss_relics":[{"not_picked":["Black Star","HoveringKite"],"picked":"WristBlade"},{"not_picked":["Velvet Choker","Empty Cage"],"picked":"Cursed Key"}],"items_purged_floors":[44],"is_endless":false,"potions_floor_spawned":[7,11,14,27,28,30,35,41,42,46],"ascension_level":15}