{"gold_per_floor":[115,125,145,156,174,174,200,214,214,230,230,256,256,269,269,372,372,387,387,400,175,190,190],"floor_reached":23,"playtime":1506,"items_purged":["Strike_R"],"score":228,"play_id":"e2c32693-98ca-4159-a71c-e6a9c6f8be4c","local_time":"20190214230539","is_ascension_mode":true,"campfire_choices":[{"data":"Whirlwind","floor":6.0,"key":"SMITH"},{"data":"Uppercut","floor":13,"key":"SMITH"},{"data":"Clothesline","floor":15,"key":"SMITH"}],"neow_cost":"NONE","seed_source_timestamp":23257802327280,"circlet_count":0,"master_deck":["Strike_R+1","Strike_R","Strike_R","Strike_R","Defend_R","Defend_R","Defend_R","Defend_R+1","Bash","Clothesline+1","Whirlwind+1","Uppercut+1","Spot Weakness","Inflame","Shrug It Off","Demon Form","True Grit+1","Seeing Red+1"],"special_seed":0,"relics":["Burning Blood","Omamori","Meat on the Bone","Kunai","Black Star","Enchiridion","Oddly Smooth Stone"],"potions_floor_usage":[16,22,23,23,23],"damage_taken":[{"damage":3.0,"enemies":"2 Louse","floor":1.0,"turns":3.0},{"damage":7.0,"enemies":"Small Slimes","floor":2.0,"turns":4.0},{"damage":4.0,"enemies":"Jaw Worm","floor":3.0,"turns":4.0},{"damage":15.0,"enemies":"Gremlin Gang","floor":4.0,"turns":3.0},{"damage":6.0,"enemies":"Looter","floor":5.0,"turns":4.0},{"damage":34.0,"enemies":"Lagavulin","floor":7.0,"turns":8.0},{"damage":13.0,"enemies":"Blue Slaver","floor":8.0,"turns":5.0},{"damage":7.0,"enemies":"Lots of Slimes","floor":10.0,"turns":2.0},{"damage":18.0,"enemies":"3 Sentries","floor":12.0,"turns":4.0},{"damage":8,"enemies":"Exordium Thugs","floor":14,"turns":3},{"damage":40,"enemies":"The Guardian","floor":16,"turns":10},{"damage":8,"enemies":"3 Byrds","floor":18,"turns":4},{"damage":35,"enemies":"Spheric Guardian","floor":20,"turns":5},{"damage":43,"enemies":"Centurion and Healer","floor":22,"turns":5},{"damage":28,"enemies":"Gremlin Leader","floor":23,"turns":4}],"seed_played":"8129892746008842151","potions_obtained":[{"floor":2.0,"key":"Explosive Potion"},{"floor":4.0,"key":"SpeedPotion"},{"floor":8.0,"key":"SpeedPotion"},{"floor":14,"key":"PowerPotion"},{"floor":16,"key":"Strength Potion"},{"floor":22,"key":"GamblersBrew"}],"is_trial":false,"path_per_floor":["M","M","M","M","M","R","E","M","T","M","?","E","R","M","R","B",null,"M","?","M","$","M","E"],"character_chosen":"IRONCLAD","items_purchased":["Oddly Smooth Stone"],"campfire_rested":0,"item_purchase_floors":[21],"current_hp_per_floor":[80,79,80,71,71,71,43,36,36,47,31,31,31,41,41,19,80,78,62,45,45,20,0],"gold":190,"neow_bonus":"THREE_CARDS","is_prod":false,"is_daily":false,"chose_seed":false,"campfire_upgraded":3,"win_rate":0,"timestamp":1550156739,"path_taken":["M","M","M","M","M","R","E","M","T","M","?","E","R","M","R","BOSS","M","?","M","$","M","E"],"build_version":"2019-01-23","purchased_purges":1,"victory":false,"max_hp_per_floor":[80,80,80,80,80,80,80,80,80,80,80,80,80,80,80,80,80,80,80,80,80,80,80],"card_choices":[{"not_picked":["Clash","Fire Breathing","Wild Strike"],"picked":"SKIP","floor":1.0},{"not_picked":["Dropkick","Armaments"],"picked":"Clothesline","floor":2.0},{"not_picked":["Second Wind","Infernal Blade"],"picked":"Whirlwind","floor":3.0},{"not_picked":["Carnage","Pommel Strike","Seeing Red"],"picked":"SKIP","floor":4.0},{"not_picked":["Carnage","Pommel Strike","Seeing Red"],"picked":"SKIP","floor":4.0},{"not_picked":["Combust","Clothesline","Second Wind"],"picked":"SKIP","floor":5.0},{"not_picked":["Twin Strike","Body Slam","Havoc"],"picked":"SKIP","floor":7.0},{"not_picked":["Cleave","Dropkick"],"picked":"Uppercut","floor":8.0},{"not_picked":["Pommel Strike","Exhume"],"picked":"Spot Weakness","floor":10.0},{"not_picked":["Twin Strike","Thunderclap"],"picked":"Inflame","floor":12.0},{"not_picked":["Warcry","Body Slam"],"picked":"Shrug It Off","floor":14},{"not_picked":["Feed","Brutality"],"picked":"Demon Form","floor":16},{"not_picked":["Body Slam+1","Perfected Strike"],"picked":"True Grit+1","floor":18},{"not_picked":["Anger","Havoc"],"picked":"Seeing Red+1","floor":20},{"not_picked":["Pommel Strike","Perfected Strike","Anger"],"picked":"SKIP","floor":22}],"player_experience":136695,"relics_obtained":[{"floor":7.0,"key":"Omamori"},{"floor":9.0,"key":"Meat on the Bone"},{"floor":12.0,"key":"Kunai"},{"floor":19,"key":"Enchiridion"}],"event_choices":[{"damage_healed":0.0,"max_hp_gain":0.0,"max_hp_loss":0.0,"gold_gain":0.0,"event_name":"Shining Light","player_choice":"Entered Light","floor":11.0,"gold_loss":0.0,"damage_taken":16.0,"cards_upgraded":["Defend_R","Strike_R"]},{"damage_healed":0,"gold_gain":0,"player_choice":"Obtained Book","damage_taken":16,"max_hp_gain":0,"max_hp_loss":0,"event_name":"Cursed Tome","floor":19,"gold_loss":0}],"is_beta":false,"boss_relics":[{"not_picked":["Pandora\u0027s Box","Lizard Tail"],"picked":"Black Star"}],"items_purged_floors":[21],"is_endless":false,"potions_floor_spawned":[2,4,8,14,16,18,22],"killed_by":"Gremlin Leader","ascension_level":2}