{"gold_per_floor":[119,119,139,139,139,139,150,150,175,187,187,218,8,27,27,106,106,125,135,60,60,60,60,10,10,10,10,23,42,54,74,74,74],"floor_reached":33,"playtime":1311,"items_purged":["Strike_B"],"score":445,"play_id":"2c3b6f3f-0dc4-4b2f-815b-a92a7202e5b0","local_time":"20190204150616","is_ascension_mode":true,"campfire_choices":[{"floor":6.0,"key":"REST"},{"floor":11.0,"key":"REST"},{"data":"Zap","floor":15.0,"key":"SMITH"},{"data":"Defragment","floor":23,"key":"SMITH"},{"data":"Madness","floor":25,"key":"SMITH"},{"data":"Echo Form","floor":27,"key":"SMITH"},{"data":"Capacitor","floor":32,"key":"SMITH"}],"neow_cost":"NONE","seed_source_timestamp":1055434875810665,"circlet_count":0,"master_deck":["AscendersBane","Strike_B+1","Strike_B","Defend_B+1","Defend_B","Zap+1","Dualcast","Cold Snap","Barrage","Conserve Battery","Double Energy","Capacitor+1","Defragment+1","Madness+1","Go for the Eyes","Echo Form+1","Glacier","Auto Shields","Ghostly","Ghostly","Ghostly","Consume"],"special_seed":0,"relics":["Cracked Core","Pocketwatch","Omamori","Letter Opener","Eternal Feather","Prayer Wheel"],"potions_floor_usage":[28,33],"damage_taken":[{"damage":11.0,"enemies":"2 Louse","floor":1.0,"turns":2.0},{"damage":0.0,"enemies":"Small Slimes","floor":3.0,"turns":3.0},{"damage":0.0,"enemies":"Cultist","floor":7.0,"turns":2.0},{"damage":0.0,"enemies":"Blue Slaver","floor":10.0,"turns":3.0},{"damage":5.0,"enemies":"3 Sentries","floor":12.0,"turns":7.0},{"damage":8.0,"enemies":"Large Slime","floor":14.0,"turns":4.0},{"damage":23.0,"enemies":"Slime Boss","floor":16.0,"turns":9.0},{"damage":16.0,"enemies":"Spheric Guardian","floor":18.0,"turns":4.0},{"damage":18.0,"enemies":"Chosen","floor":19.0,"turns":6.0},{"damage":0,"enemies":"3 Cultists","floor":28,"turns":6},{"damage":0,"enemies":"Snake Plant","floor":29,"turns":6},{"damage":4,"enemies":"Shelled Parasite and Fungi","floor":30,"turns":9},{"damage":14,"enemies":"Snecko","floor":31,"turns":7},{"damage":39,"enemies":"Automaton","floor":33,"turns":8}],"seed_played":"-3406423576865237628","potions_obtained":[{"floor":10.0,"key":"SpeedPotion"},{"floor":12.0,"key":"SteroidPotion"},{"floor":14.0,"key":"FocusPotion"},{"floor":16.0,"key":"Strength Potion"},{"floor":18.0,"key":"SkillPotion"},{"floor":30,"key":"Fire Potion"}],"is_trial":false,"path_per_floor":["M","?","M","?","?","R","M","?","T","M","R","E","$","M","R","B",null,"M","M","?","?","$","R","?","R","T","R","M","M","M","M","R","B"],"character_chosen":"DEFECT","items_purchased":["Defragment","Madness"],"campfire_rested":2,"item_purchase_floors":[13,13],"current_hp_per_floor":[53,46,46,25,14,35,35,35,35,35,56,51,51,43,43,20,58,42,24,24,24,24,35,35,35,35,35,35,35,31,17,29,0],"gold":74,"neow_bonus":"THREE_CARDS","is_prod":false,"is_daily":false,"chose_seed":false,"campfire_upgraded":5,"win_rate":0,"timestamp":1549260376,"path_taken":["M","?","M","?","?","R","M","?","T","M","R","E","$","M","R","BOSS","M","?","?","?","$","R","?","R","T","R","M","M","M","M","R","BOSS"],"build_version":"2019-01-23","purchased_purges":1,"victory":false,"max_hp_per_floor":[71,71,71,71,71,71,71,71,71,71,71,71,71,71,71,71,71,71,71,71,35,35,35,35,35,35,35,35,35,35,35,35,35],"card_choices":[{"not_picked":["Stack","Blizzard"],"picked":"Cold Snap","floor":0.0},{"not_picked":["Rebound","Fusion"],"picked":"Barrage","floor":1.0},{"not_picked":["Coolheaded","Stack","Beam Cell"],"picked":"SKIP","floor":3.0},{"not_picked":["Force Field","Cold Snap"],"picked":"Conserve Battery","floor":7.0},{"not_picked":["Rebound","Barrage"],"picked":"Double Energy","floor":10.0},{"not_picked":["Fission","Hologram"],"picked":"Capacitor","floor":12.0},{"not_picked":["Rebound","Gash"],"picked":"Go for the Eyes","floor":14.0},{"not_picked":["All For One","Multi-Cast"],"picked":"Echo Form","floor":16.0},{"not_picked":["Rebound","Steam Power+1"],"picked":"Glacier","floor":18.0},{"not_picked":["Coolheaded","Cold Snap"],"picked":"Auto Shields","floor":19.0},{"not_picked":["Go for the Eyes","Rebound"],"picked":"Consume","floor":28},{"not_picked":["Barrage","Redo","Rebound"],"picked":"SKIP","floor":28},{"not_picked":["Barrage","Streamline","Conserve Battery"],"picked":"SKIP","floor":29},{"not_picked":["Stack","Beam Cell","Rainbow"],"picked":"SKIP","floor":29},{"not_picked":["Stack+1","Steam+1","Streamline"],"picked":"SKIP","floor":30},{"not_picked":["Leap","Beam Cell+1","Sweeping Beam"],"picked":"SKIP","floor":30},{"not_picked":["Leap","Skim","Compile Driver"],"picked":"SKIP","floor":31},{"not_picked":["Chill+1","BootSequence","Beam Cell"],"picked":"SKIP","floor":31}],"player_experience":462900,"relics_obtained":[{"floor":9.0,"key":"Omamori"},{"floor":12.0,"key":"Letter Opener"},{"floor":26,"key":"Prayer Wheel"}],"event_choices":[{"cards_removed":["Strike_B"],"damage_healed":0.0,"max_hp_gain":0.0,"max_hp_loss":0.0,"gold_gain":0.0,"event_name":"Golden Wing","player_choice":"Card Removal","floor":2.0,"gold_loss":0.0,"damage_taken":7.0},{"damage_healed":0.0,"max_hp_gain":0.0,"max_hp_loss":0.0,"gold_gain":0.0,"event_name":"Shining Light","player_choice":"Entered Light","floor":4.0,"gold_loss":0.0,"damage_taken":21.0,"cards_upgraded":["Strike_B","Defend_B"]},{"damage_healed":0.0,"max_hp_gain":0.0,"max_hp_loss":0.0,"gold_gain":0.0,"event_name":"Scrap Ooze","player_choice":"Success","floor":5.0,"gold_loss":0.0,"damage_taken":11.0,"relics_obtained":["Pocketwatch"]},{"cards_removed":["Defend_B"],"damage_healed":0.0,"max_hp_gain":0.0,"max_hp_loss":0.0,"gold_gain":0.0,"event_name":"Bonfire Elementals","player_choice":"Offered Basic","floor":8.0,"gold_loss":0.0,"damage_taken":0.0},{"cards_removed":["Defend_B"],"damage_healed":0.0,"max_hp_gain":0.0,"max_hp_loss":0.0,"gold_gain":0.0,"event_name":"Beggar","player_choice":"Gave Gold","floor":20.0,"gold_loss":75.0,"damage_taken":0.0},{"damage_healed":0.0,"max_hp_gain":0.0,"max_hp_loss":36.0,"gold_gain":0.0,"event_name":"Ghosts","player_choice":"Became a Ghost","floor":21.0,"gold_loss":0.0,"damage_taken":0.0,"cards_obtained":["Ghostly","Ghostly","Ghostly"]},{"damage_healed":0,"gold_gain":0,"player_choice":"Bet on Owner","damage_taken":0,"max_hp_gain":0,"max_hp_loss":0,"event_name":"The Joust","floor":24,"gold_loss":50}],"is_beta":false,"boss_relics":[{"not_picked":["Lizard Tail","Fusion Hammer"],"picked":"Eternal Feather"}],"items_purged_floors":[13],"is_endless":false,"potions_floor_spawned":[10,12,14,16,18,19,30],"killed_by":"Automaton","ascension_level":16}