{"gold_per_floor":[130,152,174,202,214,259,271,296,331,343,369,410,341,341,341,417,417,417,417,153,153,153,153,153,153,153,153,153,153,153,153,153,153,153,153,153,153,153,153,153,153,153,153,153,153,8,8,8,8,8],"floor_reached":51,"playtime":2381,"items_purged":[],"score":1275,"play_id":"0957ef71-17e1-4dc8-92e9-374cddc21994","local_time":"20180723133128","is_ascension_mode":true,"campfire_choices":[{"floor":7.0,"key":"REST"},{"data":"Noxious Fumes","floor":15.0,"key":"SMITH"},{"floor":23.0,"key":"REST"},{"data":"A Thousand Cuts","floor":25.0,"key":"SMITH"},{"data":"Finisher","floor":27.0,"key":"SMITH"},{"data":"Cloak And Dagger","floor":29.0,"key":"SMITH"},{"floor":32.0,"key":"REST"},{"data":"Noxious Fumes","floor":40,"key":"SMITH"},{"floor":42,"key":"REST"},{"data":"Adrenaline","floor":44,"key":"SMITH"},{"floor":49,"key":"REST"}],"neow_cost":"NONE","seed_source_timestamp":0,"circlet_count":0,"master_deck":["Defend_G","Defend_G","Defend_G","Defend_G","Strike_G","Strike_G+1","Survivor","Neutralize+1","AscendersBane","PiercingWail","Cloak And Dagger+1","Endless Agony+1","Predator+1","Caltrops","Deflect","Poisoned Stab","Finisher+1","Noxious Fumes+1","A Thousand Cuts+1","Noxious Fumes+1","Cloak And Dagger+1","Well Laid Plans","Deflect","Infinite Blades","Deflect+1","Slice","Dodge and Roll+1","Backstab","Noxious Fumes+1","Adrenaline+1","Underhanded Strike+1","Reflex+1","Predator+1","Cloak And Dagger+1","Deflect","Dodge and Roll+1","Cloak And Dagger+1","Terror","Footwork"],"special_seed":0,"relics":["Ring of the Snake","MawBank","Meat on the Bone","Pen Nib","Centennial Puzzle","Whetstone","Ectoplasm","Dream Catcher","Pear","Happy Flower","Astrolabe","Unceasing Top","Gremlin Horn","Tiny Chest","Bronze Scales","Tough Bandages"],"potions_floor_usage":[36,50],"damage_taken":[{"damage":6.0,"enemies":"Jaw Worm","floor":1.0,"turns":6.0},{"damage":0.0,"enemies":"2 Louse","floor":2.0,"turns":4.0},{"damage":0.0,"enemies":"Cultist","floor":3.0,"turns":5.0},{"damage":0.0,"enemies":"2 Fungi Beasts","floor":4.0,"turns":6.0},{"damage":20.0,"enemies":"Gremlin Nob","floor":6.0,"turns":4.0},{"damage":0.0,"enemies":"Lots of Slimes","floor":8.0,"turns":4.0},{"damage":3.0,"enemies":"Exordium Wildlife","floor":11.0,"turns":6.0},{"damage":10.0,"enemies":"Lagavulin","floor":12.0,"turns":6.0},{"damage":20.0,"enemies":"Hexaghost","floor":16.0,"turns":8.0},{"damage":9.0,"enemies":"Shell Parasite","floor":18.0,"turns":5.0},{"damage":11.0,"enemies":"Spheric Guardian","floor":19.0,"turns":3.0},{"damage":24.0,"enemies":"Centurion and Healer","floor":21.0,"turns":6.0},{"damage":11.0,"enemies":"Sentry and Sphere","floor":22.0,"turns":5.0},{"damage":30.0,"enemies":"Book of Stabbing","floor":28.0,"turns":6.0},{"damage":8.0,"enemies":"Slaver and Parasite","floor":30.0,"turns":5.0},{"damage":4.0,"enemies":"Chosen and Byrds","floor":31.0,"turns":5.0},{"damage":36.0,"enemies":"Automaton","floor":33.0,"turns":8.0},{"damage":3,"enemies":"3 Darklings","floor":35,"turns":4},{"damage":29,"floor":36,"turns":4},{"damage":1,"enemies":"3 Shapes","floor":39,"turns":3},{"damage":23,"enemies":"Giant Head","floor":41,"turns":7},{"damage":1,"enemies":"Flame Bruiser 2 Orb","floor":45,"turns":3},{"damage":13,"enemies":"4 Shapes","floor":48,"turns":5},{"damage":70,"enemies":"Donu and Deca","floor":50,"turns":9}],"seed_played":"3520266494192668606","potions_obtained":[{"floor":1.0,"key":"Dexterity Potion"},{"floor":4.0,"key":"SteroidPotion"},{"floor":8.0,"key":"Block Potion"},{"floor":12.0,"key":"AttackPotion"},{"floor":16.0,"key":"SkillPotion"},{"floor":28.0,"key":"Fire Potion"},{"floor":33.0,"key":"Weak Potion"},{"floor":39,"key":"FairyPotion"},{"floor":41,"key":"GhostInAJar"}],"is_trial":false,"path_per_floor":["M","M","M","M","?","E","R","M","T","?","M","E","$","T","R","B",null,"M","M","$","M","M","R","?","R","T","R","E","R","M","M","R","B",null,"M","?","?","?","M","R","E","R","T","R","M","$","T","M","R","B"],"character_chosen":"THE_SILENT","items_purchased":["Noxious Fumes","Well Laid Plans","Dream Catcher","Deflect","Bronze Scales"],"campfire_rested":5,"item_purchase_floors":[13,20,20,20,46],"current_hp_per_floor":[53,53,53,53,33,13,32,44,44,44,41,43,43,43,43,35,58,49,38,38,26,27,46,46,46,56,56,38,38,42,50,72,48,69,66,49,49,49,48,48,37,59,59,59,58,58,58,45,67,19],"gold":8,"neow_bonus":"RANDOM_COMMON_RELIC","is_prod":false,"is_daily":false,"chose_seed":false,"campfire_upgraded":6,"win_rate":0,"timestamp":1532345488,"path_taken":["M","M","M","M","?","E","R","?","T","?","M","E","$","?","R","BOSS","M","M","$","M","M","R","?","R","T","R","E","R","?","M","R","BOSS","M","?","?","?","M","R","E","R","T","R","M","?","?","M","R","BOSS"],"build_version":"2018-07-19v2","purchased_purges":0,"victory":true,"max_hp_per_floor":[66,66,66,66,66,66,66,66,66,66,66,66,66,66,66,66,66,66,66,66,66,66,66,66,66,76,76,76,76,76,76,76,76,76,76,76,76,76,76,76,76,76,76,76,76,76,76,76,76,76],"card_choices":[{"not_picked":["Reflex","Prepared"],"picked":"PiercingWail","floor":1.0},{"not_picked":["Dodge and Roll","Backflip"],"picked":"Cloak And Dagger","floor":2.0},{"not_picked":["Dodge and Roll","Bane"],"picked":"Endless Agony","floor":3.0},{"not_picked":["Flying Knee","Underhanded Strike"],"picked":"Predator","floor":4.0},{"not_picked":["All Out Attack","Prepared"],"picked":"Caltrops","floor":6.0},{"not_picked":["Flying Knee","Phantasmal Killer"],"picked":"Deflect","floor":8.0},{"not_picked":["Outmaneuver","Catalyst"],"picked":"Poisoned Stab","floor":11.0},{"not_picked":["All Out Attack","Tools of the Trade"],"picked":"Finisher","floor":12.0},{"not_picked":["Die Die Die","Corpse Explosion"],"picked":"A Thousand Cuts","floor":16.0},{"not_picked":["Blur","Skewer"],"picked":"Noxious Fumes+1","floor":18.0},{"not_picked":["Caltrops","Deflect"],"picked":"Cloak And Dagger+1","floor":19.0},{"not_picked":["Deadly Poison","PiercingWail"],"picked":"Infinite Blades","floor":21.0},{"not_picked":["Prepared+1","Well Laid Plans"],"picked":"Deflect+1","floor":22.0},{"not_picked":["Masterful Stab","Sucker Punch"],"picked":"Slice","floor":23.0},{"not_picked":["Endless Agony","Underhanded Strike"],"picked":"Dodge and Roll+1","floor":28.0},{"not_picked":["Bane","Underhanded Strike"],"picked":"Backstab","floor":30.0},{"not_picked":["Deadly Poison","Acrobatics","Eviscerate"],"picked":"SKIP","floor":31.0},{"not_picked":["Accuracy+1","Quick Slash"],"picked":"Noxious Fumes","floor":32.0},{"not_picked":["Doppelganger","Malaise"],"picked":"Adrenaline","floor":33.0},{"not_picked":["Quick Slash","Poisoned Stab+1"],"picked":"Cloak And Dagger","floor":35},{"not_picked":["Dagger Spray","Quick Slash"],"picked":"Deflect","floor":39},{"not_picked":["Sucker Punch","Deadly Poison","Phantasmal Killer"],"picked":"SKIP","floor":41},{"not_picked":["Underhanded Strike+1","Crippling Poison"],"picked":"Dodge and Roll+1","floor":42},{"not_picked":["Flying Knee","Underhanded Strike+1"],"picked":"Cloak And Dagger+1","floor":45},{"not_picked":["Skewer","Bane"],"picked":"Terror","floor":48},{"not_picked":["Cloak And Dagger","Finisher"],"picked":"Footwork","floor":49}],"player_experience":1134597,"relics_obtained":[{"floor":6.0,"key":"Meat on the Bone"},{"floor":9.0,"key":"Pen Nib"},{"floor":12.0,"key":"Centennial Puzzle"},{"floor":14.0,"key":"Whetstone"},{"floor":26.0,"key":"Pear"},{"floor":28.0,"key":"Happy Flower"},{"floor":36,"key":"Unceasing Top"},{"floor":41,"key":"Gremlin Horn"},{"floor":43,"key":"Tiny Chest"},{"floor":47,"key":"Tough Bandages"}],"event_choices":[{"event_name":"Shining Light","player_choice":"Entered Light","floor":5.0,"damage_taken":0.0},{"event_name":"Purifier","player_choice":"One Purge","floor":10.0,"damage_taken":0.0},{"event_name":"Beggar","player_choice":"Ignored","floor":24.0,"damage_taken":0.0},{"event_name":"Mysterious Sphere","player_choice":"Fight","floor":36,"damage_taken":0},{"event_name":"SecretPortal","player_choice":"Rejected Portal.","floor":37,"damage_taken":0},{"event_name":"Upgrade Shrine","player_choice":"Upgraded","floor":38,"damage_taken":0}],"is_beta":false,"boss_relics":[{"not_picked":["White Beast Statue","Calling Bell"],"picked":"Ectoplasm"},{"not_picked":["Fusion Hammer","Coffee Dripper"],"picked":"Astrolabe"}],"items_purged_floors":[],"is_endless":false,"potions_floor_spawned":[1,4,8,12,16,28,33,39,41,48],"ascension_level":15}