{"gold_per_floor":[116,116,116,266,280,280,52,52,52,65,65,81,124,142,142,142],"floor_reached":16,"playtime":619,"items_purged":[],"score":195,"play_id":"9eadbf07-2d0f-4441-b7e8-3816745c4243","local_time":"20190207184740","is_ascension_mode":true,"campfire_choices":[{"floor":6,"key":"REST"},{"data":"Zap","floor":8,"key":"SMITH"},{"floor":15,"key":"REST"}],"neow_cost":"NONE","seed_source_timestamp":362021273866520,"circlet_count":0,"master_deck":["AscendersBane","Strike_B","Strike_B","Strike_B","Defend_B","Defend_B","Defend_B","Defend_B","Zap+1","Dualcast","Sweeping Beam","Doubt","Redo","Glacier","Chill","Ball Lightning","White Noise","White Noise","Creative AI","Storm"],"relics":["Runic Dome","Gremlin Horn","Shuriken","Golden Idol","Symbiotic Virus"],"potions_floor_usage":[14],"damage_taken":[{"damage":12,"enemies":"Small Slimes","floor":1,"turns":4},{"damage":4,"enemies":"Jaw Worm","floor":5,"turns":4},{"damage":0,"enemies":"2 Louse","floor":10,"turns":3},{"damage":17,"enemies":"2 Fungi Beasts","floor":12,"turns":4},{"damage":20,"enemies":"3 Sentries","floor":13,"turns":8},{"damage":7,"enemies":"Lots of Slimes","floor":14,"turns":2},{"damage":28,"enemies":"Slime Boss","floor":16,"turns":3}],"seed_played":"-2157745450122258185","potions_obtained":[{"floor":13,"key":"PowerPotion"}],"is_trial":false,"path_per_floor":["M","?","?","?","M","R","$","R","T","M","?","M","E","M","R","B"],"character_chosen":"DEFECT","items_purchased":["Glacier","Chill","Ball Lightning"],"campfire_rested":2,"item_purchase_floors":[7,7,7],"current_hp_per_floor":[52,41,34,34,30,51,51,51,51,51,51,34,14,7,26,0],"gold":142,"neow_bonus":"BOSS_RELIC","is_prod":false,"is_daily":false,"chose_seed":false,"campfire_upgraded":1,"win_rate":0,"timestamp":1549583260,"path_taken":["M","?","?","?","M","R","?","R","T","M","?","?","E","M","R","BOSS"],"build_version":"2019-01-23","purchased_purges":0,"victory":false,"max_hp_per_floor":[71,71,71,71,71,71,71,71,71,71,64,64,64,64,64,64],"card_choices":[{"not_picked":["Rebound","Redo"],"picked":"Sweeping Beam","floor":1},{"not_picked":["Hologram","Darkness"],"picked":"Redo","floor":5},{"not_picked":["Steam","Compile Driver"],"picked":"White Noise","floor":10},{"not_picked":["Reprogram","Steam"],"picked":"White Noise","floor":12},{"not_picked":["Heatsinks","Cold Snap"],"picked":"Creative AI","floor":13},{"not_picked":["Beam Cell","Gash"],"picked":"Storm","floor":14}],"player_experience":2339307,"relics_obtained":[{"floor":9,"key":"Shuriken"},{"floor":13,"key":"Symbiotic Virus"}],"event_choices":[{"damage_healed":0,"gold_gain":0,"player_choice":"Success","damage_taken":11,"relics_obtained":["Gremlin Horn"],"max_hp_gain":0,"max_hp_loss":0,"event_name":"Scrap Ooze","floor":2,"gold_loss":0},{"cards_removed":["Strike_B"],"damage_healed":0,"gold_gain":0,"player_choice":"Card Removal","damage_taken":7,"max_hp_gain":0,"max_hp_loss":0,"event_name":"Golden Wing","floor":3,"gold_loss":0},{"damage_healed":0,"gold_gain":150,"player_choice":"AGREE","damage_taken":0,"max_hp_gain":0,"max_hp_loss":0,"event_name":"Liars Game","floor":4,"gold_loss":0,"cards_obtained":["Doubt"]},{"damage_healed":0,"gold_gain":0,"player_choice":"Lose Max HP","damage_taken":0,"relics_obtained":["Golden Idol"],"max_hp_gain":0,"max_hp_loss":7,"event_name":"Golden Idol","floor":11,"gold_loss":0}],"is_beta":false,"boss_relics":[],"items_purged_floors":[],"is_endless":false,"potions_floor_spawned":[13],"killed_by":"Slime Boss","ascension_level":19}