{"path_per_floor":["M","$","?","M","M","M","?","?","T","M","R","?","?","M","R","B",null,"M"],"character_chosen":"DEFECT","items_purchased":["Self Repair"],"gold_per_floor":[110,42,42,56,73,86,86,86,86,100,100,100,100,120,120,220,220,233,233],"floor_reached":19,"campfire_rested":2,"playtime":627,"item_purchase_floors":[2],"current_hp_per_floor":[68,68,61,61,68,44,44,44,44,29,51,44,44,39,61,18,61,13,0],"items_purged":[],"gold":233,"score":207,"play_id":"89755b85-e27c-43a4-8f73-14104f6943fb","local_time":"20180618135021","is_prod":false,"is_daily":false,"chose_seed":false,"is_ascension_mode":true,"campfire_upgraded":0,"win_rate":0,"timestamp":1529344221,"campfire_choices":[{"floor":11,"key":"REST"},{"floor":15,"key":"REST"}],"path_taken":["M","$","?","M","?","M","?","?","T","M","R","?","?","M","R","BOSS","M","?"],"build_version":"2018-06-14v2","seed_source_timestamp":382920859400362,"purchased_purges":0,"victory":false,"master_deck":["Strike_B","Strike_B","Strike_B","Defend_B","Defend_B","Defend_B","Defend_B","Zap","Dualcast","Defragment","Self Repair","Defragment+1","Redo","Hologram","Seek","White Noise","Undo","Seek"],"max_hp_per_floor":[75,75,75,75,75,75,75,75,75,75,75,75,75,75,75,75,75,75,75],"relics":["Cracked Core","NeowsBlessing","Bag of Marbles","Symbiotic Virus","Busted Crown"],"card_choices":[{"not_picked":["Leap","White Noise"],"picked":"Defragment","floor":1},{"not_picked":["Barrage","Ball Lightning"],"picked":"Defragment","floor":4},{"not_picked":["Barrage","White Noise"],"picked":"Redo","floor":5},{"not_picked":["Gash","Redo"],"picked":"Hologram","floor":6},{"not_picked":["Streamline","Rebound"],"picked":"White Noise","floor":10},{"not_picked":["Compile Driver","Storm"],"picked":"Undo","floor":14},{"not_picked":["Thunder Strike","Biased Cognition"],"picked":"Seek","floor":16},{"not_picked":["Streamline+1"],"picked":"SKIP","floor":18}],"player_experience":643248,"potions_floor_usage":[16],"damage_taken":[{"damage":0,"enemies":"Small Slimes","floor":1,"turns":1},{"damage":0,"enemies":"Cultist","floor":4,"turns":1},{"damage":0,"enemies":"2 Louse","floor":5,"turns":1},{"damage":31,"enemies":"Exordium Thugs","floor":6,"turns":5},{"damage":22,"enemies":"Exordium Wildlife","floor":10,"turns":4},{"damage":12,"enemies":"2 Fungi Beasts","floor":14,"turns":3},{"damage":50,"enemies":"The Guardian","floor":16,"turns":9},{"damage":48,"enemies":"2 Thieves","floor":18,"turns":4},{"damage":18,"floor":19,"turns":2}],"relics_obtained":[{"floor":9,"key":"Bag of Marbles"}],"event_choices":[{"event_name":"Golden Wing","player_choice":"Card Removal","floor":3,"damage_taken":0},{"event_name":"Match and Keep!","player_choice":"1 cards matched","floor":7,"damage_taken":0},{"event_name":"Liars Game","player_choice":"disagreed","floor":8,"damage_taken":0},{"event_name":"Scrap Ooze","player_choice":"success","floor":12,"damage_taken":7},{"event_name":"Living Wall","player_choice":"Grow","floor":13,"damage_taken":0},{"event_name":"Masked Bandits","player_choice":"Fought over 233 gold","floor":19,"damage_taken":0}],"boss_relics":[{"not_picked":["Black Star","Pandora\u0027s Box"],"picked":"Busted Crown"}],"items_purged_floors":[],"is_endless":false,"potions_floor_spawned":[5,10],"seed_played":"-8250214784509370879","ascension_level":6,"potions_obtained":[{"floor":5,"key":"SkillPotion"},{"floor":10,"key":"Energy Potion"}],"is_trial":false}