{"gold_per_floor":[119,139,21,32,47,76,76,92,92,106,106,116,66,27,27,129,129,147,147,147,163,163,163,198,212,235,261,42,54,66,66,66,166,166,183,196,216,228,241,241,253,253,277,277,293,305,305,335,335,335,335,335,13,48,48],"floor_reached":55,"playtime":4782,"items_purged":["Writhe"],"score":800,"play_id":"236444b0-910d-42da-9e6d-6afde7323f4a","local_time":"20181213081349","is_ascension_mode":false,"campfire_choices":[{"floor":7.0,"key":"REST"},{"data":"Masterful Stab","floor":11.0,"key":"SMITH"},{"data":"Backstab","floor":15.0,"key":"SMITH"},{"floor":23.0,"key":"REST"},{"floor":32.0,"key":"REST"},{"floor":40.0,"key":"REST"},{"floor":42.0,"key":"RECALL"},{"floor":47.0,"key":"REST"},{"floor":49.0,"key":"REST"},{"data":"After Image","floor":52.0,"key":"SMITH"}],"neow_cost":"NONE","seed_source_timestamp":0,"circlet_count":0,"master_deck":["Survivor","Neutralize+1","Prepared","Underhanded Strike","Prepared","Skewer","Flying Knee+1","Heel Hook","Expertise","Masterful Stab+1","Calculated Gamble","PiercingWail","Escape Plan","Footwork","Backstab+1","PiercingWail","Cloak And Dagger","Dodge and Roll","Cloak And Dagger","Dash","Dodge and Roll","Blur","After Image+1","Riddle With Holes","Backflip","Masterful Stab","Slice+1","Cloak And Dagger+1","Adrenaline","Concentrate+1","Blur+1","Blade Dance+1","Cloak And Dagger+1","Backstab","Footwork"],"special_seed":0,"relics":["Pandora\u0027s Box","Bottled Flame","Vajra","Busted Crown","Omamori","Meat on the Bone","Thread and Needle","Whetstone","White Beast Statue","Blood Vial","Dead Branch","Bag of Marbles","Bottled Lightning"],"potions_floor_usage":[55,55],"damage_taken":[{"damage":1.0,"enemies":"2 Louse","floor":1.0,"turns":2.0},{"damage":0.0,"enemies":"Small Slimes","floor":2.0,"turns":2.0},{"damage":0.0,"enemies":"Cultist","floor":4.0,"turns":2.0},{"damage":3.0,"enemies":"Looter","floor":5.0,"turns":2.0},{"damage":28.0,"enemies":"Gremlin Nob","floor":6.0,"turns":4.0},{"damage":0.0,"enemies":"2 Fungi Beasts","floor":8.0,"turns":2.0},{"damage":5.0,"enemies":"Red Slaver","floor":10.0,"turns":2.0},{"damage":0.0,"enemies":"3 Louse","floor":12.0,"turns":2.0},{"damage":23.0,"enemies":"Slime Boss","floor":16.0,"turns":12.0},{"damage":5.0,"enemies":"2 Thieves","floor":18.0,"turns":5.0},{"damage":0.0,"enemies":"3 Byrds","floor":21.0,"turns":5.0},{"damage":27.0,"enemies":"Slavers","floor":24.0,"turns":8.0},{"damage":5.0,"enemies":"Sentry and Sphere","floor":25.0,"turns":6.0},{"damage":40.0,"enemies":"Book of Stabbing","floor":27.0,"turns":8.0},{"damage":0.0,"enemies":"Snecko","floor":29.0,"turns":5.0},{"damage":0.0,"enemies":"3 Cultists","floor":30.0,"turns":6.0},{"damage":8.0,"enemies":"Automaton","floor":33.0,"turns":10.0},{"damage":0.0,"enemies":"3 Shapes","floor":35.0,"turns":5.0},{"damage":8.0,"enemies":"Orb Walker","floor":36.0,"turns":3.0},{"damage":5.0,"enemies":"Spire Growth","floor":37.0,"turns":5.0},{"damage":6.0,"enemies":"Sphere and 2 Shapes","floor":38.0,"turns":6.0},{"damage":32.0,"enemies":"Transient","floor":39.0,"turns":5.0},{"damage":6.0,"enemies":"Writhing Mass","floor":41.0,"turns":7.0},{"damage":12.0,"enemies":"3 Darklings","floor":45.0,"turns":14.0},{"damage":17.0,"enemies":"Spire Growth","floor":46.0,"turns":5.0},{"damage":22.0,"enemies":"Nemesis","floor":48.0,"turns":11.0},{"damage":15.0,"enemies":"Time Eater","floor":50.0,"turns":15.0},{"damage":0.0,"enemies":"Shield and Spear","floor":54.0,"turns":24.0},{"damage":76,"enemies":"The Heart","floor":55,"turns":11}],"seed_played":"-3398766668257349421","potions_obtained":[{"floor":2.0,"key":"SteroidPotion"},{"floor":5.0,"key":"Dexterity Potion"},{"floor":10.0,"key":"Regen Potion"},{"floor":12.0,"key":"Ancient Potion"},{"floor":18.0,"key":"SteroidPotion"},{"floor":27.0,"key":"SpeedPotion"},{"floor":30.0,"key":"Strength Potion"},{"floor":33.0,"key":"EssenceOfSteel"},{"floor":35.0,"key":"Energy Potion"},{"floor":36.0,"key":"AttackPotion"},{"floor":37.0,"key":"SpeedPotion"},{"floor":38.0,"key":"Poison Potion"},{"floor":39.0,"key":"PowerPotion"},{"floor":41.0,"key":"GamblersBrew"},{"floor":45.0,"key":"Regen Potion"},{"floor":46.0,"key":"LiquidBronze"},{"floor":48.0,"key":"Explosive Potion"},{"floor":54.0,"key":"LiquidBronze"}],"is_trial":false,"path_per_floor":["M","M","$","M","M","E","R","M","T","M","R","M","?","$","R","B",null,"M","?","?","M","?","R","E","M","T","E","$","M","M","?","R","B",null,"M","M","M","M","M","R","M","R","T","?","M","M","R","E","R","B",null,"R","$","E","B"],"character_chosen":"THE_SILENT","items_purchased":["Footwork","Backstab","Blur","Whetstone","Backstab","Bag of Marbles","Footwork","PowerPotion"],"campfire_rested":6,"item_purchase_floors":[3,3,14,28,53,53,53,53],"current_hp_per_floor":[69,69,69,69,66,38,59,59,59,54,54,54,54,54,54,46,70,65,65,65,65,52,74,47,42,42,14,14,26,38,38,60,52,75,75,67,62,56,36,58,52,52,52,52,42,41,63,43,65,52,75,75,75,75,0],"gold":48,"neow_bonus":"BOSS_RELIC","is_prod":false,"is_daily":false,"chose_seed":false,"campfire_upgraded":3,"win_rate":0,"timestamp":1544706829,"path_taken":["M","M","$","M","M","E","R","M","T","M","R","M","?","$","R","BOSS","M","?","?","M","?","R","E","M","T","E","$","M","M","?","R","BOSS","M","M","M","M","M","R","M","R","T","?","M","?","R","E","R","BOSS","R","$","E","BOSS"],"build_version":"2018-12-06","purchased_purges":1,"victory":false,"max_hp_per_floor":[70,70,70,70,70,70,70,70,70,70,70,70,70,70,70,70,70,70,70,70,70,75,75,75,75,75,75,75,75,75,75,75,75,75,75,75,75,75,75,75,75,75,75,75,75,75,75,75,75,75,75,75,75,75,75],"card_choices":[{"not_picked":["Blade Dance","Riddle With Holes"],"picked":"PiercingWail","floor":1.0},{"not_picked":["Quick Slash","Deadly Poison"],"picked":"Escape Plan","floor":2.0},{"not_picked":["Bane","Setup"],"picked":"PiercingWail","floor":4.0},{"not_picked":["Sucker Punch","Quick Slash"],"picked":"Cloak And Dagger","floor":5.0},{"not_picked":["Acrobatics","Deflect"],"picked":"Dodge and Roll","floor":6.0},{"not_picked":["Poisoned Stab","Acrobatics"],"picked":"Cloak And Dagger","floor":8.0},{"not_picked":["Acrobatics","Endless Agony"],"picked":"Dash","floor":10.0},{"not_picked":["Doppelganger","Eviscerate"],"picked":"Dodge and Roll","floor":12.0},{"not_picked":["Unload","Malaise"],"picked":"After Image","floor":16.0},{"not_picked":["Distraction"],"picked":"SKIP","floor":18.0},{"not_picked":[],"picked":"Backflip","floor":21.0},{"not_picked":[],"picked":"Masterful Stab","floor":24.0},{"not_picked":[],"picked":"Slice+1","floor":25.0},{"not_picked":["Endless Agony"],"picked":"SKIP","floor":27.0},{"not_picked":["Accuracy"],"picked":"SKIP","floor":29.0},{"not_picked":[],"picked":"Cloak And Dagger+1","floor":30.0},{"not_picked":[],"picked":"Adrenaline","floor":33.0},{"not_picked":["PiercingWail"],"picked":"SKIP","floor":35.0},{"not_picked":["Dagger Throw"],"picked":"SKIP","floor":36.0},{"not_picked":[],"picked":"Concentrate+1","floor":37.0},{"not_picked":["Flying Knee+1"],"picked":"SKIP","floor":38.0},{"not_picked":[],"picked":"Blur+1","floor":39.0},{"not_picked":["Deadly Poison+1"],"picked":"SKIP","floor":41.0},{"not_picked":[],"picked":"Blade Dance+1","floor":45.0},{"not_picked":["Underhanded Strike"],"picked":"SKIP","floor":46.0},{"not_picked":[],"picked":"Cloak And Dagger+1","floor":48.0},{"not_picked":["Slice"],"picked":"SKIP","floor":54.0}],"player_experience":1870752,"relics_obtained":[{"floor":6.0,"key":"Bottled Flame"},{"floor":9.0,"key":"Vajra"},{"floor":24.0,"key":"Meat on the Bone"},{"floor":27.0,"key":"Thread and Needle"},{"floor":43.0,"key":"Blood Vial"},{"floor":48.0,"key":"Dead Branch"},{"floor":54.0,"key":"Bottled Lightning"}],"event_choices":[{"cards_removed":["Bane"],"damage_healed":0.0,"max_hp_gain":0.0,"max_hp_loss":0.0,"gold_gain":0.0,"event_name":"The Cleric","player_choice":"Card Removal","floor":13.0,"gold_loss":50.0,"damage_taken":0.0},{"damage_healed":0.0,"max_hp_gain":0.0,"max_hp_loss":0.0,"gold_gain":0.0,"event_name":"The Library","player_choice":"Read","floor":19.0,"gold_loss":0.0,"damage_taken":0.0,"cards_obtained":["Riddle With Holes"]},{"damage_healed":0.0,"max_hp_gain":0.0,"max_hp_loss":0.0,"gold_gain":0.0,"event_name":"The Mausoleum","player_choice":"Opened","floor":20.0,"gold_loss":0.0,"damage_taken":0.0,"relics_obtained":["Omamori"],"cards_obtained":["Writhe"]},{"damage_healed":0.0,"max_hp_gain":5.0,"max_hp_loss":0.0,"gold_gain":0.0,"event_name":"Forgotten Altar","player_choice":"Shed Blood","floor":22.0,"gold_loss":0.0,"damage_taken":18.0},{"damage_healed":0.0,"max_hp_gain":0.0,"max_hp_loss":0.0,"gold_gain":0.0,"event_name":"The Woman in Blue","player_choice":"Bought 0 Potions","floor":44.0,"gold_loss":0.0,"damage_taken":0.0}],"is_beta":false,"boss_relics":[{"not_picked":["Snecko Eye","Lizard Tail"],"picked":"Busted Crown"},{"not_picked":["Orrery","HoveringKite"],"picked":"White Beast Statue"}],"items_purged_floors":[28],"is_endless":false,"potions_floor_spawned":[2,5,10,12,18,27,30,33,35,36,37,38,39,41,45,46,48,54],"killed_by":"The Heart","ascension_level":0}