{"gold_per_floor":[117,131,143,143,143,170,190,190,190,190,207,207,219,232,232,232],"floor_reached":16,"playtime":642,"items_purged":[],"score":104,"play_id":"02da8c58-798d-450d-b2d4-294e838ffac9","local_time":"20190104140246","is_ascension_mode":false,"campfire_choices":[{"floor":8,"key":"REST"},{"data":"True Grit","floor":10,"key":"SMITH"},{"floor":15,"key":"REST"}],"neow_cost":"NONE","seed_source_timestamp":26046632146860,"circlet_count":0,"master_deck":["Strike_R","Strike_R","Strike_R","Defend_R","Defend_R","Defend_R","Defend_R","Bash","True Grit+1","Rampage","Disarm","Offering","Headbutt"],"relics":["Burning Blood","NeowsBlessing","Potion Belt","Anchor"],"potions_floor_usage":[6,16,16],"damage_taken":[{"damage":0,"enemies":"Small Slimes","floor":1,"turns":1},{"damage":0,"enemies":"Jaw Worm","floor":2,"turns":1},{"damage":0,"enemies":"Cultist","floor":3,"turns":1},{"damage":49,"enemies":"Gremlin Nob","floor":6,"turns":5},{"damage":19,"enemies":"3 Louse","floor":7,"turns":4},{"damage":24,"enemies":"Large Slime","floor":11,"turns":7},{"damage":6,"enemies":"Gremlin Gang","floor":13,"turns":6},{"damage":6,"enemies":"3 Louse","floor":14,"turns":3},{"damage":54,"enemies":"Slime Boss","floor":16,"turns":8}],"seed_played":"-6375518451759776774","potions_obtained":[{"floor":3,"key":"FearPotion"},{"floor":13,"key":"Dexterity Potion"},{"floor":14,"key":"GamblersBrew"}],"is_trial":false,"path_per_floor":["M","M","M","?","?","E","M","R","T","R","M","?","M","M","R","B"],"character_chosen":"IRONCLAD","items_purchased":[],"campfire_rested":2,"item_purchase_floors":[],"current_hp_per_floor":[80,80,80,80,73,30,17,41,41,41,23,28,28,28,52,0],"gold":232,"neow_bonus":"THREE_ENEMY_KILL","is_prod":false,"is_daily":false,"chose_seed":false,"campfire_upgraded":1,"win_rate":0,"timestamp":1546628566,"path_taken":["M","M","M","?","?","E","M","R","T","R","M","?","M","?","R","BOSS"],"build_version":"2019-01-03v3","purchased_purges":0,"victory":false,"max_hp_per_floor":[80,80,80,80,80,80,80,80,80,80,80,80,80,80,80,80],"card_choices":[{"not_picked":["Flex","Shrug It Off"],"picked":"True Grit","floor":1},{"not_picked":["Shrug It Off","Pommel Strike"],"picked":"Rampage","floor":2},{"not_picked":["Rupture","Body Slam"],"picked":"Havoc","floor":3},{"not_picked":["Evolve","Ghostly Armor"],"picked":"Disarm","floor":6},{"not_picked":["Searing Blow","Wild Strike"],"picked":"Offering","floor":7},{"not_picked":["Wild Strike","Uppercut"],"picked":"Headbutt","floor":11},{"not_picked":["Iron Wave","Anger","Ghostly Armor"],"picked":"SKIP","floor":13},{"not_picked":["Armaments","Searing Blow","Cleave"],"picked":"SKIP","floor":14}],"player_experience":2007476,"relics_obtained":[{"floor":6,"key":"Potion Belt"},{"floor":9,"key":"Anchor"}],"event_choices":[{"cards_removed":["Strike_R"],"damage_healed":0,"gold_gain":0,"player_choice":"Forget","damage_taken":0,"max_hp_gain":0,"max_hp_loss":0,"event_name":"Living Wall","floor":4,"gold_loss":0},{"cards_removed":["Strike_R"],"damage_healed":0,"gold_gain":0,"player_choice":"Card Removal","damage_taken":7,"max_hp_gain":0,"max_hp_loss":0,"event_name":"Golden Wing","floor":5,"gold_loss":0},{"cards_removed":["Havoc"],"damage_healed":5,"gold_gain":0,"player_choice":"Offered Common","damage_taken":0,"max_hp_gain":0,"max_hp_loss":0,"event_name":"Bonfire Elementals","floor":12,"gold_loss":0},{"cards_removed":["Havoc"],"damage_healed":5,"gold_gain":0,"player_choice":"Offered Special","damage_taken":0,"max_hp_gain":0,"max_hp_loss":0,"event_name":"Bonfire Elementals","floor":12,"gold_loss":0}],"is_beta":false,"boss_relics":[],"items_purged_floors":[],"is_endless":false,"potions_floor_spawned":[3,13,14],"killed_by":"Slime Boss","ascension_level":0}