{"path_per_floor":["M","M","M","M","M","R","M","R","T","?","$","R","?","M","R","B",null,"M","?","M","$","?","R","M","M","T","R","$","M","?","?","R"],"character_chosen":"IRONCLAD","items_purchased":["Inflame","Anger"],"gold_per_floor":[116,133,153,172,184,184,200,200,223,223,69,69,69,82,82,181,181,198,198,216,92,92,92,112,131,131,131,81,97,97,97,97],"floor_reached":33,"campfire_rested":4,"playtime":1919,"current_hp_per_floor":[88,88,88,72,73,73,79,79,79,79,79,79,84,80,93,65,93,81,81,75,75,75,93,65,24,24,51,51,27,58,58,65],"items_purged":["Defend_R","Metallicize","Reckless Charge"],"gold":97,"score":265,"play_id":"fac1e1c5-257c-423b-9853-fef512ac97b9","local_time":"20180315083346","is_prod":false,"is_daily":false,"is_ascension_mode":false,"campfire_upgraded":3,"timestamp":1521095626,"path_taken":["M","?","M","M","M","R","M","R","T","?","$","R","?","M","R","BOSS","M","?","M","$","?","R","M","M","T","R","$","M","?","?","R","BOSS"],"build_version":"2018-03-09","purchased_purges":3,"victory":false,"master_deck":["Defend_R","Defend_R","Defend_R","Bash+1","Headbutt","Clash+1","Shrug It Off","Armaments+1","Inflame+1","Double Tap","Double Tap","Corruption+1","Clash+1","Anger","Dropkick","Cleave+1","Anger","Bite","Bite","Bite","Bite","Bite"],"max_hp_per_floor":[88,88,88,88,88,88,88,88,88,88,88,88,93,93,93,93,93,93,93,93,93,93,93,93,93,93,93,93,93,93,65,65],"relics":["Burning Blood","Juzu Bracelet","Mark of Pain","Smiling Mask","Oddly Smooth Stone"],"card_choices":[{"not_picked":["Power Through","True Grit"],"picked":"Reckless Charge"},{"not_picked":["Blood for Blood","Flex"],"picked":"Metallicize"},{"not_picked":["Perfected Strike","Armaments"],"picked":"Headbutt"},{"not_picked":["Dual Wield","Clothesline"],"picked":"Clash"},{"not_picked":["Pummel","Warcry"],"picked":"Shrug It Off"},{"not_picked":["Bloodletting","Twin Strike"],"picked":"Armaments"},{"not_picked":["Pummel","Flex"],"picked":"Double Tap"},{"not_picked":["Immolate","Fiend Fire"],"picked":"Double Tap"},{"not_picked":["Perfected Strike","Wild Strike"],"picked":"Corruption"},{"not_picked":["Combust","Headbutt"],"picked":"Clash"},{"not_picked":["Headbutt","Thunderclap"],"picked":"Dropkick"},{"not_picked":["Armaments","Evolve"],"picked":"Cleave"},{"not_picked":["Sword Boomerang","True Grit"],"picked":"Anger"}],"player_experience":103277,"potions_floor_usage":[4,4,16,16,24],"damage_taken":[{"damage":6,"enemies":"Cultist","floor":1,"turns":3},{"damage":6,"enemies":"Jaw Worm","floor":2,"turns":3},{"damage":3,"enemies":"Small Slimes","floor":3,"turns":4},{"damage":22,"enemies":"Exordium Thugs","floor":4,"turns":6},{"damage":5,"enemies":"2 Fungi Beasts","floor":5,"turns":4},{"damage":0,"enemies":"Blue Slaver","floor":7,"turns":2},{"damage":10,"enemies":"Exordium Thugs","floor":14,"turns":5},{"damage":34,"enemies":"Hexaghost","floor":16,"turns":8},{"damage":18,"enemies":"Shell Parasite","floor":18,"turns":5},{"damage":12,"enemies":"Spheric Guardian","floor":20,"turns":4},{"damage":34,"enemies":"Cultist and Chosen","floor":24,"turns":9},{"damage":47,"enemies":"Snecko","floor":25,"turns":6},{"damage":30,"enemies":"Snake Plant","floor":29,"turns":3},{"damage":89,"enemies":"Champ","floor":33,"turns":9}],"event_choices":[{"event_name":"Upgrade Shrine","player_choice":"Upgraded","floor":10,"damage_taken":0},{"event_name":"Big Fish","player_choice":"Donut","floor":13,"damage_taken":0},{"event_name":"Drug Dealer","player_choice":"Ignored","floor":19,"damage_taken":0},{"event_name":"The Mausoleum","player_choice":"Yes","floor":22,"damage_taken":0},{"event_name":"The Library","player_choice":"Heal","floor":30,"damage_taken":0},{"event_name":"Vampires","player_choice":"Became a vampire","floor":31,"damage_taken":0}],"boss_relics":[{"not_picked":["Runic Pyramid","Cursed Key"],"picked":"Mark of Pain"}],"potions_floor_spawned":[1,2,7,14,18],"seed_played":"-5066514921671120069","killed_by":"Champ","ascension_level":0,"is_trial":false}