{"gold_per_floor":[111,36,46,46,46,46,74,92,92,108,108,123,140,40,40,135,135,146,21,0,0,0,0,0,10,35,35,54,81,81,95,95,95],"floor_reached":33,"playtime":2153,"items_purged":["Decay","Strike_B","Strike_B"],"score":265,"play_id":"d8ac6f09-69af-4f08-ba2b-c5735e902fff","local_time":"20190126164759","is_ascension_mode":false,"campfire_choices":[{"data":"Chaos","floor":6,"key":"SMITH"},{"floor":15,"key":"REST"},{"data":"Echo Form","floor":23,"key":"SMITH"},{"floor":27,"key":"REST"},{"floor":30,"key":"REST"},{"floor":32,"key":"REST"}],"neow_cost":"CURSE","seed_source_timestamp":21366096334555,"circlet_count":0,"master_deck":["Strike_B","Defend_B","Defend_B","Defend_B","Defend_B","Zap","Dualcast","Electrodynamics+1","Chaos+1","Chaos+1","Machine Learning","Redo","Hologram","Echo Form+1","Hologram","Thunder Strike","Coolheaded+1"],"relics":["Cracked Core"],"potions_floor_usage":[16,16,29,29,29,31],"damage_taken":[{"damage":1,"enemies":"Cultist","floor":1,"turns":3},{"damage":0,"enemies":"2 Louse","floor":3,"turns":2},{"damage":11,"enemies":"3 Sentries","floor":7,"turns":5},{"damage":6,"enemies":"Small Slimes","floor":8,"turns":3},{"damage":5,"enemies":"Looter","floor":10,"turns":3},{"damage":6,"enemies":"Exordium Wildlife","floor":12,"turns":2},{"damage":0,"enemies":"Large Slime","floor":13,"turns":3},{"damage":32,"enemies":"Hexaghost","floor":16,"turns":8},{"damage":12,"enemies":"2 Thieves","floor":18,"turns":4},{"damage":16,"enemies":"Colosseum Slavers","floor":22,"turns":4},{"damage":12,"enemies":"Spheric Guardian","floor":25,"turns":4},{"damage":8,"enemies":"Snecko","floor":28,"turns":4},{"damage":46,"enemies":"Book of Stabbing","floor":29,"turns":6},{"damage":10,"enemies":"Snake Plant","floor":31,"turns":3},{"damage":60,"enemies":"Automaton","floor":33,"turns":6}],"seed_played":"8093511754380107381","potions_obtained":[{"floor":7,"key":"PowerPotion"},{"floor":8,"key":"FocusPotion"},{"floor":12,"key":"FearPotion"},{"floor":25,"key":"GamblersBrew"},{"floor":28,"key":"Block Potion"},{"floor":29,"key":"FocusPotion"}],"is_trial":false,"path_per_floor":["M","$","M","?","?","R","E","M","T","M","?","M","M","$","R","B",null,"M","$","?","$","?","R","?","M","T","R","M","E","R","M","R","B"],"character_chosen":"DEFECT","items_purchased":[],"campfire_rested":4,"item_purchase_floors":[],"current_hp_per_floor":[74,74,74,74,74,74,63,57,57,52,37,31,31,31,53,21,75,63,63,63,63,47,47,47,35,35,57,49,3,25,15,37,0],"gold":95,"neow_bonus":"THREE_RARE_CARDS","is_prod":false,"is_daily":false,"chose_seed":false,"campfire_upgraded":2,"win_rate":0,"timestamp":1548483479,"path_taken":["M","$","?","?","?","R","E","M","T","M","?","M","M","?","R","BOSS","M","$","?","$","?","R","?","?","T","R","M","E","R","M","R","BOSS"],"build_version":"2019-01-23","purchased_purges":3,"victory":false,"max_hp_per_floor":[75,75,75,75,75,75,75,75,75,75,75,75,75,75,75,75,75,75,75,75,75,75,75,75,75,75,75,75,75,75,75,75,75],"card_choices":[{"not_picked":["Echo Form","Thunder Strike"],"picked":"Electrodynamics","floor":0},{"not_picked":["Streamline","Leap","Gash"],"picked":"SKIP","floor":1},{"not_picked":["Turbo","Streamline"],"picked":"Chaos","floor":3},{"not_picked":["Gash","Go for the Eyes"],"picked":"Chaos","floor":7},{"not_picked":["Reprogram","Heatsinks"],"picked":"Machine Learning","floor":8},{"not_picked":["Ball Lightning","Streamline"],"picked":"Redo","floor":10},{"not_picked":["Stack","Ball Lightning","Leap"],"picked":"SKIP","floor":12},{"not_picked":["Double Energy","Steam"],"picked":"Hologram","floor":13},{"not_picked":["Reboot","Core Surge"],"picked":"Echo Form","floor":16},{"not_picked":["Barrage","Double Energy","Rebound"],"picked":"SKIP","floor":18},{"not_picked":["Beam Cell","Compile Driver"],"picked":"Hologram","floor":25},{"not_picked":["Rip and Tear","Go for the Eyes"],"picked":"Thunder Strike","floor":28},{"not_picked":["Lockon","Go for the Eyes+1"],"picked":"Coolheaded+1","floor":29},{"not_picked":["Blizzard","Ball Lightning","Go for the Eyes"],"picked":"SKIP","floor":31}],"player_experience":523120,"relics_obtained":[],"event_choices":[{"damage_healed":0,"gold_gain":0,"player_choice":"Leave","damage_taken":0,"max_hp_gain":0,"max_hp_loss":0,"event_name":"The Cleric","floor":4,"gold_loss":0},{"damage_healed":0,"gold_gain":0,"player_choice":"Ignored","damage_taken":0,"max_hp_gain":0,"max_hp_loss":0,"event_name":"Golden Idol","floor":5,"gold_loss":0},{"damage_healed":0,"gold_gain":0,"player_choice":"Entered Light","damage_taken":15,"max_hp_gain":0,"max_hp_loss":0,"event_name":"Shining Light","floor":11,"gold_loss":0,"cards_upgraded":["Electrodynamics","Chaos"]},{"damage_healed":0,"gold_gain":0,"player_choice":"Paid Fearfully","damage_taken":0,"max_hp_gain":0,"max_hp_loss":0,"event_name":"Masked Bandits","floor":20,"gold_loss":21},{"damage_healed":0,"gold_gain":0,"player_choice":"Fight","damage_taken":0,"max_hp_gain":0,"max_hp_loss":0,"event_name":"Colosseum","floor":22,"gold_loss":0},{"damage_healed":0,"gold_gain":0,"player_choice":"Fled From Nobs","damage_taken":0,"max_hp_gain":0,"max_hp_loss":0,"event_name":"Colosseum","floor":22,"gold_loss":0},{"cards_removed":["Strike_B"],"damage_healed":0,"gold_gain":0,"player_choice":"Elegance","damage_taken":0,"max_hp_gain":0,"max_hp_loss":0,"event_name":"Back to Basics","floor":24,"gold_loss":0}],"is_beta":false,"boss_relics":[{"not_picked":["Fusion Hammer","Calling Bell","Runic Dome"]}],"items_purged_floors":[2,14,19],"is_endless":false,"potions_floor_spawned":[7,8,12,25,28,29],"killed_by":"Automaton","ascension_level":0}