{"gold_per_floor":[210,210,221,221,239,239,253,282,282,297,7,19,19,19,19,96,96,112,112,37,37,37,66,66,86,86,51,68,68,87,119,119,119],"floor_reached":33,"playtime":1320,"items_purged":["Strike_R"],"score":495,"play_id":"a984c91c-f64c-4d0e-a7dc-6362fd4cfd80","local_time":"20190115215529","is_ascension_mode":true,"campfire_choices":[{"data":"Bash","floor":6,"key":"SMITH"},{"floor":15,"key":"REST"},{"floor":24,"key":"RECALL"},{"floor":29,"key":"REST"},{"floor":32,"key":"REST"}],"neow_cost":"NONE","seed_source_timestamp":584007205475176,"circlet_count":0,"master_deck":["AscendersBane","Strike_R","Strike_R","Strike_R","Strike_R","Defend_R","Defend_R","Defend_R","Defend_R","Bash+1","Thunderclap","Spot Weakness","Pummel","Rampage","Burning Pact","Dropkick","Clothesline","Immolate","Feed","Pummel","Metallicize","Headbutt","Whirlwind","Shrug It Off","Juggernaut","Reaper","Twin Strike"],"relics":["Burning Blood","PreservedInsect","Lee\u0027s Waffle","Du-Vu Doll","Fusion Hammer","Dream Catcher","Meat on the Bone","Strawberry","Orichalcum"],"potions_floor_usage":[10,16,16,31],"damage_taken":[{"damage":0,"enemies":"Small Slimes","floor":1,"turns":3},{"damage":3,"enemies":"2 Louse","floor":3,"turns":3},{"damage":13,"enemies":"Jaw Worm","floor":5,"turns":4},{"damage":23,"enemies":"Exordium Wildlife","floor":7,"turns":4},{"damage":44,"enemies":"Lagavulin","floor":8,"turns":5},{"damage":16,"enemies":"Blue Slaver","floor":10,"turns":3},{"damage":36,"enemies":"Large Slime","floor":12,"turns":7},{"damage":35,"enemies":"Slime Boss","floor":16,"turns":9},{"damage":25,"enemies":"Spheric Guardian","floor":18,"turns":4},{"damage":18,"enemies":"Gremlin Leader","floor":23,"turns":4},{"damage":4,"enemies":"Chosen","floor":25,"turns":4},{"damage":50,"enemies":"Shelled Parasite and Fungi","floor":28,"turns":4},{"damage":37,"enemies":"Snake Plant","floor":30,"turns":3},{"damage":38,"enemies":"Slavers","floor":31,"turns":3},{"damage":94,"enemies":"Automaton","floor":33,"turns":6}],"seed_played":"5303203516856045504","potions_obtained":[{"floor":3,"key":"LiquidBronze"},{"floor":8,"key":"Regen Potion"},{"floor":10,"key":"GamblersBrew"},{"floor":16,"key":"SpeedPotion"},{"floor":23,"key":"Strength Potion"},{"floor":31,"key":"Ancient Potion"}],"is_trial":false,"path_per_floor":["M","?","M","?","M","R","M","E","T","M","$","M","?","$","R","B",null,"M","?","?","$","?","E","R","M","T","$","M","R","M","E","R","B"],"character_chosen":"IRONCLAD","items_purchased":["Lee\u0027s Waffle","Clothesline","Whirlwind"],"campfire_rested":3,"item_purchase_floors":[11,11,27],"current_hp_per_floor":[78,78,80,85,78,78,61,23,23,22,92,62,59,59,86,57,83,64,64,64,64,64,52,52,54,61,61,29,58,39,19,48,0],"gold":119,"neow_bonus":"HUNDRED_GOLD","is_prod":false,"is_daily":false,"chose_seed":false,"campfire_upgraded":1,"win_rate":0,"timestamp":1547607329,"path_taken":["M","?","M","?","M","R","M","E","T","M","?","?","?","$","R","BOSS","M","?","?","$","?","E","R","M","T","$","M","R","M","E","R","BOSS"],"build_version":"2019-01-10","purchased_purges":1,"victory":false,"max_hp_per_floor":[80,80,80,85,85,85,85,85,85,85,92,92,92,92,92,92,92,92,92,92,92,92,92,92,92,99,99,99,99,99,99,99,99],"card_choices":[{"not_picked":["Iron Wave","Armaments"],"picked":"Thunderclap","floor":1},{"not_picked":["True Grit","Heavy Blade"],"picked":"Spot Weakness","floor":3},{"not_picked":["Twin Strike","Flex"],"picked":"Pummel","floor":5},{"not_picked":["Flex","Bloodletting"],"picked":"Rampage","floor":7},{"not_picked":["Sentinel","Power Through"],"picked":"Burning Pact","floor":8},{"not_picked":["Havoc","Body Slam"],"picked":"Dropkick","floor":10},{"not_picked":["True Grit","Intimidate"],"picked":"Immolate","floor":12},{"not_picked":["Dark Embrace","Juggernaut"],"picked":"Feed","floor":16},{"not_picked":["Headbutt","Wild Strike"],"picked":"Pummel","floor":18},{"not_picked":["Sword Boomerang","Heavy Blade"],"picked":"Metallicize","floor":23},{"not_picked":["Reckless Charge","Carnage"],"picked":"Headbutt","floor":25},{"not_picked":["Carnage","Twin Strike+1"],"picked":"Shrug It Off","floor":28},{"not_picked":["Perfected Strike","Havoc"],"picked":"Juggernaut","floor":29},{"not_picked":["Clash+1","Flex","Hemokinesis"],"picked":"SKIP","floor":30},{"not_picked":["Feel No Pain","Wild Strike"],"picked":"Reaper","floor":31},{"not_picked":["Heavy Blade","Fire Breathing"],"picked":"Twin Strike","floor":32}],"player_experience":2130845,"relics_obtained":[{"floor":8,"key":"PreservedInsect"},{"floor":23,"key":"Meat on the Bone"},{"floor":26,"key":"Strawberry"},{"floor":31,"key":"Orichalcum"}],"event_choices":[{"damage_healed":0,"gold_gain":0,"player_choice":"Ignored","damage_taken":0,"max_hp_gain":0,"max_hp_loss":0,"event_name":"Liars Game","floor":2,"gold_loss":0},{"damage_healed":0,"gold_gain":0,"player_choice":"Donut","damage_taken":0,"max_hp_gain":5,"max_hp_loss":0,"event_name":"Big Fish","floor":4,"gold_loss":0},{"damage_healed":0,"gold_gain":0,"player_choice":"Success","damage_taken":3,"relics_obtained":["Du-Vu Doll"],"max_hp_gain":0,"max_hp_loss":0,"event_name":"Scrap Ooze","floor":13,"gold_loss":0},{"damage_healed":0,"gold_gain":0,"player_choice":"Opened","damage_taken":0,"relics_obtained":["Dream Catcher"],"max_hp_gain":0,"max_hp_loss":0,"event_name":"The Mausoleum","floor":19,"gold_loss":0,"cards_obtained":["Writhe"]},{"cards_removed":["Writhe"],"damage_healed":0,"gold_gain":0,"player_choice":"Gave Gold","damage_taken":0,"max_hp_gain":0,"max_hp_loss":0,"event_name":"Beggar","floor":20,"gold_loss":75},{"damage_healed":0,"gold_gain":0,"player_choice":"Ignored","damage_taken":0,"max_hp_gain":0,"max_hp_loss":0,"event_name":"Ghosts","floor":22,"gold_loss":0}],"is_beta":false,"boss_relics":[{"not_picked":["Tiny House","Lizard Tail"],"picked":"Fusion Hammer"}],"items_purged_floors":[11],"is_endless":false,"potions_floor_spawned":[3,8,10,16,23,28,31],"killed_by":"Automaton","ascension_level":13}