{"path_per_floor":["M","M","M","?","M","E","?","R","T","?","M","E","M","M","R","B",null,"M","M","?","M","?"],"character_chosen":"IRONCLAD","items_purchased":[],"gold_per_floor":[119,139,150,150,164,196,196,196,196,296,313,344,357,373,373,470,470,489,501,501,518,518,518],"floor_reached":23,"campfire_rested":2,"playtime":2242,"current_hp_per_floor":[81,81,79,89,86,46,46,75,75,75,71,55,61,53,82,67,98,96,71,71,59,59,0],"items_purged":[],"gold":518,"score":230,"play_id":"2dc28a7e-fc16-4692-b73e-2c54c70d0e16","local_time":"20180521085213","is_prod":false,"is_daily":false,"chose_seed":false,"is_ascension_mode":false,"campfire_upgraded":0,"timestamp":1526907133,"campfire_choices":[{"floor":8,"key":"REST"},{"floor":15,"key":"REST"}],"path_taken":["M","?","M","?","?","E","?","R","T","?","M","E","M","M","R","BOSS","M","M","?","?","?","E"],"build_version":"2018-05-17","seed_source_timestamp":17800063795599,"purchased_purges":0,"victory":false,"master_deck":["Strike_R","Strike_R","Strike_R","Strike_R","Defend_R","Defend_R","Defend_R","Defend_R","Bash","Carnage","Cleave","Anger","Anger","Fire Breathing","Thunderclap","Twin Strike","Thunderclap","Ghostly Armor","Demon Form","Pommel Strike","Headbutt","Heavy Blade"],"max_hp_per_floor":[88,88,88,98,98,98,98,98,98,98,98,98,98,98,98,98,98,98,98,98,98,98,98],"relics":["Burning Blood","Pear","Happy Flower","Matryoshka","Dodecahedron","Black Star"],"card_choices":[{"not_picked":["Blood for Blood","True Grit"],"picked":"Carnage","floor":1},{"not_picked":["Armaments","Body Slam"],"picked":"Cleave","floor":2},{"not_picked":["Sever Soul","Pommel Strike"],"picked":"Anger","floor":3},{"not_picked":["Fiend Fire","Twin Strike"],"picked":"Anger","floor":5},{"not_picked":["Rage","Thunderclap"],"picked":"Fire Breathing","floor":6},{"not_picked":["Shockwave","Blood for Blood"],"picked":"Thunderclap","floor":11},{"not_picked":["Warcry","Armaments"],"picked":"Twin Strike","floor":12},{"not_picked":["Perfected Strike","Armaments"],"picked":"Thunderclap","floor":13},{"not_picked":["Clash","Burning Pact"],"picked":"Ghostly Armor","floor":14},{"not_picked":["Fiend Fire","Feed"],"picked":"Demon Form","floor":16},{"not_picked":["Intimidate","True Grit"],"picked":"Pommel Strike","floor":18},{"not_picked":["Iron Wave","Warcry"],"picked":"Headbutt","floor":19},{"not_picked":["Clothesline","Power Through"],"picked":"Heavy Blade","floor":21}],"player_experience":13749,"potions_floor_usage":[6,6,16,23,23],"damage_taken":[{"damage":13,"enemies":"Cultist","floor":1,"turns":6},{"damage":6,"enemies":"Jaw Worm","floor":2,"turns":3},{"damage":8,"enemies":"Small Slimes","floor":3,"turns":3},{"damage":9,"enemies":"Blue Slaver","floor":5,"turns":4},{"damage":46,"enemies":"Lagavulin","floor":6,"turns":7},{"damage":10,"enemies":"Looter","floor":11,"turns":3},{"damage":22,"enemies":"3 Sentries","floor":12,"turns":5},{"damage":0,"enemies":"2 Fungi Beasts","floor":13,"turns":2},{"damage":14,"enemies":"Gremlin Gang","floor":14,"turns":3},{"damage":21,"enemies":"Slime Boss","floor":16,"turns":7},{"damage":8,"enemies":"Chosen","floor":18,"turns":5},{"damage":31,"enemies":"Shell Parasite","floor":19,"turns":7},{"damage":18,"enemies":"Centurion and Healer","floor":21,"turns":4},{"damage":61,"enemies":"Slavers","floor":23,"turns":4}],"relics_obtained":[{"floor":6,"key":"Happy Flower"},{"floor":9,"key":"Matryoshka"},{"floor":12,"key":"Dodecahedron"}],"event_choices":[{"event_name":"Accursed Blacksmith","player_choice":"Rummage","floor":4,"damage_taken":0},{"event_name":"Living Wall","player_choice":"Forget","floor":7,"damage_taken":0},{"event_name":"Golden Shrine","player_choice":"Pray","floor":10,"damage_taken":0},{"event_name":"Ghosts","player_choice":"Ignored","floor":20,"damage_taken":0},{"event_name":"Vampires","player_choice":"Ignored","floor":22,"damage_taken":0}],"boss_relics":[{"not_picked":["Eternal Feather","Snecko Eye"],"picked":"Black Star"}],"potions_floor_spawned":[1,5,12,16,21],"seed_played":"5990702416693625875","killed_by":"Slavers","ascension_level":0,"potions_obtained":[{"floor":1,"key":"FearPotion"},{"floor":5,"key":"LiquidBronze"},{"floor":12,"key":"Fire Potion"},{"floor":16,"key":"AttackPotion"},{"floor":21,"key":"Swift Potion"}],"is_trial":false}