{"gold_per_floor":[115,290,305,323,341,341,26,26,53,15,15,15,47,47,47,147,147,166,180,196,196],"floor_reached":21,"playtime":1501,"items_purged":["Doubt"],"score":206,"play_id":"baeec871-eae7-4276-b569-3697d4deacaf","local_time":"20190212231739","is_ascension_mode":true,"campfire_choices":[{"data":"Zap","floor":6,"key":"SMITH"},{"data":"Discovery","floor":8,"key":"SMITH"},{"floor":12,"key":"REST"},{"data":"Madness","floor":15,"key":"SMITH"}],"neow_cost":"NONE","seed_source_timestamp":35896439614980,"circlet_count":0,"master_deck":["Strike_B","Strike_B+1","Strike_B","Strike_B+1","Defend_B","Defend_B","Defend_B","Defend_B","Zap+1","Dualcast","Madness+1","Rebound","Hologram","Discovery+1","Defragment","Auto Shields+1","Recycle+1","Go for the Eyes"],"relics":["FrozenCore","Blood Vial","Whetstone","Dream Catcher"],"potions_floor_usage":[13,13,19],"damage_taken":[{"damage":10,"enemies":"Small Slimes","floor":1,"turns":3},{"damage":7,"enemies":"Jaw Worm","floor":3,"turns":4},{"damage":1,"enemies":"Cultist","floor":4,"turns":3},{"damage":23,"enemies":"Lots of Slimes","floor":5,"turns":5},{"damage":7,"enemies":"Lagavulin","floor":13,"turns":5},{"damage":30,"enemies":"Slime Boss","floor":16,"turns":9},{"damage":15,"enemies":"3 Byrds","floor":18,"turns":5},{"damage":5,"enemies":"Chosen","floor":19,"turns":5},{"damage":40,"enemies":"Sentry and Sphere","floor":20,"turns":8},{"damage":21,"enemies":"Snake Plant","floor":21,"turns":2}],"seed_played":"-4841280947148390430","potions_obtained":[{"floor":1,"key":"Swift Potion"},{"floor":3,"key":"SpeedPotion"},{"floor":5,"key":"SkillPotion"}],"is_trial":false,"path_per_floor":["M","?","M","M","M","R","$","R","T","$","?","R","E","$","R","B",null,"M","M","M","M"],"character_chosen":"DEFECT","items_purchased":["Discovery","Blood Vial","Defragment"],"campfire_rested":1,"item_purchase_floors":[7,7,10],"current_hp_per_floor":[65,65,58,57,34,34,34,34,34,34,34,56,51,51,51,23,75,60,57,19,0],"gold":196,"neow_bonus":"RANDOM_COLORLESS","is_prod":false,"is_daily":false,"chose_seed":false,"campfire_upgraded":3,"win_rate":0,"timestamp":1550009859,"path_taken":["M","?","M","M","M","R","$","R","T","$","?","R","E","$","R","BOSS","M","?","M","M"],"build_version":"2019-01-23","purchased_purges":1,"victory":false,"max_hp_per_floor":[75,75,75,75,75,75,75,75,75,75,75,75,75,75,75,75,75,75,75,75,75],"card_choices":[{"not_picked":["Beam Cell","Recycle"],"picked":"Rebound","floor":1},{"not_picked":["Scrape","Chaos","Cold Snap"],"picked":"SKIP","floor":3},{"not_picked":["Compile Driver","Conserve Battery"],"picked":"Hologram","floor":4},{"not_picked":["Multi-Cast","Doom and Gloom","Auto Shields"],"picked":"SKIP","floor":5},{"not_picked":["Doom and Gloom","Sweeping Beam","Beam Cell"],"picked":"SKIP","floor":13},{"not_picked":["Force Field+1","Rebound"],"picked":"Auto Shields+1","floor":18},{"not_picked":["Beam Cell","Doom and Gloom"],"picked":"Recycle+1","floor":19},{"not_picked":["Barrage+1","Recycle"],"picked":"Go for the Eyes","floor":20}],"player_experience":80480,"relics_obtained":[{"floor":9,"key":"Whetstone"},{"floor":13,"key":"Dream Catcher"}],"event_choices":[{"damage_healed":0,"gold_gain":175,"player_choice":"AGREE","damage_taken":0,"max_hp_gain":0,"max_hp_loss":0,"event_name":"Liars Game","floor":2,"gold_loss":0,"cards_obtained":["Doubt"]},{"damage_healed":0,"gold_gain":0,"player_choice":"Leave","damage_taken":0,"max_hp_gain":0,"max_hp_loss":0,"event_name":"FaceTrader","floor":11,"gold_loss":0}],"is_beta":false,"boss_relics":[{"not_picked":["Runic Dome","Orrery"],"picked":"FrozenCore"}],"items_purged_floors":[7],"is_endless":false,"potions_floor_spawned":[1,3,5],"killed_by":"Snake Plant","ascension_level":3}