{"gold_per_floor":[213,226,226,196,49,49,82,82,158,158,169,169,154,173,173,277,277,288,38,38,51,66,66,94,94,94,114,125,125],"floor_reached":29,"playtime":1075,"items_purged":[],"score":282,"play_id":"4dc458c8-b942-410b-839f-84736891eed3","local_time":"20181023150822","is_ascension_mode":true,"campfire_choices":[{"data":"Neutralize","floor":6.0,"key":"SMITH"},{"floor":8.0,"key":"REST"},{"data":"Predator","floor":15.0,"key":"SMITH"},{"floor":23,"key":"REST"},{"floor":25,"key":"REST"}],"neow_cost":"NONE","seed_source_timestamp":246217566993011,"circlet_count":0,"master_deck":["Defend_G","Defend_G","Defend_G","Defend_G","Defend_G","Strike_G","Strike_G","Strike_G","Strike_G","Strike_G","Survivor","Neutralize+1","Cloak And Dagger","Sucker Punch","Footwork","Riddle With Holes","Predator+1","Dagger Throw","All Out Attack","Crippling Poison","Burst","Blade Dance+1","Well Laid Plans","Mayhem","Infinite Blades","Predator+1","Escape Plan+1","Decay","Dagger Spray+1","After Image"],"special_seed":0,"relics":["Ring of the Snake","Dream Catcher","Pantograph","Cursed Key","Snake Skull","Singing Bowl","Ornamental Fan"],"potions_floor_usage":[21,24],"damage_taken":[{"damage":4.0,"enemies":"Jaw Worm","floor":1.0,"turns":5.0},{"damage":4.0,"enemies":"Small Slimes","floor":2.0,"turns":4.0},{"damage":32.0,"enemies":"Gremlin Nob","floor":7.0,"turns":5.0},{"damage":0.0,"enemies":"2 Louse","floor":11.0,"turns":3.0},{"damage":0.0,"enemies":"Looter","floor":13.0,"turns":2.0},{"damage":0.0,"enemies":"Gremlin Gang","floor":14.0,"turns":5.0},{"damage":19.0,"enemies":"The Guardian","floor":16.0,"turns":20.0},{"damage":14.0,"enemies":"2 Thieves","floor":18.0,"turns":5.0},{"damage":0,"enemies":"3 Byrds","floor":21,"turns":2},{"damage":25,"enemies":"Snecko","floor":22,"turns":5},{"damage":32,"enemies":"Slavers","floor":24,"turns":6},{"damage":22,"enemies":"Snake Plant","floor":27,"turns":5},{"damage":21,"enemies":"Shelled Parasite and Fungi","floor":28,"turns":7},{"damage":11,"enemies":"Cultist and Chosen","floor":29,"turns":3}],"seed_played":"3479494035911539131","potions_obtained":[{"floor":1.0,"key":"SkillPotion"},{"floor":12.0,"key":"LiquidBronze"},{"floor":12.0,"key":"Ancient Potion"},{"floor":12.0,"key":"SmokeBomb"},{"floor":14.0,"key":"SkillPotion"},{"floor":22,"key":"Dexterity Potion"}],"is_trial":false,"path_per_floor":["M","M","?","?","$","R","E","R","T","?","M","?","M","M","R","B",null,"M","$","?","M","M","R","E","R","T","M","M"],"character_chosen":"THE_SILENT","items_purchased":["Footwork","Riddle With Holes","Well Laid Plans","Mayhem"],"campfire_rested":3,"item_purchase_floors":[5,5,19,19],"current_hp_per_floor":[66,62,67,67,67,67,35,57,57,57,57,57,57,57,57,56,75,61,61,61,61,36,58,28,53,53,31,10,0],"gold":125,"neow_bonus":"HUNDRED_GOLD","is_prod":false,"is_daily":false,"chose_seed":false,"campfire_upgraded":2,"win_rate":0,"timestamp":1540325302,"path_taken":["M","M","?","?","$","R","E","R","T","?","M","?","M","?","R","BOSS","M","$","?","M","M","R","E","R","T","M","M","M"],"build_version":"2018-10-19","purchased_purges":0,"victory":false,"max_hp_per_floor":[70,70,75,75,75,75,75,75,75,75,75,75,75,75,75,75,75,75,75,75,75,75,75,77,79,79,79,79,79],"card_choices":[{"not_picked":["Tactician","PiercingWail"],"picked":"Cloak And Dagger","floor":1.0},{"not_picked":["Outmaneuver","Dodge and Roll"],"picked":"Sucker Punch","floor":2.0},{"not_picked":["Escape Plan","Backflip"],"picked":"Predator","floor":7.0},{"not_picked":["Storm of Steel","Skewer"],"picked":"Dagger Throw","floor":8.0},{"not_picked":["Predator","Finisher"],"picked":"All Out Attack","floor":11.0},{"not_picked":["Dodge and Roll","Slice"],"picked":"Crippling Poison","floor":14.0},{"not_picked":["Phantasmal Killer","Wraith Form v2"],"picked":"Burst","floor":16.0},{"not_picked":["Bouncing Flask","PiercingWail"],"picked":"Blade Dance+1","floor":18.0},{"not_picked":["Riddle With Holes","Cloak And Dagger"],"picked":"Infinite Blades","floor":21},{"not_picked":["Flying Knee","Footwork"],"picked":"Predator+1","floor":22},{"not_picked":["Sucker Punch","Bane"],"picked":"Escape Plan+1","floor":23},{"not_picked":["Blur","Acrobatics+1","Heel Hook"],"picked":"Singing Bowl","floor":24},{"not_picked":["Dagger Spray+1","Outmaneuver+1","Setup"],"picked":"Singing Bowl","floor":25},{"not_picked":["Blade Dance","Deflect"],"picked":"Dagger Spray+1","floor":27},{"not_picked":["Quick Slash+1","Backflip+1"],"picked":"After Image","floor":28}],"player_experience":461306,"relics_obtained":[{"floor":7.0,"key":"Dream Catcher"},{"floor":9.0,"key":"Pantograph"},{"floor":24,"key":"Singing Bowl"},{"floor":26,"key":"Ornamental Fan"}],"event_choices":[{"damage_healed":0.0,"max_hp_gain":5.0,"max_hp_loss":0.0,"gold_gain":0.0,"event_name":"Big Fish","player_choice":"Donut","floor":3.0,"gold_loss":0.0,"damage_taken":0.0},{"damage_healed":0.0,"max_hp_gain":0.0,"max_hp_loss":0.0,"gold_gain":0.0,"event_name":"World of Goop","player_choice":"Left Gold","floor":4.0,"gold_loss":30.0,"damage_taken":0.0},{"damage_healed":0.0,"max_hp_gain":0.0,"max_hp_loss":0.0,"gold_gain":0.0,"event_name":"Liars Game","player_choice":"Ignored","floor":10.0,"gold_loss":0.0,"damage_taken":0.0},{"damage_healed":0.0,"max_hp_gain":0.0,"max_hp_loss":0.0,"gold_gain":0.0,"event_name":"The Lab","player_choice":"Got Potions","floor":12.0,"gold_loss":0.0,"damage_taken":0.0},{"damage_healed":0.0,"max_hp_gain":0.0,"max_hp_loss":0.0,"gold_gain":0.0,"event_name":"The Mausoleum","player_choice":"Opened","floor":20.0,"gold_loss":0.0,"damage_taken":0.0,"relics_obtained":["Snake Skull"]}],"is_beta":true,"boss_relics":[{"not_picked":["Ectoplasm","Astrolabe"],"picked":"Cursed Key"}],"items_purged_floors":[],"is_endless":false,"potions_floor_spawned":[1,13,14,22],"killed_by":"Cultist and Chosen","ascension_level":3}