{"gold_per_floor":[111,73,88,101,22,47,47,47,47,47,63,95,95,107,107,208,208,218,218,218,230,246,246,246,246,298,313,313,327,347,0,0,100,100,111,124,124,124,136,154,154,154,154,1,1],"floor_reached":45,"playtime":2512,"items_purged":["Purity"],"score":574,"play_id":"c61aef0a-9d82-4655-b30b-c8eba853dc97","local_time":"20181217002431","is_ascension_mode":true,"campfire_choices":[{"floor":7,"key":"REST"},{"floor":10,"key":"REST"},{"floor":13,"key":"REST"},{"floor":15,"key":"REST"},{"floor":23,"key":"REST"},{"floor":25,"key":"REST"},{"floor":28,"key":"REST"},{"floor":32,"key":"REST"},{"floor":41,"key":"REST"}],"neow_cost":"NONE","seed_source_timestamp":351095337117501,"circlet_count":0,"master_deck":["Strike_B","Strike_B","Strike_B","Strike_B","Defend_B","Defend_B","Defend_B","Defend_B","Zap","Dualcast","Gash","Reinforced Body","Capacitor","Creative AI","Leap","Go for the Eyes","Chill","Undo","Leap+1","Tempest+1","BootSequence","Compile Driver","Cold Snap+1","Auto Shields","Defragment","Rainbow","Glacier+1","Conserve Battery+1","Writhe","Mayhem"],"relics":["Cracked Core","FossilizedHelix","Turnip","Bottled Tornado","Sozu","PreservedInsect","DataDisk","Nuclear Battery","MawBank"],"potions_floor_usage":[14,16,18,18],"damage_taken":[{"damage":6,"enemies":"2 Louse","floor":1,"turns":2},{"damage":2,"enemies":"Jaw Worm","floor":3,"turns":3},{"damage":9,"enemies":"Small Slimes","floor":4,"turns":3},{"damage":31,"enemies":"Lagavulin","floor":6,"turns":7},{"damage":8,"enemies":"Blue Slaver","floor":11,"turns":5},{"damage":35,"enemies":"3 Sentries","floor":12,"turns":11},{"damage":0,"enemies":"Large Slime","floor":14,"turns":6},{"damage":4,"enemies":"The Guardian","floor":16,"turns":14},{"damage":0,"enemies":"Shell Parasite","floor":18,"turns":9},{"damage":34,"enemies":"Colosseum Slavers","floor":19,"turns":8},{"damage":16,"enemies":"3 Byrds","floor":21,"turns":6},{"damage":2,"enemies":"Sentry and Sphere","floor":22,"turns":10},{"damage":16,"enemies":"Centurion and Healer","floor":27,"turns":12},{"damage":28,"enemies":"Cultist and Chosen","floor":29,"turns":9},{"damage":14,"enemies":"Snake Plant","floor":30,"turns":5},{"damage":18,"enemies":"Automaton","floor":33,"turns":11},{"damage":11,"enemies":"3 Shapes","floor":35,"turns":3},{"damage":37,"enemies":"3 Darklings","floor":36,"turns":9},{"damage":54,"enemies":"Transient","floor":39,"turns":5},{"damage":0,"enemies":"Sphere and 2 Shapes","floor":40,"turns":5},{"damage":85,"enemies":"Reptomancer","floor":45,"turns":5}],"seed_played":"3649135274783512831","potions_obtained":[{"floor":4,"key":"Energy Potion"},{"floor":12,"key":"Energy Potion"},{"floor":14,"key":"Poison Potion"},{"floor":16,"key":"SkillPotion"}],"is_trial":false,"path_per_floor":["M","?","M","M","$","E","R","?","T","R","M","E","R","M","R","B",null,"M","?","?","M","M","R","?","R","T","M","R","M","M","$","R","B",null,"M","M","?","?","M","M","R","?","T","$","E"],"character_chosen":"DEFECT","items_purchased":["Capacitor","DataDisk","Auto Shields","Defragment","Mayhem"],"campfire_rested":9,"item_purchase_floors":[5,31,31,31,44],"current_hp_per_floor":[62,62,60,51,51,20,42,42,42,64,56,21,43,43,65,61,72,72,38,38,22,20,42,42,64,64,48,70,42,28,28,50,32,64,53,16,16,85,31,31,56,77,77,77,0],"gold":1,"neow_bonus":"RANDOM_COLORLESS","is_prod":false,"is_daily":false,"chose_seed":false,"campfire_upgraded":0,"win_rate":0,"timestamp":1545027871,"path_taken":["M","?","M","M","$","E","R","?","T","R","M","E","R","M","R","BOSS","M","?","?","M","M","R","?","R","T","M","R","?","M","$","R","BOSS","M","M","?","?","?","M","R","?","T","$","E"],"build_version":"2018-12-13","purchased_purges":1,"victory":false,"max_hp_per_floor":[75,75,75,75,75,75,75,75,75,75,75,75,75,75,75,75,75,75,75,75,75,75,75,75,75,75,75,75,75,75,75,75,75,75,75,75,75,85,85,85,85,85,85,85,85],"card_choices":[{"not_picked":["Hologram","Force Field"],"picked":"Gash","floor":1},{"not_picked":["Rebound","Streamline"],"picked":"Gash","floor":3},{"not_picked":["White Noise","Redo"],"picked":"Reinforced Body","floor":4},{"not_picked":["Sunder","Gash"],"picked":"Creative AI","floor":6},{"not_picked":["Aggregate","Compile Driver"],"picked":"Leap","floor":11},{"not_picked":["Gash","Thunder Strike"],"picked":"Go for the Eyes","floor":12},{"not_picked":["Redo","Melter"],"picked":"Chill","floor":14},{"not_picked":["Meteor Strike","Thunder Strike"],"picked":"Machine Learning","floor":16},{"not_picked":["Go for the Eyes","Sweeping Beam+1"],"picked":"Undo","floor":18},{"not_picked":["Rebound","Self Repair"],"picked":"Leap+1","floor":21},{"not_picked":["Leap+1","Hologram"],"picked":"Tempest+1","floor":22},{"not_picked":["Auto Shields+1","Rebound+1"],"picked":"BootSequence","floor":27},{"not_picked":["Recycle","Barrage"],"picked":"Compile Driver","floor":29},{"not_picked":["Static Discharge","Go for the Eyes"],"picked":"Cold Snap+1","floor":30},{"not_picked":["Amplify","Reboot"],"picked":"Rainbow","floor":33},{"not_picked":["Conserve Battery","Go for the Eyes+1","Compile Driver+1"],"picked":"SKIP","floor":35},{"not_picked":["Gash+1","Compile Driver"],"picked":"Glacier+1","floor":36},{"not_picked":["Skim","Cold Snap+1","Gash"],"picked":"SKIP","floor":39},{"not_picked":["Stack","Buffer"],"picked":"Conserve Battery+1","floor":40}],"player_experience":577906,"relics_obtained":[{"floor":6,"key":"FossilizedHelix"},{"floor":9,"key":"Turnip"},{"floor":12,"key":"Bottled Tornado"},{"floor":26,"key":"PreservedInsect"},{"floor":43,"key":"MawBank"}],"event_choices":[{"damage_healed":0,"gold_gain":0,"player_choice":"Left Gold","damage_taken":0,"max_hp_gain":0,"max_hp_loss":0,"event_name":"World of Goop","floor":2,"gold_loss":38},{"damage_healed":0,"gold_gain":0,"player_choice":"Ignored","damage_taken":0,"max_hp_gain":0,"max_hp_loss":0,"event_name":"Golden Wing","floor":8,"gold_loss":0},{"damage_healed":0,"gold_gain":0,"player_choice":"Fight","damage_taken":0,"max_hp_gain":0,"max_hp_loss":0,"event_name":"Colosseum","floor":19,"gold_loss":0},{"damage_healed":0,"gold_gain":0,"player_choice":"Fled From Nobs","damage_taken":0,"max_hp_gain":0,"max_hp_loss":0,"event_name":"Colosseum","floor":19,"gold_loss":0},{"damage_healed":0,"gold_gain":0,"player_choice":"Ignored","damage_taken":0,"max_hp_gain":0,"max_hp_loss":0,"event_name":"Vampires","floor":20,"gold_loss":0},{"damage_healed":0,"gold_gain":0,"player_choice":"Ignored","damage_taken":0,"max_hp_gain":0,"max_hp_loss":0,"event_name":"Ghosts","floor":24,"gold_loss":0},{"cards_removed":["Gash"],"damage_healed":0,"gold_gain":0,"player_choice":"Removed Attack","damage_taken":0,"max_hp_gain":0,"max_hp_loss":0,"event_name":"Falling","floor":37,"gold_loss":0},{"cards_removed":["Machine Learning"],"damage_healed":59,"gold_gain":0,"player_choice":"Offered Rare","damage_taken":0,"max_hp_gain":10,"max_hp_loss":0,"event_name":"Bonfire Elementals","floor":38,"gold_loss":0},{"damage_healed":21,"gold_gain":0,"player_choice":"Writhe","damage_taken":0,"max_hp_gain":0,"max_hp_loss":0,"event_name":"Winding Halls","floor":42,"gold_loss":0,"cards_obtained":["Writhe"]}],"is_beta":true,"boss_relics":[{"not_picked":["Lizard Tail","Pandora\u0027s Box"],"picked":"Sozu"},{"not_picked":["Philosopher\u0027s Stone","Snecko Eye"],"picked":"Nuclear Battery"}],"items_purged_floors":[31],"is_endless":false,"potions_floor_spawned":[4,12,14,16,19,21,29,30,33,36,40],"killed_by":"Reptomancer","ascension_level":7}