{"gold_per_floor":[115,41,51,61,61,61,72,99,125,125,46,46,63,82,82,185,185,197,163,177,177,177],"floor_reached":22,"playtime":1083,"items_purged":[],"score":216,"play_id":"aaae6a44-6b4e-464c-97da-8eb4a629aec5","local_time":"20181018000706","is_ascension_mode":true,"campfire_choices":[{"data":"Zap","floor":6,"key":"SMITH"},{"floor":10,"key":"REST"},{"data":"Rainbow","floor":12,"key":"SMITH"},{"data":"Chaos","floor":15,"key":"SMITH"}],"neow_cost":"NONE","seed_source_timestamp":255610726460886,"circlet_count":0,"master_deck":["Strike_B","Strike_B","Defend_B","Defend_B","Defend_B","Defend_B","Zap+1","Dualcast","Static Discharge","Rebound","Chaos+1","Steam","Capacitor","Compile Driver","Rainbow+1","Leap","Sweeping Beam","Leap","BootSequence","Auto Shields","Thunder Strike","Fission"],"relics":["Cracked Core","Oddly Smooth Stone","Strawberry","Bag of Preparation","Inserter"],"potions_floor_usage":[3,8,14,18,20],"damage_taken":[{"damage":1,"enemies":"Cultist","floor":1,"turns":4},{"damage":0,"enemies":"Jaw Worm","floor":3,"turns":4},{"damage":0,"enemies":"Small Slimes","floor":4,"turns":3},{"damage":6,"enemies":"Blue Slaver","floor":7,"turns":4},{"damage":16,"enemies":"3 Sentries","floor":8,"turns":6},{"damage":5,"enemies":"Looter","floor":13,"turns":3},{"damage":6,"enemies":"Exordium Wildlife","floor":14,"turns":2},{"damage":5,"enemies":"The Guardian","floor":16,"turns":10},{"damage":12,"enemies":"Shell Parasite","floor":18,"turns":8},{"damage":19,"enemies":"2 Thieves","floor":19,"turns":5},{"damage":41,"enemies":"Sentry and Sphere","floor":20,"turns":8},{"damage":20,"enemies":"Shelled Parasite and Fungi","floor":22,"turns":8}],"seed_played":"2918658350816960244","potions_obtained":[{"floor":1,"key":"Block Potion"},{"floor":3,"key":"LiquidBronze"},{"floor":13,"key":"AttackPotion"},{"floor":16,"key":"PowerPotion"},{"floor":19,"key":"Block Potion"}],"is_trial":false,"path_per_floor":["M","$","M","M","?","R","M","E","T","R","$","R","M","M","R","B",null,"M","M","M","?"],"character_chosen":"DEFECT","items_purchased":["Chaos","Leap","Sweeping Beam"],"campfire_rested":1,"item_purchase_floors":[2,11,11],"current_hp_per_floor":[74,74,74,74,62,62,56,47,47,71,71,71,66,60,60,55,82,70,51,10,10,0],"gold":177,"neow_bonus":"TRANSFORM_CARD","is_prod":false,"is_daily":false,"chose_seed":false,"campfire_upgraded":3,"win_rate":0,"timestamp":1539839226,"path_taken":["M","?","M","M","?","R","M","E","T","R","$","R","M","M","R","BOSS","M","M","M","?","M"],"build_version":"2018-10-17v2","purchased_purges":0,"victory":false,"max_hp_per_floor":[75,75,75,75,75,75,75,82,82,82,82,82,82,82,82,82,82,82,82,82,82,82],"card_choices":[{"not_picked":["Self Repair","Turbo"],"picked":"Rebound","floor":1},{"not_picked":["Hello World","Hologram"],"picked":"Steam","floor":3},{"not_picked":["Hologram","Barrage"],"picked":"Capacitor","floor":4},{"not_picked":["Barrage","Recycle"],"picked":"Compile Driver","floor":7},{"not_picked":["Redo","Hologram"],"picked":"Rainbow","floor":8},{"not_picked":["Rebound","Sweeping Beam","Beam Cell"],"picked":"SKIP","floor":13},{"not_picked":["Loop","Gash"],"picked":"Leap","floor":14},{"not_picked":["Thunder Strike","Seek"],"picked":"Amplify","floor":16},{"not_picked":["Gash","Rebound"],"picked":"BootSequence","floor":18},{"not_picked":["Scrape","Aggregate"],"picked":"Auto Shields","floor":19},{"not_picked":["Sweeping Beam","Barrage","Redo"],"picked":"SKIP","floor":20}],"player_experience":426524,"relics_obtained":[{"floor":8,"key":"Strawberry"},{"floor":9,"key":"Bag of Preparation"}],"event_choices":[{"damage_healed":0,"gold_gain":0,"player_choice":"Success","damage_taken":12,"relics_obtained":["Oddly Smooth Stone"],"max_hp_gain":0,"max_hp_loss":0,"event_name":"Scrap Ooze","floor":5,"gold_loss":0},{"damage_healed":0,"gold_gain":0,"cards_transformed":["Amplify","Strike_B"],"player_choice":"Became Test Subject","damage_taken":0,"max_hp_gain":0,"max_hp_loss":0,"event_name":"Drug Dealer","floor":21,"gold_loss":0,"cards_obtained":["Thunder Strike","Fission"]}],"is_beta":true,"boss_relics":[{"not_picked":["Black Star","Lizard Tail"],"picked":"Inserter"}],"items_purged_floors":[],"is_endless":false,"potions_floor_spawned":[1,3,13,16,19],"killed_by":"Shelled Parasite and Fungi","ascension_level":3}