{"path_per_floor":["M","M","$","?","T","R","M","M","T","E","M","?","$"],"character_chosen":"DEFECT","items_purchased":["Loop","Redo","Conserve Battery"],"gold_per_floor":[118,129,29,29,29,29,45,62,89,119,135,88,41,41],"floor_reached":14,"campfire_rested":0,"playtime":496,"item_purchase_floors":[3,3,13],"current_hp_per_floor":[74,70,70,70,70,70,58,50,50,31,14,14,14,0],"items_purged":[],"gold":41,"score":104,"play_id":"8dcc3b5d-d5b1-41b3-a792-1095943257a0","local_time":"20180611112944","is_prod":false,"is_daily":false,"chose_seed":false,"is_ascension_mode":true,"campfire_upgraded":1,"win_rate":0,"timestamp":1528730984,"campfire_choices":[{"data":"Loop","floor":6,"key":"SMITH"}],"path_taken":["M","?","?","?","?","R","M","?","T","E","M","?","$","E"],"build_version":"2018-06-07v3","seed_source_timestamp":404826106603899,"purchased_purges":0,"victory":false,"master_deck":["Strike_B","Strike_B","Strike_B","Strike_B","Defend_B","Defend_B","Defend_B","Defend_B","Zap+1","Dualcast","Doom and Gloom","Coolheaded","Loop+1","Redo","Streamline","Redo","Genetic Algorithm","Rebound","Conserve Battery"],"max_hp_per_floor":[75,75,75,75,75,75,75,75,75,75,75,75,75,75],"relics":["Cracked Core","Potion Belt","Boot","Blood Vial"],"card_choices":[{"not_picked":["Compile Driver","BootSequence"],"picked":"Doom and Gloom","floor":1},{"not_picked":["Consume","Sweeping Beam"],"picked":"Coolheaded","floor":2},{"not_picked":["Consume","Beam Cell"],"picked":"Streamline","floor":7},{"not_picked":["Sweeping Beam","Gash"],"picked":"Redo","floor":8},{"not_picked":["Rip and Tear","Beam Cell"],"picked":"Genetic Algorithm","floor":10},{"not_picked":["Hologram","Force Field"],"picked":"Rebound","floor":11}],"player_experience":479538,"potions_floor_usage":[8,10,10,10],"damage_taken":[{"damage":1,"enemies":"Cultist","floor":1,"turns":3},{"damage":4,"enemies":"Jaw Worm","floor":2,"turns":4},{"damage":12,"enemies":"2 Louse","floor":7,"turns":2},{"damage":8,"enemies":"Blue Slaver","floor":8,"turns":2},{"damage":19,"enemies":"Gremlin Nob","floor":10,"turns":4},{"damage":19,"enemies":"Exordium Wildlife","floor":11,"turns":4},{"damage":19,"enemies":"3 Sentries","floor":14,"turns":2}],"relics_obtained":[{"floor":5,"key":"Potion Belt"},{"floor":9,"key":"Boot"},{"floor":10,"key":"Blood Vial"}],"event_choices":[{"event_name":"The Lab","player_choice":"Got Potions","floor":4,"damage_taken":0},{"event_name":"World of Goop","player_choice":"Left","floor":12,"damage_taken":0}],"boss_relics":[],"items_purged_floors":[],"potions_floor_spawned":[8,11],"seed_played":"8893897081440382408","killed_by":"3 Sentries","ascension_level":3,"potions_obtained":[{"floor":4,"key":"Block Potion"},{"floor":4,"key":"FocusPotion"},{"floor":4,"key":"Fire Potion"},{"floor":8,"key":"EssenceOfSteel"},{"floor":11,"key":"Swift Potion"}],"is_trial":false}