{"gold_per_floor":[111,111,111,36,53,53,78,93,93,111,129,29,39,72,72,169,169,109,109,24,24,24,24,24,24,24,24,24,24,24,24,24,24],"floor_reached":33,"playtime":2359,"items_purged":["Strike_G"],"score":448,"play_id":"7a40e370-660c-47a9-b5ad-55739542f94a","local_time":"20180719204019","is_ascension_mode":true,"campfire_choices":[{"data":"Dash","floor":6,"key":"SMITH"},{"floor":15,"key":"REST"},{"floor":23,"key":"DIG"},{"floor":25,"key":"DIG"},{"floor":29,"key":"REST"},{"floor":32,"key":"REST"}],"neow_cost":"","seed_source_timestamp":9109489226298,"circlet_count":0,"master_deck":["Defend_G","Defend_G","Defend_G","Defend_G","Defend_G","Strike_G","Strike_G","Strike_G","Strike_G","Survivor","Neutralize+1","Dagger Spray","Dodge and Roll","Dark Shackles","Dash+1","Cloak And Dagger","Caltrops","Masterful Stab","Outmaneuver","Backstab","After Image","Dagger Spray","Noxious Fumes","Dagger Spray","Caltrops","Caltrops","Grand Finale","Deadly Poison","Acrobatics+1","Grand Finale","Cloak And Dagger+1","Outmaneuver","Infinite Blades","Storm of Steel","Crippling Poison","Caltrops","Blade Dance+1"],"relics":["Ring of the Snake","Shovel","Prayer Wheel","Bag of Preparation","Ectoplasm","Tough Bandages","Kunai","Ice Cream","Paper Crane","Happy Flower","Smiling Mask"],"potions_floor_usage":[7,11,16,27,27,30,31],"damage_taken":[{"damage":0,"enemies":"Cultist","floor":1,"turns":4},{"damage":0,"enemies":"Jaw Worm","floor":5,"turns":5},{"damage":18,"enemies":"Lagavulin","floor":7,"turns":10},{"damage":0,"enemies":"2 Louse","floor":8,"turns":3},{"damage":0,"enemies":"2 Fungi Beasts","floor":10,"turns":4},{"damage":4,"enemies":"Exordium Wildlife","floor":11,"turns":4},{"damage":3,"enemies":"Exordium Thugs","floor":13,"turns":5},{"damage":20,"enemies":"3 Sentries","floor":14,"turns":6},{"damage":32,"enemies":"Slime Boss","floor":16,"turns":11},{"damage":13,"enemies":"2 Thieves","floor":18,"turns":4},{"damage":3,"enemies":"Shell Parasite","floor":21,"turns":6},{"damage":17,"enemies":"Cultist and Chosen","floor":24,"turns":6},{"damage":12,"enemies":"Gremlin Leader","floor":27,"turns":6},{"damage":17,"enemies":"Book of Stabbing","floor":30,"turns":5},{"damage":12,"enemies":"Snake Plant","floor":31,"turns":4},{"damage":23,"enemies":"Automaton","floor":33,"turns":4}],"seed_played":"-5712708843312967623","potions_obtained":[{"floor":5,"key":"SteroidPotion"},{"floor":7,"key":"AttackPotion"},{"floor":14,"key":"Block Potion"},{"floor":16,"key":"SpeedPotion"},{"floor":18,"key":"Poison Potion"},{"floor":27,"key":"FearPotion"},{"floor":30,"key":"Strength Potion"}],"is_trial":false,"path_per_floor":["M","?","?","$","M","R","E","M","T","M","M","$","M","E","R","B",null,"M","?","?","M","$","R","M","R","T","E","$","R","E","M","R"],"character_chosen":"THE_SILENT","items_purchased":["Noxious Fumes","Dagger Spray"],"campfire_rested":3,"item_purchase_floors":[12,12],"current_hp_per_floor":[63,63,63,63,63,63,45,45,45,45,41,41,38,18,39,7,54,41,41,41,38,38,38,21,21,21,9,9,30,13,1,22,0],"gold":24,"neow_bonus":"","is_prod":false,"is_daily":false,"chose_seed":false,"campfire_upgraded":1,"win_rate":0,"timestamp":1531998619,"path_taken":["M","?","?","$","M","R","E","M","T","?","?","?","M","E","R","BOSS","M","?","?","M","?","R","?","R","T","E","$","R","E","M","R","BOSS"],"build_version":"2018-07-12","purchased_purges":1,"victory":false,"max_hp_per_floor":[70,70,70,70,70,70,70,70,70,70,70,70,70,70,70,70,70,70,70,70,70,70,70,70,70,70,70,70,70,70,70,70,70],"card_choices":[{"not_picked":["Backflip","Sucker Punch"],"picked":"Dagger Spray","floor":1},{"not_picked":["Sucker Punch","Quick Slash"],"picked":"Cloak And Dagger","floor":5},{"not_picked":["Calculated Gamble","Backflip"],"picked":"Caltrops","floor":7},{"not_picked":["Acrobatics","Endless Agony"],"picked":"Masterful Stab","floor":8},{"not_picked":["Dodge and Roll","Deflect"],"picked":"Outmaneuver","floor":10},{"not_picked":["Masterful Stab","Cloak And Dagger"],"picked":"Backstab","floor":10},{"not_picked":["Underhanded Strike","Dodge and Roll"],"picked":"After Image","floor":11},{"not_picked":["Slice","PiercingWail"],"picked":"Dagger Spray","floor":11},{"not_picked":["Slice","Poisoned Stab"],"picked":"Caltrops","floor":13},{"not_picked":["Underhanded Strike","Acrobatics","Sucker Punch"],"picked":"SKIP","floor":13},{"not_picked":["Heel Hook","Quick Slash"],"picked":"Caltrops","floor":14},{"not_picked":["Die Die Die","Phantasmal Killer"],"picked":"Grand Finale","floor":16},{"not_picked":["Prepared","Choke"],"picked":"Deadly Poison","floor":18},{"not_picked":["Slice","Dagger Spray"],"picked":"Acrobatics+1","floor":18},{"not_picked":["Prepared","Deadly Poison+1"],"picked":"Grand Finale","floor":21},{"not_picked":["Calculated Gamble","Sucker Punch"],"picked":"Cloak And Dagger+1","floor":21},{"not_picked":["Deadly Poison","Poisoned Stab+1"],"picked":"Outmaneuver","floor":24},{"not_picked":["Poisoned Stab","Dodge and Roll"],"picked":"Infinite Blades","floor":24},{"not_picked":["Bane","Dash+1"],"picked":"Storm of Steel","floor":27},{"not_picked":["Footwork","Blade Dance"],"picked":"Crippling Poison","floor":30},{"not_picked":["Flechettes","Dodge and Roll"],"picked":"Caltrops","floor":31},{"not_picked":["Choke","PiercingWail+1"],"picked":"Blade Dance+1","floor":31}],"player_experience":189940,"relics_obtained":[{"floor":7,"key":"Shovel"},{"floor":9,"key":"Prayer Wheel"},{"floor":14,"key":"Bag of Preparation"},{"floor":23,"key":"Kunai"},{"floor":25,"key":"Ice Cream"},{"floor":26,"key":"Paper Crane"},{"floor":27,"key":"Happy Flower"},{"floor":30,"key":"Smiling Mask"}],"event_choices":[{"event_name":"Match and Keep!","player_choice":"3 cards matched","floor":2,"damage_taken":0},{"event_name":"Living Wall","player_choice":"Grow","floor":3,"damage_taken":0},{"event_name":"Drug Dealer","player_choice":"Ignored","floor":19,"damage_taken":0},{"event_name":"Addict","player_choice":"Obtained Relic","floor":20,"damage_taken":0}],"boss_relics":[{"not_picked":["Lizard Tail","Velvet Choker"],"picked":"Ectoplasm"}],"items_purged_floors":[4],"is_endless":false,"potions_floor_spawned":[5,7,14,16,18,27,30],"killed_by":"Automaton","ascension_level":7}