{"gold_per_floor":[114,42,42,56,9,9,41,56,56,74,90,90,110,133,133,204,204,222,239,239,253,168,168,181,216,216,266,266,37,55,66,66,144,144,164,164,216,226,226,226,256,256,256,275,301,301,301,330,330,330],"floor_reached":51,"playtime":2820,"items_purged":["Strike_G"],"score":1371,"play_id":"26c04ffb-291e-42b6-a0ba-571f274977b7","local_time":"20180730212145","is_ascension_mode":true,"campfire_choices":[{"data":"Cloak And Dagger","floor":6,"key":"SMITH"},{"data":"Footwork","floor":15,"key":"SMITH"},{"data":"Finisher","floor":23,"key":"SMITH"},{"data":"Adrenaline","floor":28,"key":"SMITH"},{"floor":32,"key":"REST"},{"data":"Footwork","floor":40,"key":"SMITH"},{"floor":42,"key":"REST"},{"data":"Dagger Spray","floor":47,"key":"SMITH"},{"data":"Accuracy","floor":49,"key":"SMITH"}],"neow_cost":"NONE","seed_source_timestamp":74161747023407,"circlet_count":0,"master_deck":["Defend_G","Defend_G","Defend_G","Defend_G","Strike_G","Survivor","Neutralize+1","AscendersBane","Finisher+1","Footwork+1","Dagger Throw","Cloak And Dagger+1","Dagger Spray+1","Sucker Punch","Backstab","Accuracy+1","Adrenaline+1","Calculated Gamble","Backflip","Acrobatics","PiercingWail","Footwork+1","Endless Agony","Caltrops","Acrobatics+1","Underhanded Strike"],"relics":["Ring of the Snake","Gremlin Horn","Thread and Needle","Odd Mushroom","Busted Crown","Bag of Marbles","Orichalcum","Bottled Lightning","Empty Cage","Ice Cream","Shuriken","Ornamental Fan","Incense Burner","StoneCalendar","Vajra"],"potions_floor_usage":[7,25,33,45,50],"damage_taken":[{"damage":0,"enemies":"Cultist","floor":1,"turns":5},{"damage":0,"enemies":"Jaw Worm","floor":4,"turns":5},{"damage":3,"enemies":"Lagavulin","floor":7,"turns":10},{"damage":1,"enemies":"Small Slimes","floor":8,"turns":3},{"damage":0,"enemies":"Blue Slaver","floor":10,"turns":3},{"damage":0,"enemies":"Looter","floor":11,"turns":3},{"damage":0,"enemies":"Lots of Slimes","floor":13,"turns":1},{"damage":0,"floor":14,"turns":2},{"damage":18,"enemies":"Hexaghost","floor":16,"turns":15},{"damage":0,"enemies":"Shell Parasite","floor":18,"turns":5},{"damage":0,"enemies":"3 Byrds","floor":19,"turns":4},{"damage":3,"enemies":"Snake Plant","floor":21,"turns":8},{"damage":4,"enemies":"Snecko","floor":24,"turns":5},{"damage":14,"enemies":"Book of Stabbing","floor":25,"turns":4},{"damage":0,"enemies":"Chosen and Byrds","floor":30,"turns":7},{"damage":0,"enemies":"Snake Plant","floor":31,"turns":1},{"damage":20,"enemies":"Automaton","floor":33,"turns":13},{"damage":0,"enemies":"3 Darklings","floor":35,"turns":8},{"damage":0,"floor":37,"turns":4},{"damage":0,"enemies":"3 Shapes","floor":38,"turns":7},{"damage":22,"enemies":"Nemesis","floor":41,"turns":12},{"damage":0,"enemies":"Sphere and 2 Shapes","floor":44,"turns":3},{"damage":0,"enemies":"2 Orb Walkers","floor":45,"turns":4},{"damage":0,"floor":46,"turns":4},{"damage":0,"enemies":"Nemesis","floor":48,"turns":5},{"damage":9,"enemies":"Awakened One","floor":50,"turns":13}],"seed_played":"1263361811036354298","potions_obtained":[{"floor":1,"key":"SteroidPotion"},{"floor":7,"key":"SmokeBomb"},{"floor":14,"key":"Swift Potion"},{"floor":30,"key":"Strength Potion"},{"floor":44,"key":"GhostInAJar"},{"floor":45,"key":"EssenceOfSteel"}],"is_trial":false,"path_per_floor":["M","$","?","M","$","R","E","M","T","M","M","?","M","?","R","B",null,"M","M","?","M","?","R","M","E","T","?","R","$","M","M","R","B",null,"M","?","?","M","?","R","E","R","T","M","E","?","R","E","R","B"],"character_chosen":"THE_SILENT","items_purchased":["Footwork","Cloak And Dagger","Footwork","Endless Agony"],"campfire_rested":2,"item_purchase_floors":[2,5,29,29],"current_hp_per_floor":[59,59,59,59,59,59,56,55,55,55,55,55,55,55,55,37,59,59,59,59,56,56,56,52,38,38,38,38,38,38,38,57,37,59,59,59,59,59,59,59,37,56,56,56,56,56,56,56,56,47],"gold":330,"neow_bonus":"UPGRADE_CARD","is_prod":false,"is_daily":false,"chose_seed":false,"campfire_upgraded":7,"win_rate":0,"timestamp":1532978505,"path_taken":["M","?","?","M","$","R","E","?","T","M","M","?","?","?","R","BOSS","M","M","?","?","?","R","M","E","T","?","R","$","?","M","R","BOSS","M","?","?","M","?","R","E","R","T","M","E","?","R","E","R","BOSS"],"build_version":"2018-07-26","purchased_purges":1,"victory":true,"max_hp_per_floor":[66,66,66,66,66,66,66,66,66,66,66,66,66,66,66,66,66,66,66,66,66,66,66,66,66,66,66,66,66,66,66,66,66,66,66,66,66,66,66,66,66,66,66,66,66,66,66,66,66,66],"card_choices":[{"not_picked":["Outmaneuver","Quick Slash"],"picked":"Finisher","floor":1},{"not_picked":["Heel Hook","Blade Dance"],"picked":"Dagger Throw","floor":4},{"not_picked":["Night Terror","Setup","Dagger Throw"],"picked":"SKIP","floor":7},{"not_picked":["Outmaneuver","Predator"],"picked":"Dagger Spray","floor":8},{"not_picked":["Poisoned Stab","Catalyst","Deadly Poison"],"picked":"SKIP","floor":10},{"not_picked":["Underhanded Strike","Bane"],"picked":"Sucker Punch","floor":11},{"not_picked":["Slice","Prepared"],"picked":"Backstab","floor":13},{"not_picked":["Deflect","Poisoned Stab"],"picked":"Accuracy","floor":14},{"not_picked":["Wraith Form v2","Corpse Explosion"],"picked":"Adrenaline","floor":16},{"not_picked":[],"picked":"Calculated Gamble","floor":18},{"not_picked":[],"picked":"Backflip","floor":19},{"not_picked":["Dagger Spray"],"picked":"SKIP","floor":21},{"not_picked":[],"picked":"Acrobatics","floor":24},{"not_picked":[],"picked":"PiercingWail","floor":25},{"not_picked":["Bane"],"picked":"SKIP","floor":30},{"not_picked":[],"picked":"Caltrops","floor":31},{"not_picked":["Underhanded Strike"],"picked":"SKIP","floor":35},{"not_picked":[],"picked":"Acrobatics+1","floor":37},{"not_picked":["PiercingWail"],"picked":"SKIP","floor":38},{"not_picked":["Deadly Poison"],"picked":"SKIP","floor":41},{"not_picked":["Poisoned Stab"],"picked":"SKIP","floor":44},{"not_picked":["Underhanded Strike"],"picked":"SKIP","floor":45},{"not_picked":[],"picked":"Underhanded Strike","floor":46},{"not_picked":["Distraction"],"picked":"SKIP","floor":48}],"player_experience":1200058,"relics_obtained":[{"floor":7,"key":"Gremlin Horn"},{"floor":9,"key":"Thread and Needle"},{"floor":14,"key":"Odd Mushroom"},{"floor":25,"key":"Orichalcum"},{"floor":26,"key":"Bottled Lightning"},{"floor":37,"key":"Ice Cream"},{"floor":41,"key":"Shuriken"},{"floor":43,"key":"Ornamental Fan"},{"floor":45,"key":"Incense Burner"},{"floor":46,"key":"StoneCalendar"},{"floor":48,"key":"Vajra"}],"event_choices":[{"event_name":"Wheel of Change","player_choice":"Card Removal","floor":3,"damage_taken":0},{"event_name":"Liars Game","player_choice":"disagreed","floor":12,"damage_taken":0},{"event_name":"Mushrooms","player_choice":"Fought Mushrooms","floor":14,"damage_taken":0},{"event_name":"Ghosts","player_choice":"Ignored","floor":20,"damage_taken":0},{"event_name":"Addict","player_choice":"Obtained Relic","floor":22,"damage_taken":0},{"event_name":"Nest","player_choice":"Stole From Cult","floor":27,"damage_taken":0},{"event_name":"Falling","player_choice":"Removed Skill","floor":36,"damage_taken":0},{"event_name":"Mysterious Sphere","player_choice":"Fight","floor":37,"damage_taken":0},{"event_name":"Tomb of Lord Red Mask","player_choice":"Ignored","floor":39,"damage_taken":0},{"event_name":"MindBloom","player_choice":"Fight","floor":46,"damage_taken":0}],"is_beta":false,"boss_relics":[{"not_picked":["Pandora\u0027s Box","Calling Bell"],"picked":"Busted Crown"},{"not_picked":["Snecko Eye","Philosopher\u0027s Stone"],"picked":"Empty Cage"}],"items_purged_floors":[29],"is_endless":false,"potions_floor_spawned":[1,7,14,16,18,30,44,45,46],"ascension_level":15}