{"gold_per_floor":[111,186,12,22,22,49,49,60,112,112,112,183,196,215,215,215],"floor_reached":16,"playtime":480,"items_purged":["Strike_B"],"score":155,"play_id":"9ef709a5-4a01-4b89-835e-830327094edf","local_time":"20180713121508","is_ascension_mode":true,"campfire_choices":[{"floor":10,"key":"REST"},{"floor":15,"key":"REST"}],"neow_cost":"","seed_source_timestamp":204425608197217,"circlet_count":0,"master_deck":["Strike_B","Strike_B","Strike_B","Defend_B","Defend_B","Defend_B","Defend_B","Zap","Dualcast","AscendersBane","Cold Snap","Capacitor","Streamline","Defragment","Fission","Capacitor","Hologram"],"relics":["Cracked Core","Happy Flower","Bottled Lightning","Darkstone Periapt","Lantern","Mercury Hourglass"],"potions_floor_usage":[8],"damage_taken":[{"damage":0,"enemies":"Cultist","floor":1,"turns":3},{"damage":12,"enemies":"Jaw Worm","floor":4,"turns":3},{"damage":24,"enemies":"3 Sentries","floor":6,"turns":7},{"damage":7,"enemies":"2 Louse","floor":8,"turns":3},{"damage":0,"enemies":"Exordium Wildlife","floor":13,"turns":3},{"damage":17,"enemies":"Large Slime","floor":14,"turns":5},{"damage":31,"enemies":"The Guardian","floor":16,"turns":4}],"seed_played":"-5149431573091821083","potions_obtained":[{"floor":6,"key":"EssenceOfSteel"}],"is_trial":false,"path_per_floor":["M","?","$","M","T","E","?","M","T","R","?","T","M","M","R"],"character_chosen":"DEFECT","items_purchased":["Capacitor","Streamline"],"campfire_rested":2,"item_purchase_floors":[3,3],"current_hp_per_floor":[68,57,57,45,45,21,9,2,2,24,24,24,24,7,29,0],"gold":215,"neow_bonus":"","is_prod":false,"is_daily":false,"chose_seed":false,"campfire_upgraded":0,"win_rate":0,"timestamp":1531498508,"path_taken":["M","?","$","M","?","E","?","M","T","R","?","?","?","M","R","BOSS"],"build_version":"2018-07-12","purchased_purges":1,"victory":false,"max_hp_per_floor":[75,75,75,75,75,75,75,75,75,75,75,75,75,75,75,75],"card_choices":[{"not_picked":["Tempest","Fusion"],"picked":"Cold Snap","floor":1},{"not_picked":["Sweeping Beam","Gash"],"picked":"Defragment","floor":4},{"not_picked":["Darkness","Compile Driver"],"picked":"Fission","floor":6},{"not_picked":["Chaos","Barrage"],"picked":"Capacitor","floor":8},{"not_picked":["Sunder","Ball Lightning"],"picked":"Hologram","floor":13},{"not_picked":["Rebound","Steam Power","Scrape"],"picked":"SKIP","floor":14}],"player_experience":1071956,"relics_obtained":[{"floor":5,"key":"Happy Flower"},{"floor":6,"key":"Bottled Lightning"},{"floor":9,"key":"Lantern"},{"floor":12,"key":"Mercury Hourglass"}],"event_choices":[{"event_name":"World of Goop","player_choice":"Gather Gold","floor":2,"damage_taken":0},{"event_name":"Scrap Ooze","player_choice":"success","floor":7,"damage_taken":12},{"event_name":"Liars Game","player_choice":"disagreed","floor":11,"damage_taken":0}],"boss_relics":[],"items_purged_floors":[3],"is_endless":false,"potions_floor_spawned":[6],"killed_by":"The Guardian","ascension_level":11}