{"gold_per_floor":[119,119,119,138,138,138,161,161,185,185,226,240,259,37,37,168,168,191,235,197,197,20,60,60,60,60,60,74,74,74,149,149,269,269,287,307,307,331,352,391,415,748,773,785,797,809,547,564,564,564,564,564,197,232,232],"floor_reached":56,"playtime":2902,"items_purged":["Survivor"],"score":1266,"play_id":"186bbc38-3670-4a9b-b7f6-41877560a2b2","local_time":"20190131004537","is_ascension_mode":false,"campfire_choices":[{"data":"Dagger Spray","floor":6,"key":"SMITH"},{"data":"After Image","floor":8,"key":"SMITH"},{"data":"Die Die Die","floor":10,"key":"SMITH"},{"data":"Blade Dance","floor":15,"key":"SMITH"},{"data":"After Image","floor":24,"key":"SMITH"},{"data":"Backflip","floor":27,"key":"SMITH"},{"data":"Neutralize","floor":29,"key":"SMITH"},{"data":"Backflip","floor":32,"key":"SMITH"},{"floor":44,"key":"RECALL"},{"data":"Deflect","floor":46,"key":"SMITH"},{"data":"Skewer","floor":49,"key":"SMITH"},{"data":"Infinite Blades","floor":52,"key":"SMITH"}],"neow_cost":"NONE","seed_source_timestamp":676271978353874,"circlet_count":0,"master_deck":["Neutralize+1","Backflip+1","Die Die Die+1","Escape Plan","Deflect+1","Dagger Spray+1","Escape Plan","Infinite Blades+1","After Image+1","Skewer+1","Backflip+1","Blade Dance+1","Infinite Blades","After Image+1","Infinite Blades","Terror+1","Backstab+1","Blade Dance+1","Infinite Blades"],"relics":["Pandora\u0027s Box","Mercury Hourglass","Membership Card","WristBlade","Red Mask","Vajra","OrangePellets","Meat on the Bone","Mummified Hand","Busted Crown","Molten Egg 2","MawBank","Ornamental Fan","Lantern","Pear","Bag of Marbles","DollysMirror","Bag of Preparation"],"potions_floor_usage":[11,33,38,40,55,55,55],"damage_taken":[{"damage":0,"enemies":"Small Slimes","floor":1,"turns":1},{"damage":0,"enemies":"2 Louse","floor":4,"turns":2},{"damage":0,"enemies":"Jaw Worm","floor":7,"turns":3},{"damage":2,"enemies":"Gremlin Nob","floor":11,"turns":3},{"damage":0,"enemies":"Exordium Thugs","floor":12,"turns":3},{"damage":0,"enemies":"Exordium Wildlife","floor":13,"turns":1},{"damage":0,"enemies":"The Guardian","floor":16,"turns":9},{"damage":0,"enemies":"Shell Parasite","floor":18,"turns":4},{"damage":7,"enemies":"Masked Bandits","floor":19,"turns":3},{"damage":4,"enemies":"Gremlin Leader","floor":23,"turns":5},{"damage":0,"enemies":"Spheric Guardian","floor":28,"turns":2},{"damage":2,"enemies":"Automaton","floor":33,"turns":5},{"damage":0,"enemies":"3 Shapes","floor":35,"turns":3},{"damage":0,"enemies":"3 Darklings","floor":36,"turns":2},{"damage":0,"enemies":"Writhing Mass","floor":38,"turns":4},{"damage":0,"enemies":"4 Shapes","floor":39,"turns":2},{"damage":0,"enemies":"Nemesis","floor":40,"turns":7},{"damage":3,"enemies":"Maw","floor":41,"turns":4},{"damage":0,"enemies":"Transient","floor":48,"turns":5},{"damage":15,"enemies":"Donu and Deca","floor":50,"turns":7},{"damage":22,"enemies":"Shield and Spear","floor":54,"turns":5},{"damage":1,"enemies":"The Heart","floor":55,"turns":6}],"seed_played":"6735735932869410840","potions_obtained":[{"floor":1,"key":"Dexterity Potion"},{"floor":4,"key":"Poison Potion"},{"floor":13,"key":"Swift Potion"},{"floor":28,"key":"Strength Potion"},{"floor":33,"key":"SkillPotion"},{"floor":36,"key":"PowerPotion"},{"floor":38,"key":"Weak Potion"}],"is_trial":false,"path_per_floor":["M","?","?","M","?","R","M","R","T","R","E","M","M","$","R","B",null,"M","?","$","?","$","E","R","$","T","R","M","R","?","?","R","B",null,"M","M","?","M","M","E","M","?","T","R","?","R","$","M","R","B",null,"R","$","E","B",null],"character_chosen":"THE_SILENT","items_purchased":["Membership Card","Infinite Blades","Infinite Blades","Vajra","OrangePellets","Ornamental Fan","Lantern","Backstab+1","Strength Potion","Pear","Bag of Marbles","DollysMirror","Infinite Blades"],"campfire_rested":0,"item_purchase_floors":[14,14,20,22,22,47,47,47,53,53,53,53,53],"current_hp_per_floor":[70,53,53,53,53,53,53,53,53,53,51,51,51,51,51,51,70,70,63,63,63,63,59,59,59,59,59,59,59,70,63,63,61,70,70,70,70,70,70,70,67,67,67,67,60,60,60,60,60,45,70,70,80,58,57],"gold":232,"neow_bonus":"BOSS_RELIC","is_prod":false,"is_daily":false,"chose_seed":false,"campfire_upgraded":11,"win_rate":0,"timestamp":1548917137,"path_taken":["M","?","?","M","?","R","M","R","T","R","E","M","M","$","R","BOSS","M","?","$","?","$","E","R","?","T","R","?","R","?","?","R","BOSS","M","M","?","M","M","E","?","?","T","R","?","R","$","M","R","BOSS","R","$","E","BOSS"],"build_version":"2019-01-23","purchased_purges":1,"victory":true,"max_hp_per_floor":[70,70,70,70,70,70,70,70,70,70,70,70,70,70,70,70,70,70,70,70,70,70,70,70,70,70,70,70,70,70,70,70,70,70,70,70,70,70,70,70,70,70,70,70,70,70,70,70,70,70,70,70,80,80,80],"card_choices":[{"not_picked":["Underhanded Strike","Blade Dance","Endless Agony"],"picked":"SKIP","floor":1},{"not_picked":["Dagger Throw","Slice","Expertise"],"picked":"SKIP","floor":4},{"not_picked":["Bane","Dagger Spray"],"picked":"Backflip","floor":7},{"not_picked":["Poisoned Stab","Dodge and Roll"],"picked":"Blade Dance","floor":11},{"not_picked":["Unload","Noxious Fumes","Dagger Throw"],"picked":"SKIP","floor":12},{"not_picked":["PiercingWail","Dagger Throw","Skewer"],"picked":"SKIP","floor":13},{"not_picked":["Storm of Steel","Malaise"],"picked":"After Image","floor":16},{"not_picked":["Poisoned Stab","Dagger Spray","Flying Knee"],"picked":"SKIP","floor":18},{"not_picked":["Calculated Gamble+1","Distraction+1"],"picked":"Terror+1","floor":23},{"not_picked":["Bane","Die Die Die","Poisoned Stab"],"picked":"SKIP","floor":28},{"not_picked":["Bane+1"],"picked":"SKIP","floor":35},{"not_picked":["Underhanded Strike"],"picked":"SKIP","floor":36},{"not_picked":["Underhanded Strike+1"],"picked":"SKIP","floor":38},{"not_picked":["Flechettes+1"],"picked":"SKIP","floor":39},{"not_picked":["Sucker Punch+1"],"picked":"SKIP","floor":40},{"not_picked":["Acrobatics"],"picked":"SKIP","floor":41},{"not_picked":["Poisoned Stab+1"],"picked":"SKIP","floor":48},{"not_picked":["Underhanded Strike+1"],"picked":"SKIP","floor":54}],"player_experience":785191,"relics_obtained":[{"floor":11,"key":"Mercury Hourglass"},{"floor":19,"key":"Red Mask"},{"floor":23,"key":"Meat on the Bone"},{"floor":26,"key":"Mummified Hand"},{"floor":40,"key":"Molten Egg 2"},{"floor":43,"key":"MawBank"},{"floor":54,"key":"Bag of Preparation"}],"event_choices":[{"damage_healed":0,"gold_gain":0,"player_choice":"Take Damage","damage_taken":17,"relics_obtained":["Golden Idol"],"max_hp_gain":0,"max_hp_loss":0,"event_name":"Golden Idol","floor":2,"gold_loss":0},{"damage_healed":0,"gold_gain":0,"player_choice":"Leave","damage_taken":0,"max_hp_gain":0,"max_hp_loss":0,"event_name":"The Cleric","floor":3,"gold_loss":0},{"damage_healed":0,"gold_gain":0,"player_choice":"Ignored","damage_taken":0,"max_hp_gain":0,"max_hp_loss":0,"event_name":"Liars Game","floor":5,"gold_loss":0},{"damage_healed":0,"gold_gain":0,"player_choice":"Fought Bandits","damage_taken":0,"max_hp_gain":0,"max_hp_loss":0,"event_name":"Masked Bandits","floor":19,"gold_loss":0},{"damage_healed":0,"gold_gain":0,"player_choice":"Ignored","damage_taken":0,"max_hp_gain":0,"max_hp_loss":0,"event_name":"Ghosts","floor":21,"gold_loss":0},{"damage_healed":23,"gold_gain":0,"player_choice":"Heal","damage_taken":0,"max_hp_gain":0,"max_hp_loss":0,"event_name":"The Library","floor":30,"gold_loss":0},{"damage_healed":0,"gold_gain":75,"player_choice":"Touch","damage_taken":7,"max_hp_gain":0,"max_hp_loss":0,"event_name":"FaceTrader","floor":31,"gold_loss":0},{"cards_removed":["Dagger Throw"],"damage_healed":0,"gold_gain":0,"player_choice":"Purged","damage_taken":0,"max_hp_gain":0,"max_hp_loss":0,"event_name":"Purifier","floor":37,"gold_loss":0},{"damage_healed":0,"gold_gain":333,"player_choice":"Gave Idol","damage_taken":0,"max_hp_gain":0,"max_hp_loss":0,"event_name":"The Moai Head","floor":42,"relics_lost":["Golden Idol"],"gold_loss":0},{"damage_healed":0,"gold_gain":0,"player_choice":"Damaged","damage_taken":7,"max_hp_gain":0,"max_hp_loss":0,"event_name":"Wheel of Change","floor":45,"gold_loss":0}],"is_beta":true,"boss_relics":[{"not_picked":["Astrolabe","Coffee Dripper"],"picked":"WristBlade"},{"not_picked":["Runic Dome","Runic Pyramid"],"picked":"Busted Crown"}],"items_purged_floors":[47],"is_endless":false,"potions_floor_spawned":[1,4,13,28,33,36,38],"ascension_level":0}