{"path_per_floor":["M","?","?","?","$","E","R","M","T","M","M","$","M","M","R","B",null,"M","M"],"character_chosen":"IRONCLAD","items_purchased":["Vajra"],"gold_per_floor":[118,118,118,193,43,74,74,90,90,104,119,44,54,65,65,165,165,182,193,193],"floor_reached":20,"campfire_rested":0,"playtime":999,"item_purchase_floors":[5],"current_hp_per_floor":[80,80,80,69,69,75,75,80,80,80,80,80,78,78,78,43,80,50,34,0],"items_purged":["Strike_R"],"gold":193,"score":231,"play_id":"e57763af-f564-4a6c-8080-d0b9af25c0b7","local_time":"20180610155252","is_prod":false,"is_daily":false,"chose_seed":false,"is_ascension_mode":true,"campfire_upgraded":2,"win_rate":0,"timestamp":1528660372,"campfire_choices":[{"data":"Bash","floor":7,"key":"SMITH"},{"data":"Flex","floor":15,"key":"SMITH"}],"path_taken":["M","?","?","?","?","E","R","M","T","M","M","$","?","M","R","BOSS","M","?","M"],"build_version":"2018-06-07v3","seed_source_timestamp":333722906021767,"purchased_purges":1,"victory":false,"master_deck":["Strike_R","Strike_R","Strike_R","Strike_R","Defend_R","Defend_R","Defend_R","Bash+1","Flex+1","Clothesline","Power Through","Heavy Blade","Bloodletting","Blood for Blood","Rage","Shrug It Off","Limit Break","Flex","Feel No Pain"],"max_hp_per_floor":[80,80,80,80,80,80,80,80,80,80,80,80,80,80,80,80,80,80,80,80],"relics":["Burning Blood","NeowsBlessing","Ancient Tea Set","Vajra","Potion Belt","Matryoshka","Sozu"],"card_choices":[{"not_picked":["Pummel","Pommel Strike"],"picked":"Flex","floor":1},{"not_picked":["True Grit","Hemokinesis"],"picked":"Power Through","floor":6},{"not_picked":["Spot Weakness","Anger"],"picked":"Heavy Blade","floor":8},{"not_picked":["Dropkick","Perfected Strike"],"picked":"Bloodletting","floor":10},{"not_picked":["Carnage","Disarm"],"picked":"Blood for Blood","floor":11},{"not_picked":["Warcry","Fire Breathing"],"picked":"Rage","floor":13},{"not_picked":["Clothesline","Flame Barrier"],"picked":"Shrug It Off","floor":14},{"not_picked":["Barricade","Reaper"],"picked":"Limit Break","floor":16},{"not_picked":["Fire Breathing+1","Body Slam"],"picked":"Flex","floor":18},{"not_picked":["Burning Pact+1","Entrench+1"],"picked":"Feel No Pain","floor":19}],"player_experience":457659,"potions_floor_usage":[14,16],"damage_taken":[{"damage":0,"enemies":"Jaw Worm","floor":1,"turns":1},{"damage":0,"enemies":"Gremlin Nob","floor":6,"turns":1},{"damage":0,"enemies":"Cultist","floor":8,"turns":1},{"damage":5,"enemies":"Small Slimes","floor":10,"turns":2},{"damage":0,"enemies":"Red Slaver","floor":11,"turns":4},{"damage":8,"enemies":"Exordium Wildlife","floor":13,"turns":4},{"damage":6,"enemies":"Gremlin Gang","floor":14,"turns":4},{"damage":41,"enemies":"Hexaghost","floor":16,"turns":9},{"damage":36,"enemies":"3 Byrds","floor":18,"turns":7},{"damage":22,"enemies":"Shell Parasite","floor":19,"turns":7},{"damage":39,"enemies":"Sentry and Sphere","floor":20,"turns":4}],"relics_obtained":[{"floor":6,"key":"Potion Belt"},{"floor":9,"key":"Matryoshka"}],"event_choices":[{"event_name":"Wheel of Change","player_choice":"Relic","floor":2,"damage_taken":0},{"event_name":"Living Wall","player_choice":"Change","floor":3,"damage_taken":0},{"event_name":"World of Goop","player_choice":"Gather Gold","floor":4,"damage_taken":0}],"boss_relics":[{"not_picked":["Velvet Choker","Snecko Eye"],"picked":"Sozu"}],"items_purged_floors":[12],"potions_floor_spawned":[8,13,14,18],"seed_played":"6674599838007454910","killed_by":"Sentry and Sphere","ascension_level":3,"potions_obtained":[{"floor":8,"key":"SpeedPotion"},{"floor":13,"key":"Explosive Potion"},{"floor":14,"key":"AttackPotion"}],"is_trial":false}