{"gold_per_floor":[112,124,137,137,152,152,172,200,227,262,262,279,279,291,291,394,394,410,390,390,390,407,407,435,435],"floor_reached":25,"playtime":1288,"items_purged":[],"score":235,"play_id":"21a418b2-5799-4a12-beef-91fcd5232f7a","local_time":"20181211182605","is_ascension_mode":false,"campfire_choices":[{"data":"Neutralize","floor":6,"key":"SMITH"},{"floor":11,"key":"REST"},{"floor":13,"key":"RECALL"},{"floor":15,"key":"REST"},{"floor":23,"key":"REST"}],"neow_cost":"NONE","seed_source_timestamp":264750226450116,"circlet_count":0,"master_deck":["Defend_G","Defend_G","Defend_G","Defend_G","Defend_G","Strike_G","Strike_G","Strike_G","Survivor","Neutralize+1","Terror","Footwork","Cloak And Dagger","Deadly Poison","Backflip","Backstab","Backflip","Noxious Fumes","Doppelganger","Blade Dance","Dagger Throw","Poisoned Stab","Infinite Blades+1"],"relics":["Ring of the Snake","NeowsBlessing","Calipers","Blood Vial","Strawberry","Empty Cage","Orichalcum"],"potions_floor_usage":[5,8,10,10,12,22],"damage_taken":[{"damage":0,"enemies":"Cultist","floor":1,"turns":1},{"damage":0,"enemies":"2 Louse","floor":2,"turns":2},{"damage":0,"enemies":"Small Slimes","floor":3,"turns":1},{"damage":13,"enemies":"Gremlin Gang","floor":5,"turns":4},{"damage":1,"enemies":"Blue Slaver","floor":7,"turns":3},{"damage":11,"enemies":"3 Sentries","floor":8,"turns":12},{"damage":20,"enemies":"Gremlin Nob","floor":10,"turns":4},{"damage":7,"enemies":"Looter","floor":12,"turns":3},{"damage":7,"enemies":"Exordium Wildlife","floor":14,"turns":5},{"damage":33,"enemies":"Slime Boss","floor":16,"turns":12},{"damage":0,"enemies":"Shell Parasite","floor":18,"turns":6},{"damage":38,"enemies":"2 Thieves","floor":19,"turns":4},{"damage":36,"enemies":"Centurion and Healer","floor":22,"turns":8},{"damage":56,"enemies":"Gremlin Leader","floor":24,"turns":7},{"damage":23,"enemies":"Sentry and Sphere","floor":25,"turns":5}],"seed_played":"-6458818436977525475","potions_obtained":[{"floor":2,"key":"AttackPotion"},{"floor":3,"key":"GamblersBrew"},{"floor":7,"key":"Poison Potion"},{"floor":8,"key":"FearPotion"},{"floor":10,"key":"Weak Potion"},{"floor":18,"key":"Regen Potion"},{"floor":19,"key":"Swift Potion"}],"is_trial":false,"path_per_floor":["M","M","M","?","M","R","M","E","T","E","R","M","R","M","R","B",null,"M","M","?","?","M","R","E","M"],"character_chosen":"THE_SILENT","items_purchased":[],"campfire_rested":3,"item_purchase_floors":[],"current_hp_per_floor":[70,70,70,70,57,57,56,45,45,34,57,52,52,47,70,39,77,77,39,64,77,56,77,21,0],"gold":435,"neow_bonus":"THREE_ENEMY_KILL","is_prod":false,"is_daily":false,"chose_seed":false,"campfire_upgraded":1,"win_rate":0,"timestamp":1544570765,"path_taken":["M","M","?","?","M","R","M","E","T","E","R","?","R","?","R","BOSS","M","M","?","?","M","R","E","M"],"build_version":"2018-12-06","purchased_purges":0,"victory":false,"max_hp_per_floor":[70,70,70,70,70,70,70,70,70,77,77,77,77,77,77,77,77,77,77,77,77,77,77,77,77],"card_choices":[{"not_picked":["Dagger Throw","Finisher"],"picked":"Terror","floor":1},{"not_picked":["Blur","Accuracy"],"picked":"Footwork","floor":2},{"not_picked":["Flying Knee","Backflip"],"picked":"Cloak And Dagger","floor":3},{"not_picked":["Calculated Gamble","Eviscerate"],"picked":"Deadly Poison","floor":5},{"not_picked":["Underhanded Strike","Prepared"],"picked":"Backflip","floor":7},{"not_picked":["Grand Finale","Concentrate","Tactician"],"picked":"SKIP","floor":8},{"not_picked":["Dodge and Roll","Acrobatics"],"picked":"Backstab","floor":10},{"not_picked":["Deflect","Accuracy"],"picked":"Backflip","floor":12},{"not_picked":["Terror","Endless Agony"],"picked":"Noxious Fumes","floor":14},{"not_picked":["Bullet Time","Wraith Form v2"],"picked":"Doppelganger","floor":16},{"not_picked":["Choke","Slice"],"picked":"Blade Dance","floor":18},{"not_picked":["Calculated Gamble+1","Prepared"],"picked":"Dagger Throw","floor":19},{"not_picked":["Bane","Flying Knee+1"],"picked":"Poisoned Stab","floor":22},{"not_picked":["Blade Dance","Expertise"],"picked":"Infinite Blades+1","floor":24}],"player_experience":1859104,"relics_obtained":[{"floor":8,"key":"Calipers"},{"floor":9,"key":"Blood Vial"},{"floor":10,"key":"Strawberry"},{"floor":24,"key":"Orichalcum"}],"event_choices":[{"damage_healed":0,"gold_gain":0,"player_choice":"Ignored","damage_taken":0,"max_hp_gain":0,"max_hp_loss":0,"event_name":"NoteForYourself","floor":4,"gold_loss":0},{"damage_healed":25,"gold_gain":0,"player_choice":"Heal","damage_taken":0,"max_hp_gain":0,"max_hp_loss":0,"event_name":"The Library","floor":20,"gold_loss":0},{"damage_healed":13,"gold_gain":0,"player_choice":"Full Heal","damage_taken":0,"max_hp_gain":0,"max_hp_loss":0,"event_name":"Wheel of Change","floor":21,"gold_loss":0}],"is_beta":false,"boss_relics":[{"not_picked":["WristBlade","Snecko Eye"],"picked":"Empty Cage"}],"items_purged_floors":[],"is_endless":false,"potions_floor_spawned":[2,3,7,8,10,18,19],"killed_by":"Sentry and Sphere","ascension_level":0}