{"gold_per_floor":[115,28,47,47,47,78,78,95,95,20,37,37,53,70,70,165,165,176,190,222,69,69,69,79,79,135,150,160,172,172,185,185,185],"floor_reached":33,"playtime":1442,"items_purged":["Defend_G"],"score":276,"play_id":"5ddb3e6a-6be4-4991-998c-346bcc913623","local_time":"20181215160444","is_ascension_mode":false,"campfire_choices":[{"data":"Dagger Spray","floor":7,"key":"SMITH"},{"data":"Trip","floor":15,"key":"SMITH"},{"data":"Choke","floor":23,"key":"SMITH"},{"floor":25,"key":"REST"},{"data":"Storm of Steel","floor":32,"key":"SMITH"}],"neow_cost":"NONE","seed_source_timestamp":1435108345177520,"circlet_count":0,"master_deck":["Defend_G","Defend_G","Defend_G","Defend_G","Strike_G","Strike_G","Strike_G","Strike_G","Survivor","Neutralize","Blade Dance","Trip+1","Dagger Spray+1","Underhanded Strike","Blur","Cloak And Dagger","Choke+1","Distraction","Burst","Terror","Finisher+1","Crippling Poison+1","Cloak And Dagger+1","Storm of Steel+1","Dagger Spray+1"],"relics":["Ring of the Snake","NeowsBlessing","Pen Nib","Question Card","Bag of Marbles","Sozu","Red Mask","Lantern","Tiny Chest"],"potions_floor_usage":[16,33],"damage_taken":[{"damage":0,"enemies":"Small Slimes","floor":1,"turns":1},{"damage":0,"enemies":"Cultist","floor":3,"turns":1},{"damage":0,"enemies":"3 Sentries","floor":6,"turns":1},{"damage":0,"enemies":"Jaw Worm","floor":8,"turns":3},{"damage":1,"enemies":"Exordium Thugs","floor":11,"turns":3},{"damage":0,"enemies":"Blue Slaver","floor":13,"turns":2},{"damage":4,"enemies":"Looter","floor":14,"turns":3},{"damage":27,"enemies":"Slime Boss","floor":16,"turns":12},{"damage":7,"enemies":"2 Thieves","floor":18,"turns":2},{"damage":0,"enemies":"Spheric Guardian","floor":19,"turns":5},{"damage":24,"enemies":"Masked Bandits","floor":20,"turns":5},{"damage":0,"enemies":"Colosseum Slavers","floor":22,"turns":3},{"damage":0,"enemies":"Snecko","floor":24,"turns":1},{"damage":1,"enemies":"Snake Plant","floor":27,"turns":3},{"damage":0,"enemies":"Centurion and Healer","floor":28,"turns":4},{"damage":0,"enemies":"3 Cultists","floor":29,"turns":3},{"damage":6,"enemies":"Chosen and Byrds","floor":31,"turns":4},{"damage":63,"enemies":"Champ","floor":33,"turns":10}],"seed_played":"4158129002795798140","potions_obtained":[{"floor":1,"key":"SpeedPotion"},{"floor":8,"key":"LiquidBronze"},{"floor":11,"key":"FearPotion"},{"floor":16,"key":"Energy Potion"}],"is_trial":false,"path_per_floor":["M","$","M","?","$","E","R","M","T","$","M","T","M","M","R","B",null,"M","M","?","$","?","R","M","R","T","M","M","M","?","M","R","B"],"character_chosen":"THE_SILENT","items_purchased":["Trip","Lantern"],"campfire_rested":1,"item_purchase_floors":[2,21],"current_hp_per_floor":[70,70,70,70,70,70,70,70,70,70,69,69,69,65,65,38,70,63,63,39,39,39,39,39,60,60,59,59,59,59,53,53,0],"gold":185,"neow_bonus":"THREE_ENEMY_KILL","is_prod":false,"is_daily":false,"chose_seed":false,"campfire_upgraded":4,"win_rate":0,"timestamp":1544857484,"path_taken":["M","$","M","?","$","E","R","M","T","?","M","?","?","M","R","BOSS","M","M","?","$","?","R","?","R","T","M","M","M","?","M","R","BOSS"],"build_version":"2018-12-13","purchased_purges":1,"victory":false,"max_hp_per_floor":[70,70,70,70,70,70,70,70,70,70,70,70,70,70,70,70,70,70,70,70,70,70,70,70,70,70,70,70,70,70,70,70,70],"card_choices":[{"not_picked":["Endless Agony","Outmaneuver"],"picked":"Blade Dance","floor":1},{"not_picked":["Endless Agony","Backflip"],"picked":"Dagger Spray","floor":3},{"not_picked":["Acrobatics","Deflect"],"picked":"Underhanded Strike","floor":6},{"not_picked":["Underhanded Strike","Deflect"],"picked":"Blur","floor":8},{"not_picked":["Acrobatics","Outmaneuver","Masterful Stab"],"picked":"Cloak And Dagger","floor":11},{"not_picked":["Outmaneuver","Underhanded Strike","Acrobatics"],"picked":"Choke","floor":13},{"not_picked":["Acrobatics","Tactician","Setup"],"picked":"Distraction","floor":14},{"not_picked":["Envenom","Glass Knife","Bullet Time"],"picked":"Burst","floor":16},{"not_picked":["Deadly Poison","Flying Knee+1","Catalyst"],"picked":"Terror","floor":18},{"not_picked":["Caltrops","Underhanded Strike","Blur+1"],"picked":"Finisher+1","floor":19},{"not_picked":["Acrobatics","Dodge and Roll+1","Noxious Fumes"],"picked":"Crippling Poison+1","floor":20},{"not_picked":["Calculated Gamble+1","Prepared+1","Tactician","Sucker Punch"],"picked":"SKIP","floor":24},{"not_picked":["Finisher","Deflect","PiercingWail"],"picked":"Cloak And Dagger+1","floor":27},{"not_picked":["Poisoned Stab+1","Choke+1","Masterful Stab"],"picked":"Storm of Steel","floor":28},{"not_picked":["Bouncing Flask","Expertise","Sucker Punch","Deadly Poison+1"],"picked":"SKIP","floor":29},{"not_picked":["Dagger Throw","Acrobatics+1","Deadly Poison"],"picked":"Dagger Spray+1","floor":31}],"player_experience":209390,"relics_obtained":[{"floor":6,"key":"Pen Nib"},{"floor":9,"key":"Question Card"},{"floor":12,"key":"Bag of Marbles"},{"floor":20,"key":"Red Mask"},{"floor":26,"key":"Tiny Chest"}],"event_choices":[{"cards_removed":["Strike_G"],"damage_healed":0,"gold_gain":0,"player_choice":"Card Removal","damage_taken":0,"max_hp_gain":0,"max_hp_loss":0,"event_name":"Wheel of Change","floor":4,"gold_loss":0},{"damage_healed":0,"gold_gain":0,"player_choice":"Fought Bandits","damage_taken":0,"max_hp_gain":0,"max_hp_loss":0,"event_name":"Masked Bandits","floor":20,"gold_loss":0},{"damage_healed":0,"gold_gain":0,"player_choice":"Fight","damage_taken":0,"max_hp_gain":0,"max_hp_loss":0,"event_name":"Colosseum","floor":22,"gold_loss":0},{"damage_healed":0,"gold_gain":0,"player_choice":"Fled From Nobs","damage_taken":0,"max_hp_gain":0,"max_hp_loss":0,"event_name":"Colosseum","floor":22,"gold_loss":0},{"damage_healed":0,"gold_gain":0,"player_choice":"Ignored","damage_taken":0,"max_hp_gain":0,"max_hp_loss":0,"event_name":"Ghosts","floor":30,"gold_loss":0}],"is_beta":false,"boss_relics":[{"not_picked":["Empty Cage","Philosopher\u0027s Stone"],"picked":"Sozu"}],"items_purged_floors":[10],"is_endless":false,"potions_floor_spawned":[1,8,11,16,20,24,27],"killed_by":"Champ","ascension_level":0}