{"gold_per_floor":[112,130,144,144,24,50,50,50,50,84,84,125,145,158,158,281,281,306,350,265,265],"floor_reached":21,"playtime":853,"items_purged":[],"score":227,"play_id":"266716e4-6e9f-44f5-aa24-603a7838c61e","local_time":"20181029152317","is_ascension_mode":true,"campfire_choices":[{"floor":7,"key":"REST"},{"floor":11,"key":"REST"},{"data":"Storm of Steel","floor":15,"key":"SMITH"}],"neow_cost":"NONE","seed_source_timestamp":778028171296210,"circlet_count":0,"master_deck":["Defend_G","Defend_G","Defend_G","Defend_G","Defend_G+1","Strike_G","Strike_G","Strike_G","Strike_G","Strike_G","Survivor","Neutralize+1","Cloak And Dagger","All Out Attack","Deadly Poison","Well Laid Plans","Backflip","Injury","Dagger Spray","Bane","Storm of Steel+1","Blade Dance","Wraith Form v2","Dagger Throw"],"relics":["Ring of the Snake","NeowsBlessing","Dodecahedron","Golden Idol","Orichalcum","Blood Vial","Matryoshka","Busted Crown","Red Mask","Molten Egg 2"],"potions_floor_usage":[6,6,12,14],"damage_taken":[{"damage":0,"enemies":"Cultist","floor":1,"turns":1},{"damage":0,"enemies":"2 Louse","floor":2,"turns":1},{"damage":0,"enemies":"Jaw Worm","floor":3,"turns":1},{"damage":11,"enemies":"Lagavulin","floor":6,"turns":7},{"damage":23,"enemies":"Gremlin Nob","floor":10,"turns":6},{"damage":12,"enemies":"3 Sentries","floor":12,"turns":5},{"damage":0,"enemies":"Large Slime","floor":13,"turns":4},{"damage":1,"enemies":"Exordium Wildlife","floor":14,"turns":4},{"damage":28,"enemies":"The Guardian","floor":16,"turns":14},{"damage":0,"enemies":"3 Byrds","floor":18,"turns":3},{"damage":54,"enemies":"Masked Bandits","floor":19,"turns":5},{"damage":24,"enemies":"Spheric Guardian","floor":21,"turns":4}],"seed_played":"-1028851172024130602","potions_obtained":[{"floor":2,"key":"SkillPotion"},{"floor":3,"key":"GhostInAJar"},{"floor":6,"key":"SpeedPotion"},{"floor":13,"key":"EssenceOfSteel"}],"is_trial":false,"path_per_floor":["M","M","M","?","$","E","R","?","T","E","R","E","M","M","R","B",null,"M","?","?"],"character_chosen":"THE_SILENT","items_purchased":["Well Laid Plans","Backflip"],"campfire_rested":2,"item_purchase_floors":[5,5],"current_hp_per_floor":[70,70,70,56,56,45,66,66,66,43,64,54,56,57,57,31,70,70,16,16,0],"gold":265,"neow_bonus":"THREE_ENEMY_KILL","is_prod":false,"is_daily":false,"chose_seed":false,"campfire_upgraded":1,"win_rate":0,"timestamp":1540844597,"path_taken":["M","?","M","?","$","E","R","?","T","E","R","E","M","M","R","BOSS","M","?","?","M"],"build_version":"2018-10-29","purchased_purges":0,"victory":false,"max_hp_per_floor":[70,70,70,70,70,70,70,70,70,70,70,70,70,70,70,70,70,70,70,70,70],"card_choices":[{"not_picked":["Bane","Leg Sweep"],"picked":"Cloak And Dagger","floor":1},{"not_picked":["Deflect","Deadly Poison"],"picked":"All Out Attack","floor":2},{"not_picked":["Bullet Time","Reflex"],"picked":"Deadly Poison","floor":3},{"not_picked":["Wraith Form v2","Underhanded Strike","Slice"],"picked":"SKIP","floor":6},{"not_picked":["Blade Dance","Riddle With Holes"],"picked":"Dagger Spray","floor":10},{"not_picked":["Endless Agony","Prepared"],"picked":"Bane","floor":12},{"not_picked":["Acrobatics","Expertise"],"picked":"Storm of Steel","floor":13},{"not_picked":["Heel Hook","Underhanded Strike"],"picked":"Blade Dance","floor":14},{"not_picked":["Grand Finale","Burst"],"picked":"Wraith Form v2","floor":16},{"not_picked":["Endless Agony"],"picked":"SKIP","floor":18},{"not_picked":[],"picked":"Dagger Throw","floor":19}],"player_experience":484572,"relics_obtained":[{"floor":6,"key":"Dodecahedron"},{"floor":9,"key":"Orichalcum"},{"floor":10,"key":"Blood Vial"},{"floor":12,"key":"Matryoshka"},{"floor":19,"key":"Red Mask"}],"event_choices":[{"damage_healed":0,"gold_gain":0,"player_choice":"Entered Light","damage_taken":14,"max_hp_gain":0,"max_hp_loss":0,"event_name":"Shining Light","floor":4,"gold_loss":0,"cards_upgraded":["Defend_G","Neutralize"]},{"damage_healed":0,"gold_gain":0,"player_choice":"Take Wound","damage_taken":0,"relics_obtained":["Golden Idol"],"max_hp_gain":0,"max_hp_loss":0,"event_name":"Golden Idol","floor":8,"gold_loss":0,"cards_obtained":["Injury"]},{"damage_healed":0,"gold_gain":0,"player_choice":"Fought Bandits","damage_taken":0,"max_hp_gain":0,"max_hp_loss":0,"event_name":"Masked Bandits","floor":19,"gold_loss":0},{"damage_healed":0,"gold_gain":0,"player_choice":"Obtained Relic","damage_taken":0,"relics_obtained":["Molten Egg 2"],"max_hp_gain":0,"max_hp_loss":0,"event_name":"Addict","floor":20,"gold_loss":85}],"is_beta":true,"boss_relics":[{"not_picked":["Runic Pyramid","White Beast Statue"],"picked":"Busted Crown"}],"items_purged_floors":[],"is_endless":false,"potions_floor_spawned":[2,3,6,13],"killed_by":"Spheric Guardian","ascension_level":3}