{"path_per_floor":["M","M","?","?","M","E","R","$","T","E","R","?","T","M","R","B",null,"M","M","?","?","$","R","E","R","T","R","?","M","M","M","R","B",null,"M","$","T","?","M","R","M","M","T","M","?","R","$","?","R","B"],"character_chosen":"IRONCLAD","items_purchased":["Shrug It Off","Apotheosis","Orichalcum","Pen Nib","Inflame"],"gold_per_floor":[117,129,129,129,145,188,188,89,167,202,202,152,152,168,168,299,299,323,341,341,341,15,15,58,58,58,58,58,77,102,118,118,248,248,264,72,72,72,88,88,104,129,129,149,0,0,0,0,0,0],"floor_reached":51,"campfire_rested":5,"playtime":4889,"item_purchase_floors":[8,22,22,36,36],"current_hp_per_floor":[80,80,60,80,75,31,55,55,55,44,68,68,68,73,73,39,80,67,73,73,57,57,80,61,61,61,80,80,80,80,80,80,54,80,80,80,80,70,71,71,80,64,64,70,70,80,80,80,80,68],"items_purged":["Strike_R"],"gold":0,"score":673,"play_id":"7f4eb501-8675-4df3-988c-7ff6d96a3dfb","local_time":"20180604193031","is_prod":false,"is_daily":false,"chose_seed":false,"is_ascension_mode":false,"campfire_upgraded":5,"win_rate":0,"timestamp":1528155031,"campfire_choices":[{"floor":7,"key":"REST"},{"floor":11,"key":"REST"},{"data":"Inflame","floor":15,"key":"SMITH"},{"floor":23,"key":"REST"},{"data":"Apotheosis","floor":25,"key":"SMITH"},{"floor":27,"key":"REST"},{"data":"Pommel Strike","floor":32,"key":"SMITH"},{"data":"Fiend Fire","floor":40,"key":"SMITH"},{"floor":46,"key":"REST"},{"data":"Immolate","floor":49,"key":"SMITH"}],"path_taken":["M","M","?","?","M","E","R","$","T","E","R","?","?","M","R","BOSS","M","M","?","?","$","R","E","R","T","R","?","M","M","M","R","BOSS","M","$","?","?","M","R","M","M","T","?","?","R","?","?","R","BOSS"],"build_version":"2018-05-31","seed_source_timestamp":346199293218174,"purchased_purges":1,"victory":true,"master_deck":["Bash","Combust+1","Inflame+1","Sword Boomerang","Thunderclap","Shrug It Off","Shrug It Off","Cleave","Rampage","Thunderclap","Immolate+1","Disarm","Cleave","Armaments","Anger","Armaments","Pommel Strike+1","Cleave","Metallicize","Apotheosis+1","Rage+1","Clash","Cleave+1","Fiend Fire+1","Rampage+1","Warcry","Double Tap","Inflame","Madness","Madness","Inflame+1","Seeing Red+1","Warcry+1"],"max_hp_per_floor":[80,80,80,80,80,80,80,80,80,80,80,80,80,80,80,80,80,80,80,80,80,80,80,80,80,80,80,80,80,80,80,80,80,80,80,80,80,80,80,80,80,80,80,80,80,80,80,80,80,80],"relics":["Burning Blood","Golden Idol","Dream Catcher","Mummified Hand","Bag of Marbles","Dead Branch","Pandora\u0027s Box","Nilry\u0027s Codex","Orichalcum","Bottled Flame","Toolbox","Lizard Tail","Pen Nib","Kunai","Bag of Preparation","Red Mask"],"card_choices":[{"not_picked":["Seeing Red","Bloodletting"],"picked":"Inflame","floor":1},{"not_picked":["Body Slam","Sever Soul"],"picked":"Sword Boomerang","floor":2},{"not_picked":["Feel No Pain","Perfected Strike"],"picked":"Thunderclap","floor":5},{"not_picked":["Iron Wave","Clash"],"picked":"Perfected Strike","floor":6},{"not_picked":["Pummel","Cleave"],"picked":"Shrug It Off","floor":7},{"not_picked":["Dual Wield","Entrench"],"picked":"Cleave","floor":10},{"not_picked":["Body Slam","Twin Strike"],"picked":"Rampage","floor":11},{"not_picked":["Warcry","Bloodletting"],"picked":"Thunderclap","floor":14},{"not_picked":["Double Tap","Exhume"],"picked":"Immolate","floor":16},{"not_picked":["Evolve","Headbutt"],"picked":"Cleave","floor":18},{"not_picked":["Perfected Strike","Anger"],"picked":"Metallicize","floor":19},{"not_picked":["Havoc","True Grit+1"],"picked":"Rage+1","floor":23},{"not_picked":["Corruption+1","Heavy Blade"],"picked":"Clash","floor":24},{"not_picked":["Armaments","True Grit"],"picked":"Cleave+1","floor":27},{"not_picked":["Blood for Blood","Clash+1"],"picked":"Rampage+1","floor":29},{"not_picked":["Exhume","Intimidate+1"],"picked":"Warcry","floor":30},{"not_picked":["Twin Strike","Clash+1","Anger"],"picked":"SKIP","floor":31},{"not_picked":["Offering","Barricade"],"picked":"Double Tap","floor":33},{"not_picked":["Pommel Strike","Shrug It Off","Entrench+1"],"picked":"SKIP","floor":35},{"not_picked":["Clash+1","Armaments+1","Cleave"],"picked":"SKIP","floor":39},{"not_picked":["Sword Boomerang+1","Anger+1"],"picked":"Inflame+1","floor":41},{"not_picked":["Corruption","Body Slam"],"picked":"Seeing Red+1","floor":42},{"not_picked":["Reckless Charge+1","Pommel Strike"],"picked":"Warcry+1","floor":44}],"player_experience":345773,"potions_floor_usage":[16,16,16,24,33,42],"damage_taken":[{"damage":3,"enemies":"Jaw Worm","floor":1,"turns":3},{"damage":4,"enemies":"Small Slimes","floor":2,"turns":3},{"damage":11,"enemies":"2 Louse","floor":5,"turns":3},{"damage":50,"enemies":"Lagavulin","floor":6,"turns":7},{"damage":17,"enemies":"Gremlin Nob","floor":10,"turns":3},{"damage":1,"enemies":"Large Slime","floor":14,"turns":4},{"damage":40,"enemies":"Hexaghost","floor":16,"turns":8},{"damage":19,"enemies":"Shell Parasite","floor":18,"turns":4},{"damage":0,"enemies":"3 Byrds","floor":19,"turns":2},{"damage":25,"enemies":"Slavers","floor":24,"turns":5},{"damage":0,"enemies":"Cultist and Chosen","floor":29,"turns":2},{"damage":0,"enemies":"Snecko","floor":30,"turns":2},{"damage":2,"enemies":"Centurion and Healer","floor":31,"turns":3},{"damage":32,"enemies":"Champ","floor":33,"turns":8},{"damage":0,"enemies":"3 Shapes","floor":35,"turns":1},{"damage":5,"enemies":"3 Darklings","floor":39,"turns":4},{"damage":0,"enemies":"4 Shapes","floor":41,"turns":1},{"damage":22,"enemies":"Maw","floor":42,"turns":6},{"damage":0,"enemies":"3 Darklings","floor":44,"turns":2},{"damage":18,"enemies":"Donu and Deca","floor":50,"turns":5}],"relics_obtained":[{"floor":6,"key":"Dream Catcher"},{"floor":9,"key":"Mummified Hand"},{"floor":10,"key":"Bag of Marbles"},{"floor":13,"key":"Dead Branch"},{"floor":21,"key":"Nilry\u0027s Codex"},{"floor":24,"key":"Bottled Flame"},{"floor":26,"key":"Toolbox"},{"floor":37,"key":"Kunai"},{"floor":43,"key":"Bag of Preparation"}],"event_choices":[{"event_name":"Golden Idol","player_choice":"Take Damage","floor":3,"damage_taken":0},{"event_name":"Big Fish","player_choice":"Banana","floor":4,"damage_taken":0},{"event_name":"The Cleric","player_choice":"Card Removal","floor":12,"damage_taken":0},{"event_name":"Upgrade Shrine","player_choice":"Upgraded","floor":20,"damage_taken":0},{"event_name":"Cursed Tome","player_choice":"Obtained Book","floor":21,"damage_taken":0},{"event_name":"Transmorgrifier","player_choice":"Transform","floor":28,"damage_taken":0},{"event_name":"Winding Halls","player_choice":"Embrace Madness","floor":38,"damage_taken":0},{"event_name":"Tomb of Lord Red Mask","player_choice":"Paid","floor":45,"damage_taken":0},{"event_name":"Mysterious Sphere","player_choice":"Ignore","floor":48,"damage_taken":0}],"boss_relics":[{"not_picked":["Calling Bell","Eternal Feather"],"picked":"Pandora\u0027s Box"},{"not_picked":["Velvet Choker","Black Blood"],"picked":"Lizard Tail"}],"items_purged_floors":[8],"potions_floor_spawned":[1,6,10,19,30,31,33,41,44],"seed_played":"-6387616440604149930","ascension_level":0,"potions_obtained":[{"floor":1,"key":"Block Potion"},{"floor":6,"key":"Explosive Potion"},{"floor":10,"key":"Strength Potion"},{"floor":19,"key":"Poison Potion"},{"floor":30,"key":"GamblersBrew"},{"floor":31,"key":"Explosive Potion"},{"floor":33,"key":"Ancient Potion"},{"floor":41,"key":"FearPotion"},{"floor":44,"key":"GamblersBrew"}],"is_trial":false}