{"gold_per_floor":[114,128,50,65,65,65,110,110,189,216,232,232,2,18,18,91,91,108,108,127,42,42,42,42,54,78,78,90,90,90],"floor_reached":30,"playtime":1137,"items_purged":[],"score":433,"play_id":"fcddf701-7aa2-4acb-8afd-b8e39f9a0844","local_time":"20190129212516","is_ascension_mode":true,"campfire_choices":[{"floor":6,"key":"REST"},{"data":"Defragment","floor":8,"key":"SMITH"},{"data":"Magnetism","floor":12,"key":"SMITH"},{"data":"Sunder","floor":15,"key":"SMITH"},{"floor":23,"key":"REST"},{"floor":29,"key":"REST"}],"neow_cost":"TEN_PERCENT_HP_LOSS","seed_source_timestamp":463866993121964,"circlet_count":0,"master_deck":["AscendersBane","Strike_B","Strike_B","Strike_B","Defend_B","Defend_B","Defend_B","Defend_B","Zap","Dualcast","Magnetism+1","White Noise","Defragment+1","Sunder+1","Glacier","Stack","Steam","Steam","Stack","Storm","Chill","Genetic Algorithm"],"relics":["Cracked Core","Boot","Pear","Anchor","Runic Capacitor","Fusion Hammer","Ice Cream","DataDisk"],"potions_floor_usage":[4,7,20],"damage_taken":[{"damage":1,"enemies":"Cultist","floor":1,"turns":4},{"damage":7,"enemies":"Jaw Worm","floor":2,"turns":3},{"damage":12,"enemies":"2 Louse","floor":4,"turns":3},{"damage":17,"enemies":"3 Sentries","floor":7,"turns":8},{"damage":0,"enemies":"2 Fungi Beasts","floor":11,"turns":4},{"damage":0,"enemies":"3 Louse","floor":14,"turns":2},{"damage":2,"enemies":"The Guardian","floor":16,"turns":8},{"damage":4,"enemies":"Spheric Guardian","floor":18,"turns":4},{"damage":27,"enemies":"Chosen","floor":20,"turns":6},{"damage":45,"enemies":"3 Cultists","floor":25,"turns":10},{"damage":17,"enemies":"Snecko","floor":28,"turns":5},{"damage":32,"enemies":"Cultist and Chosen","floor":30,"turns":3}],"seed_played":"6236406304457847064","potions_obtained":[{"floor":1,"key":"EssenceOfSteel"},{"floor":2,"key":"Poison Potion"},{"floor":14,"key":"Swift Potion"},{"floor":28,"key":"SpeedPotion"}],"is_trial":false,"path_per_floor":["M","M","$","M","$","R","E","R","T","T","M","R","$","M","R","B",null,"M","?","M","?","$","R","?","M","T","?","M","R","M"],"character_chosen":"DEFECT","items_purchased":["Sunder","Runic Capacitor"],"campfire_rested":3,"item_purchase_floors":[3,13],"current_hp_per_floor":[63,56,56,44,44,63,46,46,56,56,56,56,56,56,56,54,69,65,74,47,47,47,69,69,24,24,24,7,29,0],"gold":90,"neow_bonus":"RANDOM_COLORLESS_2","is_prod":false,"is_daily":false,"chose_seed":false,"campfire_upgraded":3,"win_rate":0,"timestamp":1548815116,"path_taken":["M","M","$","M","?","R","E","R","T","?","M","R","$","M","R","BOSS","M","?","?","?","$","R","?","M","T","?","M","R","?"],"build_version":"2019-01-23","purchased_purges":0,"victory":false,"max_hp_per_floor":[64,64,64,64,64,64,64,64,74,74,74,74,74,74,74,74,74,74,74,74,74,74,74,74,74,74,74,74,74,74],"card_choices":[{"not_picked":["Barrage","Stack"],"picked":"White Noise","floor":1},{"not_picked":["Self Repair","Reprogram"],"picked":"Defragment","floor":2},{"not_picked":["Gash","Leap"],"picked":"Glacier","floor":4},{"not_picked":["Ball Lightning","Redo"],"picked":"Stack","floor":7},{"not_picked":["Undo","Blizzard"],"picked":"Steam","floor":11},{"not_picked":["Blizzard","Rebound"],"picked":"Steam","floor":14},{"not_picked":["Skim","Gash","Double Energy"],"picked":"SKIP","floor":18},{"not_picked":["Cold Snap","Blizzard"],"picked":"Stack","floor":20},{"not_picked":["Leap","Streamline"],"picked":"Storm","floor":25},{"not_picked":["Thunder Strike","Gash+1"],"picked":"Genetic Algorithm","floor":28}],"player_experience":2217479,"relics_obtained":[{"floor":7,"key":"Boot"},{"floor":9,"key":"Pear"},{"floor":10,"key":"Anchor"},{"floor":26,"key":"DataDisk"}],"event_choices":[{"cards_removed":["Deep Breath"],"damage_healed":9,"gold_gain":0,"player_choice":"Offered Uncommon","damage_taken":0,"max_hp_gain":0,"max_hp_loss":0,"event_name":"Bonfire Elementals","floor":19,"gold_loss":0},{"damage_healed":0,"gold_gain":0,"player_choice":"Obtained Relic","damage_taken":0,"relics_obtained":["Ice Cream"],"max_hp_gain":0,"max_hp_loss":0,"event_name":"Addict","floor":21,"gold_loss":85},{"damage_healed":0,"gold_gain":0,"player_choice":"Ignored","damage_taken":0,"max_hp_gain":0,"max_hp_loss":0,"event_name":"Ghosts","floor":24,"gold_loss":0},{"damage_healed":0,"gold_gain":0,"cards_transformed":["Strike_B"],"player_choice":"Transformed","damage_taken":0,"max_hp_gain":0,"max_hp_loss":0,"event_name":"Transmorgrifier","floor":27,"gold_loss":0,"cards_obtained":["Chill"]}],"is_beta":false,"boss_relics":[{"not_picked":["Coffee Dripper","Empty Cage"],"picked":"Fusion Hammer"}],"items_purged_floors":[],"is_endless":false,"potions_floor_spawned":[1,2,14,28],"killed_by":"Cultist and Chosen","ascension_level":18}