{"gold_per_floor":[113,113,113,133,150,150,4,4,29,29,29,46,46,66,66,162,162,174,185,200,115,126,126,146,146,146,162,162,162,176,275,275,373,373,388,11,11,21,21,21,0,0,23,42,97,50,68,87,87,87],"floor_reached":51,"playtime":4302,"items_purged":["Injury","Strike_G"],"score":795,"play_id":"04e6fb10-cd27-4f0f-b409-1286d8f8df68","local_time":"20180726140109","is_ascension_mode":true,"campfire_choices":[{"data":"Dodge and Roll","floor":6,"key":"SMITH"},{"data":"Noxious Fumes","floor":8,"key":"SMITH"},{"data":"Neutralize","floor":10,"key":"SMITH"},{"data":"Dagger Spray","floor":15,"key":"SMITH"},{"data":"Caltrops","floor":23,"key":"SMITH"},{"data":"Dash","floor":25,"key":"SMITH"},{"data":"Backstab","floor":29,"key":"SMITH"},{"data":"Survivor","floor":32,"key":"SMITH"},{"data":"Footwork","floor":40,"key":"SMITH"},{"data":"Backflip","floor":42,"key":"SMITH"},{"data":"Cloak And Dagger","floor":49,"key":"SMITH"}],"neow_cost":"NONE","seed_source_timestamp":1337230032226896,"circlet_count":0,"master_deck":["Defend_G","Defend_G","Defend_G","Defend_G","Defend_G","Strike_G","Strike_G","Survivor+1","Neutralize+1","Footwork+1","Acrobatics","Dodge and Roll+1","Noxious Fumes+1","Backflip+1","Dagger Spray+1","Malaise+1","Caltrops+1","Cloak And Dagger+1","Dash+1","Backstab+1","Die Die Die","Footwork+1","Backflip","Madness","Madness","Dash","Backflip","Cloak And Dagger+1","PiercingWail+1"],"relics":["Ring of the Snake","Dead Branch","Strawberry","Coffee Dripper","Bag of Marbles","Torii","Runic Dome","Bronze Scales","Du-Vu Doll","Red Mask","Centennial Puzzle","Dream Catcher"],"potions_floor_usage":[5,16,33,33,50,50,50],"damage_taken":[{"damage":0,"enemies":"2 Louse","floor":1,"turns":4},{"damage":0,"enemies":"Cultist","floor":4,"turns":7},{"damage":4,"enemies":"Jaw Worm","floor":5,"turns":6},{"damage":0,"enemies":"2 Fungi Beasts","floor":12,"turns":5},{"damage":0,"enemies":"Large Slime","floor":14,"turns":8},{"damage":8,"enemies":"Hexaghost","floor":16,"turns":9},{"damage":0,"enemies":"Spheric Guardian","floor":18,"turns":5},{"damage":5,"enemies":"Chosen","floor":19,"turns":7},{"damage":3,"enemies":"Snake Plant","floor":20,"turns":6},{"damage":19,"enemies":"3 Cultists","floor":22,"turns":5},{"damage":20,"enemies":"Chosen and Byrds","floor":24,"turns":6},{"damage":1,"enemies":"Snake Plant","floor":27,"turns":5},{"damage":0,"enemies":"Sentry and Sphere","floor":30,"turns":5},{"damage":21,"enemies":"Collector","floor":33,"turns":10},{"damage":7,"enemies":"3 Darklings","floor":35,"turns":5},{"damage":0,"enemies":"Orb Walker","floor":38,"turns":3},{"damage":3,"enemies":"4 Shapes","floor":44,"turns":5},{"damage":0,"enemies":"Maw","floor":47,"turns":9},{"damage":0,"enemies":"Sphere and 2 Shapes","floor":48,"turns":4},{"damage":33,"enemies":"Awakened One","floor":50,"turns":14}],"seed_played":"6447589481013442625","potions_obtained":[{"floor":1,"key":"PowerPotion"},{"floor":4,"key":"Energy Potion"},{"floor":5,"key":"Ancient Potion"},{"floor":18,"key":"GamblersBrew"},{"floor":24,"key":"GamblersBrew"},{"floor":27,"key":"SteroidPotion"},{"floor":33,"key":"Weak Potion"},{"floor":38,"key":"Block Potion"},{"floor":44,"key":"Strength Potion"}],"is_trial":false,"path_per_floor":["M","?","?","M","M","R","$","R","T","R","?","M","?","M","R","B",null,"M","M","M","?","M","R","M","R","T","M","?","R","M","?","R","B",null,"M","$","?","M","T","R","?","R","T","M","T","$","M","M","R","B"],"character_chosen":"THE_SILENT","items_purchased":["Noxious Fumes","Bronze Scales","Footwork","Backflip","Backflip"],"campfire_rested":0,"item_purchase_floors":[7,36,36,36,46],"current_hp_per_floor":[63,60,60,60,56,56,56,56,63,63,63,63,68,68,68,60,77,77,72,69,69,50,50,30,30,30,29,29,29,29,29,29,8,64,57,57,47,47,47,47,47,47,47,44,44,44,44,44,44,11],"gold":87,"neow_bonus":"REMOVE_CARD","is_prod":false,"is_daily":false,"chose_seed":false,"campfire_upgraded":11,"win_rate":0,"timestamp":1532606469,"path_taken":["M","?","?","M","M","R","$","R","T","R","?","M","?","?","R","BOSS","M","M","M","?","M","R","M","R","T","M","?","R","?","?","R","BOSS","M","$","?","M","?","R","?","R","T","?","?","$","M","M","R","BOSS"],"build_version":"2018-07-25","purchased_purges":2,"victory":true,"max_hp_per_floor":[70,70,70,70,70,70,70,70,77,77,77,77,82,82,82,82,82,82,82,82,82,82,82,82,82,82,82,82,82,82,82,82,82,82,82,82,82,82,82,82,82,82,82,82,82,82,82,82,82,82],"card_choices":[{"not_picked":["Setup","Distraction"],"picked":"Footwork","floor":1},{"not_picked":["Masterful Stab","Dagger Throw"],"picked":"Acrobatics","floor":4},{"not_picked":["Bane","Sucker Punch"],"picked":"Dodge and Roll","floor":5},{"not_picked":["Quick Slash","Prepared"],"picked":"Backflip","floor":12},{"not_picked":["Heel Hook","Masterful Stab"],"picked":"Dagger Spray","floor":14},{"not_picked":["A Thousand Cuts","Doppelganger"],"picked":"Malaise","floor":16},{"not_picked":["Blade Dance","Outmaneuver"],"picked":"Caltrops","floor":18},{"not_picked":["Concentrate","Riddle With Holes","Distraction+1"],"picked":"SKIP","floor":19},{"not_picked":["Deadly Poison","Expertise","Endless Agony"],"picked":"SKIP","floor":20},{"not_picked":["Endless Agony","Flying Knee"],"picked":"Cloak And Dagger+1","floor":22},{"not_picked":["Dagger Throw","Prepared"],"picked":"Dash","floor":24},{"not_picked":["Prepared","Slice+1"],"picked":"Backstab","floor":27},{"not_picked":["Quick Slash","Catalyst","Bane+1"],"picked":"SKIP","floor":30},{"not_picked":["Storm of Steel","Unload"],"picked":"Die Die Die","floor":33},{"not_picked":["Heel Hook","Flying Knee+1","Slice"],"picked":"SKIP","floor":35},{"not_picked":["Skewer","Slice","Quick Slash"],"picked":"SKIP","floor":38},{"not_picked":["All Out Attack","Escape Plan"],"picked":"Dash","floor":44},{"not_picked":["Infinite Blades","All Out Attack+1"],"picked":"Cloak And Dagger","floor":47},{"not_picked":["Sucker Punch","Deadly Poison+1"],"picked":"PiercingWail+1","floor":48}],"player_experience":353957,"relics_obtained":[{"floor":9,"key":"Strawberry"},{"floor":26,"key":"Torii"},{"floor":39,"key":"Du-Vu Doll"},{"floor":43,"key":"Centennial Puzzle"},{"floor":45,"key":"Dream Catcher"}],"event_choices":[{"event_name":"Scrap Ooze","player_choice":"success","floor":2,"damage_taken":3},{"event_name":"Accursed Blacksmith","player_choice":"Forge","floor":3,"damage_taken":0},{"event_name":"Living Wall","player_choice":"Forget","floor":11,"damage_taken":0},{"event_name":"Big Fish","player_choice":"Donut","floor":13,"damage_taken":0},{"event_name":"Addict","player_choice":"Obtained Relic","floor":21,"damage_taken":0},{"event_name":"Upgrade Shrine","player_choice":"Upgraded","floor":28,"damage_taken":0},{"event_name":"Nest","player_choice":"Stole From Cult","floor":31,"damage_taken":0},{"event_name":"Winding Halls","player_choice":"Embrace Madness","floor":37,"damage_taken":0},{"event_name":"Tomb of Lord Red Mask","player_choice":"Paid","floor":41,"damage_taken":0}],"is_beta":true,"boss_relics":[{"not_picked":["Fusion Hammer","Tiny House"],"picked":"Coffee Dripper"},{"not_picked":["Calling Bell","Lizard Tail"],"picked":"Runic Dome"}],"items_purged_floors":[7,36],"is_endless":false,"potions_floor_spawned":[1,4,5,18,24,27,33,38,44],"ascension_level":7}