{"gold_per_floor":[113,126,126,142,160,160,174,185,185,197,197,225,235,246,246,348,348,366,366,443,443,459,459,241,241,241,253,263,263,278,291,291,391,391,401,3,21,21,35,60,60,60,87,87,103,103,203,78,78,78],"floor_reached":51,"playtime":2959,"items_purged":["Strike_R","Strike_R","Strike_R"],"score":733,"play_id":"5bc0ac46-69dc-4cc0-ba97-c280a5365c80","local_time":"20181214152433","is_ascension_mode":false,"campfire_choices":[{"data":"Seeing Red","floor":6,"key":"SMITH"},{"data":"Armaments","floor":11,"key":"SMITH"},{"floor":15,"key":"REST"},{"data":"Barricade","floor":23,"key":"SMITH"},{"data":"Body Slam","floor":25,"key":"SMITH"},{"data":"Flame Barrier","floor":29,"key":"SMITH"},{"floor":32,"key":"REST"},{"data":"Exhume","floor":42,"key":"SMITH"},{"data":"Offering","floor":44,"key":"SMITH"},{"floor":49,"key":"REST"}],"neow_cost":"NONE","seed_source_timestamp":1344770600599235,"circlet_count":0,"master_deck":["Strike_R","Defend_R","Defend_R","Defend_R","Defend_R","Bash","Body Slam+1","Seeing Red+1","Flame Barrier+1","Spot Weakness","Uppercut","Armaments+1","Barricade+1","Rampage","Carnage","Offering+1","Body Slam+1","Entrench+1","Battle Trance+1","Seeing Red+1","Juggernaut+1","Exhume+1"],"relics":["Black Blood","NeowsBlessing","Letter Opener","Peace Pipe","Nilry\u0027s Codex","Frozen Egg 2","Kunai","Busted Crown","Bag of Marbles","Anchor","Boot","Lantern","Du-Vu Doll"],"potions_floor_usage":[5,12,28,31,31,33,50,50,50],"damage_taken":[{"damage":0,"enemies":"Cultist","floor":1,"turns":1},{"damage":0,"enemies":"Small Slimes","floor":2,"turns":1},{"damage":0,"enemies":"2 Louse","floor":4,"turns":1},{"damage":17,"enemies":"Exordium Thugs","floor":5,"turns":4},{"damage":0,"enemies":"Looter","floor":7,"turns":4},{"damage":8,"enemies":"Exordium Wildlife","floor":8,"turns":4},{"damage":21,"enemies":"Lots of Slimes","floor":10,"turns":6},{"damage":16,"enemies":"Gremlin Nob","floor":12,"turns":5},{"damage":15,"enemies":"Exordium Thugs","floor":13,"turns":3},{"damage":16,"enemies":"Red Slaver","floor":14,"turns":3},{"damage":40,"enemies":"Slime Boss","floor":16,"turns":8},{"damage":16,"enemies":"Spheric Guardian","floor":18,"turns":4},{"damage":16,"enemies":"3 Byrds","floor":22,"turns":3},{"damage":30,"enemies":"3 Cultists","floor":27,"turns":5},{"damage":13,"enemies":"Snake Plant","floor":28,"turns":3},{"damage":6,"enemies":"Centurion and Healer","floor":30,"turns":4},{"damage":14,"enemies":"Shelled Parasite and Fungi","floor":31,"turns":3},{"damage":51,"enemies":"Automaton","floor":33,"turns":17},{"damage":29,"enemies":"3 Darklings","floor":35,"turns":5},{"damage":0,"enemies":"Orb Walker","floor":37,"turns":4},{"damage":26,"enemies":"3 Darklings","floor":39,"turns":5},{"damage":9,"enemies":"Giant Head","floor":40,"turns":5},{"damage":12,"enemies":"Writhing Mass","floor":45,"turns":4},{"damage":6,"enemies":"Mind Bloom Boss Battle","floor":47,"turns":2},{"damage":12,"enemies":"Donu and Deca","floor":50,"turns":36}],"seed_played":"-501581349189217217","potions_obtained":[{"floor":1,"key":"AttackPotion"},{"floor":7,"key":"SneckoOil"},{"floor":8,"key":"Energy Potion"},{"floor":10,"key":"SpeedPotion"},{"floor":16,"key":"EssenceOfSteel"},{"floor":18,"key":"GamblersBrew"},{"floor":30,"key":"Poison Potion"},{"floor":37,"key":"Block Potion"},{"floor":39,"key":"Dexterity Potion"},{"floor":45,"key":"Strength Potion"}],"is_trial":false,"path_per_floor":["M","M","?","M","M","R","M","M","T","M","R","E","M","M","R","B",null,"M","?","T","?","M","R","$","R","T","M","M","R","M","M","R","B",null,"M","$","M","?","M","E","$","R","T","R","M","?","?","$","R","B",null],"character_chosen":"IRONCLAD","items_purchased":["Juggernaut+1","Bag of Marbles","Anchor"],"campfire_rested":3,"item_purchase_floors":[24,36,36],"current_hp_per_floor":[80,80,80,80,69,69,75,73,73,58,58,48,39,29,53,19,80,74,58,58,58,52,52,52,52,52,32,29,29,33,29,53,12,80,61,61,71,71,55,56,56,56,56,56,54,54,58,58,80,78],"gold":78,"neow_bonus":"THREE_ENEMY_KILL","is_prod":false,"is_daily":false,"chose_seed":false,"campfire_upgraded":7,"win_rate":0,"timestamp":1544768673,"path_taken":["M","?","?","M","?","R","M","M","T","M","R","E","M","M","R","BOSS","M","?","?","?","?","R","?","R","T","M","M","R","M","M","R","BOSS","M","$","M","?","?","E","$","R","T","R","M","?","?","$","R","BOSS"],"build_version":"2018-12-13","purchased_purges":3,"victory":true,"max_hp_per_floor":[80,80,80,80,80,80,80,80,80,80,80,80,80,80,80,80,80,80,80,80,80,80,80,80,80,80,80,80,80,80,80,80,80,80,80,80,80,80,80,80,80,80,80,80,80,80,80,80,80,80],"card_choices":[{"not_picked":["Fire Breathing","Pommel Strike"],"picked":"Body Slam","floor":1},{"not_picked":["Metallicize","Sword Boomerang"],"picked":"Seeing Red","floor":2},{"not_picked":["Warcry","Havoc"],"picked":"Flame Barrier","floor":4},{"not_picked":["Battle Trance","Sentinel","Reckless Charge"],"picked":"SKIP","floor":5},{"not_picked":["Clothesline","Impervious"],"picked":"Spot Weakness","floor":7},{"not_picked":["Corruption","True Grit"],"picked":"Uppercut","floor":8},{"not_picked":["True Grit","Clash"],"picked":"Armaments","floor":10},{"not_picked":["Perfected Strike","Thunderclap"],"picked":"Barricade","floor":12},{"not_picked":["Wild Strike","Iron Wave"],"picked":"Rampage","floor":13},{"not_picked":["Uppercut","Wild Strike"],"picked":"Carnage","floor":14},{"not_picked":["Barricade","Exhume"],"picked":"Offering","floor":16},{"not_picked":["Headbutt+1","Carnage"],"picked":"Body Slam","floor":18},{"not_picked":["Pommel Strike+1","Dropkick"],"picked":"Entrench+1","floor":22},{"not_picked":["Thunderclap","Iron Wave"],"picked":"Battle Trance+1","floor":27},{"not_picked":["Sword Boomerang","Pommel Strike","Flex"],"picked":"SKIP","floor":28},{"not_picked":["Evolve+1","Pommel Strike"],"picked":"Seeing Red+1","floor":30},{"not_picked":["Armaments","Pommel Strike","Headbutt"],"picked":"SKIP","floor":31},{"not_picked":["Immolate","Fiend Fire"],"picked":"Juggernaut+1","floor":33},{"not_picked":["Rampage+1"],"picked":"SKIP","floor":35},{"not_picked":["Cleave+1"],"picked":"SKIP","floor":37},{"not_picked":["Iron Wave+1"],"picked":"SKIP","floor":39},{"not_picked":[],"picked":"Exhume","floor":40},{"not_picked":["Wild Strike+1"],"picked":"SKIP","floor":45}],"player_experience":188806,"relics_obtained":[{"floor":9,"key":"Letter Opener"},{"floor":12,"key":"Peace Pipe"},{"floor":19,"key":"Nilry\u0027s Codex"},{"floor":20,"key":"Frozen Egg 2"},{"floor":26,"key":"Kunai"},{"floor":40,"key":"Boot"},{"floor":43,"key":"Lantern"},{"floor":47,"key":"Du-Vu Doll"}],"event_choices":[{"cards_removed":["Strike_R"],"damage_healed":0,"gold_gain":0,"player_choice":"Purged","damage_taken":0,"max_hp_gain":0,"max_hp_loss":0,"event_name":"Purifier","floor":3,"gold_loss":0},{"damage_healed":0,"gold_gain":0,"player_choice":"Obtained Book","damage_taken":16,"max_hp_gain":0,"max_hp_loss":0,"event_name":"Cursed Tome","floor":19,"gold_loss":0},{"damage_healed":0,"gold_gain":0,"player_choice":"Ignored","damage_taken":0,"max_hp_gain":0,"max_hp_loss":0,"event_name":"Ghosts","floor":21,"gold_loss":0},{"damage_healed":0,"gold_gain":0,"player_choice":"Forge","damage_taken":0,"max_hp_gain":0,"max_hp_loss":0,"event_name":"Accursed Blacksmith","floor":38,"gold_loss":0,"cards_upgraded":["Body Slam"]},{"cards_removed":["Juggernaut"],"damage_healed":0,"gold_gain":0,"player_choice":"Removed Power","damage_taken":0,"max_hp_gain":0,"max_hp_loss":0,"event_name":"Falling","floor":46,"gold_loss":0},{"damage_healed":0,"gold_gain":0,"player_choice":"Fight","damage_taken":0,"max_hp_gain":0,"max_hp_loss":0,"event_name":"MindBloom","floor":47,"gold_loss":0}],"is_beta":false,"boss_relics":[{"not_picked":["Calling Bell","Runic Cube"],"picked":"Black Blood"},{"not_picked":["Astrolabe","Eternal Feather"],"picked":"Busted Crown"}],"items_purged_floors":[24,36,48],"is_endless":false,"potions_floor_spawned":[1,7,8,10,16,18,30,37,39,45],"ascension_level":0}