{"gold_per_floor":[110,110,122,122,135,168,180,208,245,275,287,313,325,380,392,404],"floor_reached":16,"playtime":681,"items_purged":[],"score":185,"play_id":"ec8060c8-213c-4647-9d1a-16239f42c241","local_time":"20181112123654","is_ascension_mode":true,"campfire_choices":[{"data":"Choke","floor":7,"key":"SMITH"},{"floor":11,"key":"REST"},{"floor":15,"key":"REST"}],"neow_cost":"NONE","seed_source_timestamp":573733917265906,"circlet_count":0,"master_deck":["AscendersBane","Defend_G","Defend_G","Defend_G","Defend_G","Defend_G","Strike_G","Strike_G","Strike_G+1","Strike_G","Survivor","Neutralize+1","Terror","Crippling Poison","Adrenaline","Cloak And Dagger","Choke+1","Dash","Predator","After Image","Cloak And Dagger"],"relics":["Ring of the Snake","NeowsBlessing","MawBank","Smiling Mask","Golden Idol","Whetstone"],"potions_floor_usage":[6,6,14,16],"damage_taken":[{"damage":0,"enemies":"2 Louse","floor":1,"turns":1},{"damage":0,"enemies":"Small Slimes","floor":3,"turns":1},{"damage":0,"enemies":"Cultist","floor":5,"turns":1},{"damage":24,"enemies":"3 Sentries","floor":6,"turns":12},{"damage":0,"enemies":"Large Slime","floor":8,"turns":4},{"damage":16,"enemies":"Looter","floor":10,"turns":3},{"damage":18,"enemies":"Lots of Slimes","floor":12,"turns":3},{"damage":23,"enemies":"Lagavulin","floor":14,"turns":7},{"damage":24,"enemies":"Hexaghost","floor":16,"turns":9}],"seed_played":"-4306729484127528517","potions_obtained":[{"floor":1,"key":"Energy Potion"},{"floor":3,"key":"FearPotion"},{"floor":8,"key":"LiquidBronze"},{"floor":12,"key":"Poison Potion"}],"is_trial":false,"path_per_floor":["M","?","M","?","M","E","R","M","T","M","R","M","?","E","R","B"],"character_chosen":"THE_SILENT","items_purchased":[],"campfire_rested":2,"item_purchase_floors":[],"current_hp_per_floor":[63,63,63,63,63,39,39,39,39,23,44,26,26,3,22,0],"gold":404,"neow_bonus":"THREE_ENEMY_KILL","is_prod":false,"is_daily":false,"chose_seed":false,"campfire_upgraded":1,"win_rate":0,"timestamp":1542044214,"path_taken":["M","?","M","?","?","E","R","M","T","M","R","M","?","E","R","BOSS"],"build_version":"2018-11-08","purchased_purges":0,"victory":false,"max_hp_per_floor":[70,70,70,70,70,70,70,70,70,70,70,70,65,65,65,65],"card_choices":[{"not_picked":["Outmaneuver","Concentrate"],"picked":"Setup","floor":1},{"not_picked":["All Out Attack","Outmaneuver"],"picked":"Crippling Poison","floor":3},{"not_picked":["Deflect","Poisoned Stab"],"picked":"Cloak And Dagger","floor":5},{"not_picked":["Tactician","PiercingWail"],"picked":"Choke","floor":6},{"not_picked":["Underhanded Strike","Backflip"],"picked":"Dash","floor":8},{"not_picked":["Prepared","Sucker Punch"],"picked":"Predator","floor":10},{"not_picked":["Dagger Spray","Slice"],"picked":"After Image","floor":12},{"not_picked":["Masterful Stab","Heel Hook"],"picked":"Cloak And Dagger","floor":14}],"player_experience":1684343,"relics_obtained":[{"floor":6,"key":"MawBank"},{"floor":9,"key":"Smiling Mask"},{"floor":14,"key":"Whetstone"}],"event_choices":[{"damage_healed":0,"gold_gain":0,"cards_transformed":["Setup"],"player_choice":"Change","damage_taken":0,"max_hp_gain":0,"max_hp_loss":0,"event_name":"Living Wall","floor":2,"gold_loss":0,"cards_obtained":["Terror"]},{"damage_healed":0,"gold_gain":0,"cards_transformed":["Strike_G"],"player_choice":"Transformed","damage_taken":0,"max_hp_gain":0,"max_hp_loss":0,"event_name":"Transmorgrifier","floor":4,"gold_loss":0,"cards_obtained":["Adrenaline"]},{"damage_healed":0,"gold_gain":0,"player_choice":"Lose Max HP","damage_taken":0,"relics_obtained":["Golden Idol"],"max_hp_gain":0,"max_hp_loss":5,"event_name":"Golden Idol","floor":13,"gold_loss":0}],"is_beta":false,"boss_relics":[],"items_purged_floors":[],"is_endless":false,"potions_floor_spawned":[1,3,8,12],"killed_by":"Hexaghost","ascension_level":13}