{"gold_per_floor":[119,119,139,62,82,117,117,152,152,187,203,216,228,6,6,104,104,114,114,97,115,126,151,151,177,230,230,248,248,280,296,296,391,391,405,313,332,350,361,374,374,401,401,419,434,445,458,478,478,478,478,478,13,44,44],"floor_reached":56,"playtime":6047,"items_purged":[],"score":1536,"play_id":"5161d007-4333-4bc1-824f-f9379b5d054a","local_time":"20190209165701","is_ascension_mode":true,"campfire_choices":[{"data":"Noxious Fumes","floor":7,"key":"SMITH"},{"data":"Apotheosis","floor":15,"key":"SMITH"},{"floor":24,"key":"RECALL"},{"data":"After Image","floor":29,"key":"SMITH"},{"floor":32,"key":"REST"},{"data":"Burst","floor":41,"key":"SMITH"},{"data":"Backflip","floor":49,"key":"SMITH"},{"data":"Cloak And Dagger","floor":52,"key":"SMITH"}],"neow_cost":"NONE","seed_source_timestamp":2731365206069938,"circlet_count":0,"master_deck":["Defend_G","Defend_G","Defend_G","Defend_G","Defend_G","Strike_G","Strike_G","Strike_G","Survivor","Neutralize+1","Blur","Noxious Fumes+1","After Image+1","Leg Sweep","Blur","Apotheosis+1","Burst+1","Well Laid Plans","Cloak And Dagger+1","Cloak And Dagger+1","Riddle With Holes","Blur+1","Catalyst+1","Footwork+1","Dodge and Roll+1","Tools of the Trade","Noxious Fumes+1","Backflip+1","Catalyst","Bouncing Flask+1"],"relics":["Ring of the Snake","Bag of Marbles","Bird Faced Urn","Turnip","Incense Burner","Shuriken","Philosopher\u0027s Stone","Question Card","Omamori","Bottled Lightning","Black Star","Regal Pillow","Art of War","Molten Egg 2","Dodecahedron","ClockworkSouvenir","Vajra","Strawberry","Oddly Smooth Stone"],"potions_floor_usage":[8,8,10,16,20,20,22,22,30,31,39,40,54,55,55,55],"damage_taken":[{"damage":0,"enemies":"Jaw Worm","floor":1,"turns":7},{"damage":0,"enemies":"Cultist","floor":3,"turns":4},{"damage":0,"enemies":"2 Louse","floor":5,"turns":3},{"damage":20,"enemies":"Gremlin Nob","floor":6,"turns":6},{"damage":0,"enemies":"Lagavulin","floor":8,"turns":7},{"damage":5,"enemies":"3 Sentries","floor":10,"turns":6},{"damage":9,"enemies":"Gremlin Gang","floor":11,"turns":5},{"damage":1,"enemies":"Blue Slaver","floor":12,"turns":5},{"damage":10,"enemies":"Red Slaver","floor":13,"turns":5},{"damage":0,"enemies":"Slime Boss","floor":16,"turns":12},{"damage":0,"enemies":"Spheric Guardian","floor":18,"turns":6},{"damage":4,"enemies":"2 Thieves","floor":20,"turns":4},{"damage":0,"enemies":"3 Cultists","floor":21,"turns":8},{"damage":4,"enemies":"Chosen and Byrds","floor":22,"turns":7},{"damage":8,"enemies":"Slavers","floor":23,"turns":8},{"damage":0,"enemies":"Book of Stabbing","floor":25,"turns":7},{"damage":8,"enemies":"Shelled Parasite and Fungi","floor":28,"turns":6},{"damage":8,"enemies":"Slavers","floor":30,"turns":7},{"damage":16,"enemies":"Snake Plant","floor":31,"turns":6},{"damage":2,"enemies":"Champ","floor":33,"turns":12},{"damage":7,"enemies":"3 Shapes","floor":35,"turns":6},{"damage":0,"enemies":"3 Darklings","floor":37,"turns":9},{"damage":0,"enemies":"Maw","floor":38,"turns":10},{"damage":0,"enemies":"4 Shapes","floor":39,"turns":8},{"damage":0,"enemies":"3 Darklings","floor":40,"turns":7},{"damage":0,"enemies":"Giant Head","floor":42,"turns":10},{"damage":0,"enemies":"Spire Growth","floor":44,"turns":6},{"damage":15,"enemies":"Jaw Worm Horde","floor":45,"turns":6},{"damage":0,"enemies":"Sphere and 2 Shapes","floor":46,"turns":6},{"damage":13,"enemies":"4 Shapes","floor":47,"turns":7},{"damage":0,"enemies":"Spire Growth","floor":48,"turns":8},{"damage":0,"enemies":"Time Eater","floor":50,"turns":16},{"damage":0,"enemies":"Shield and Spear","floor":54,"turns":7},{"damage":58,"enemies":"The Heart","floor":55,"turns":9}],"seed_played":"-8140383081864741695","potions_obtained":[{"floor":5,"key":"Energy Potion"},{"floor":6,"key":"PowerPotion"},{"floor":8,"key":"Block Potion"},{"floor":12,"key":"SteroidPotion"},{"floor":16,"key":"FearPotion"},{"floor":18,"key":"FearPotion"},{"floor":21,"key":"GamblersBrew"},{"floor":23,"key":"Block Potion"},{"floor":25,"key":"Regen Potion"},{"floor":33,"key":"PowerPotion"},{"floor":37,"key":"Energy Potion"},{"floor":38,"key":"SkillPotion"},{"floor":39,"key":"Ancient Potion"},{"floor":44,"key":"SneckoOil"},{"floor":45,"key":"LiquidBronze"},{"floor":54,"key":"Ancient Potion"}],"is_trial":false,"path_per_floor":["M","?","M","$","M","E","R","E","T","E","M","M","M","$","R","B",null,"M","?","M","M","M","E","R","E","T","?","M","R","E","M","R","B",null,"M","?","M","M","M","M","R","E","T","M","M","M","M","M","R","B",null,"R","$","E","B",null],"character_chosen":"THE_SILENT","items_purchased":["Noxious Fumes","Apotheosis","Dexterity Potion","ClockworkSouvenir","Catalyst","Vajra","Poison Potion"],"campfire_rested":1,"item_purchase_floors":[4,14,14,53,53,53,53],"current_hp_per_floor":[70,70,70,70,70,50,50,56,56,55,50,51,45,45,45,49,70,70,70,66,70,66,64,64,70,70,70,62,62,60,65,70,68,70,65,65,70,70,70,70,70,70,70,70,63,70,65,70,70,70,70,70,70,77,28],"gold":44,"neow_bonus":"RANDOM_COMMON_RELIC","is_prod":false,"is_daily":false,"chose_seed":false,"campfire_upgraded":6,"win_rate":0,"timestamp":1549753021,"path_taken":["M","?","M","$","M","E","R","E","T","E","M","M","?","?","R","BOSS","M","?","M","M","M","E","R","E","T","?","M","R","E","?","R","BOSS","M","?","?","M","M","M","R","E","T","M","M","M","M","M","R","BOSS","R","$","E","BOSS"],"build_version":"2019-02-06","purchased_purges":0,"victory":true,"max_hp_per_floor":[70,70,70,70,70,70,70,70,70,70,70,70,70,70,70,70,70,70,70,70,70,70,70,70,70,70,70,70,70,70,70,70,70,70,70,70,70,70,70,70,70,70,70,70,70,70,70,70,70,70,70,70,70,77,77],"card_choices":[{"not_picked":["Deadly Poison","Deflect","Bane"],"picked":"SKIP","floor":1},{"not_picked":["Deadly Poison","Bane"],"picked":"Blur","floor":3},{"not_picked":["Deadly Poison","Prepared"],"picked":"After Image","floor":5},{"not_picked":["Choke","Bouncing Flask","All Out Attack"],"picked":"SKIP","floor":6},{"not_picked":["Crippling Poison","Dodge and Roll"],"picked":"Leg Sweep","floor":8},{"not_picked":["Flechettes","Flying Knee","Prepared"],"picked":"SKIP","floor":10},{"not_picked":["Underhanded Strike","Deflect","Poisoned Stab"],"picked":"SKIP","floor":11},{"not_picked":["Night Terror","Calculated Gamble"],"picked":"Blur","floor":12},{"not_picked":["Underhanded Strike","PiercingWail","Expertise"],"picked":"SKIP","floor":13},{"not_picked":["Doppelganger","Venomology"],"picked":"Burst","floor":16},{"not_picked":["Choke+1","Predator","Poisoned Stab"],"picked":"SKIP","floor":18},{"not_picked":["Bane","Predator","Underhanded Strike"],"picked":"SKIP","floor":20},{"not_picked":["Finisher","Flechettes"],"picked":"Well Laid Plans","floor":21},{"not_picked":["Well Laid Plans+1","Calculated Gamble"],"picked":"Cloak And Dagger","floor":22},{"not_picked":["Slice","Dagger Throw"],"picked":"Cloak And Dagger+1","floor":23},{"not_picked":["Deadly Poison","Quick Slash","Tactician","Distraction+1"],"picked":"SKIP","floor":25},{"not_picked":["Deadly Poison","Sucker Punch","Acrobatics","Calculated Gamble"],"picked":"SKIP","floor":28},{"not_picked":["Bane","Dagger Throw","Sucker Punch"],"picked":"Blur+1","floor":30},{"not_picked":["Flechettes","Slice","Dodge and Roll"],"picked":"Catalyst+1","floor":31},{"not_picked":["Quick Slash+1","Sucker Punch+1","Poisoned Stab+1"],"picked":"Footwork+1","floor":35},{"not_picked":["Bane+1","Acrobatics","Terror+1"],"picked":"Dodge and Roll+1","floor":37},{"not_picked":["Outmaneuver+1","Cloak And Dagger","Bane+1","Masterful Stab+1"],"picked":"SKIP","floor":38},{"not_picked":["Slice","Blade Dance","Poisoned Stab","Dagger Throw"],"picked":"SKIP","floor":39},{"not_picked":["Deadly Poison+1","Terror+1","Predator+1"],"picked":"Tools of the Trade","floor":40},{"not_picked":["PiercingWail","Slice","Blade Dance"],"picked":"Noxious Fumes+1","floor":42},{"not_picked":["Reflex+1","All Out Attack+1","Prepared","Finisher+1"],"picked":"SKIP","floor":44},{"not_picked":["Dagger Spray+1","Blade Dance+1","Riddle With Holes+1","Prepared+1"],"picked":"SKIP","floor":45},{"not_picked":["Finisher+1","Prepared","Deflect+1"],"picked":"Backflip","floor":46},{"not_picked":["Eviscerate+1","Deflect","Unload+1","Reflex"],"picked":"SKIP","floor":47},{"not_picked":["Blade Dance","Dash+1","Distraction+1","Outmaneuver"],"picked":"SKIP","floor":48},{"not_picked":["Outmaneuver+1","Sucker Punch+1","All Out Attack+1"],"picked":"Bouncing Flask+1","floor":54}],"player_experience":77537,"relics_obtained":[{"floor":6,"key":"Bird Faced Urn"},{"floor":8,"key":"Turnip"},{"floor":9,"key":"Incense Burner"},{"floor":10,"key":"Shuriken"},{"floor":23,"key":"Question Card"},{"floor":25,"key":"Omamori"},{"floor":30,"key":"Bottled Lightning"},{"floor":42,"key":"Art of War"},{"floor":42,"key":"Molten Egg 2"},{"floor":43,"key":"Dodecahedron"},{"floor":54,"key":"Strawberry"},{"floor":54,"key":"Oddly Smooth Stone"}],"event_choices":[{"damage_healed":0,"gold_gain":0,"player_choice":"Forge","damage_taken":0,"max_hp_gain":0,"max_hp_loss":0,"event_name":"Accursed Blacksmith","floor":2,"gold_loss":0,"cards_upgraded":["Neutralize"]},{"cards_removed":["Strike_G"],"damage_healed":0,"gold_gain":0,"player_choice":"Elegance","damage_taken":0,"max_hp_gain":0,"max_hp_loss":0,"event_name":"Back to Basics","floor":19,"gold_loss":0},{"damage_healed":0,"gold_gain":0,"cards_transformed":["Strike_G"],"player_choice":"Transformed","damage_taken":0,"max_hp_gain":0,"max_hp_loss":0,"event_name":"Transmorgrifier","floor":27,"gold_loss":0,"cards_obtained":["Riddle With Holes"]},{"damage_healed":0,"gold_gain":0,"player_choice":"Paid Gold","damage_taken":0,"relics_obtained":["Regal Pillow"],"max_hp_gain":0,"max_hp_loss":0,"event_name":"WeMeetAgain","floor":36,"gold_loss":92}],"is_beta":true,"boss_relics":[{"not_picked":["Eternal Feather","Ring of the Serpent"],"picked":"Philosopher\u0027s Stone"},{"not_picked":["HoveringKite","Snecko Eye"],"picked":"Black Star"}],"items_purged_floors":[],"is_endless":false,"potions_floor_spawned":[5,6,8,12,16,18,21,23,25,33,37,38,39,44,45,54],"ascension_level":2}