{"gold_per_floor":[119,131,131,131,157,32,48,68,68,68,81,97,18,18,18,116,116,135,35,49,49,63,63,79,79,131,6,6,6,18,18,18,116,116,129,129,140,155,172,172,172],"floor_reached":41,"playtime":3952,"items_purged":["Strike_G","Strike_G+1","Defend_G"],"score":501,"play_id":"1e5bb38f-d674-464e-b759-6e9126b6100a","local_time":"20180802135417","is_ascension_mode":true,"campfire_choices":[{"floor":15,"key":"REST"},{"floor":23,"key":"REST"},{"floor":25,"key":"REST"},{"floor":28,"key":"REST"},{"data":"Noxious Fumes","floor":32,"key":"SMITH"},{"floor":40,"key":"REST"}],"neow_cost":"NONE","seed_source_timestamp":674710463562262,"circlet_count":0,"master_deck":["Defend_G","Defend_G","Defend_G","Defend_G","Survivor+1","Neutralize+1","Underhanded Strike","Escape Plan","Blur","Infinite Blades","Heel Hook","Cloak And Dagger","Noxious Fumes+1","Glass Knife","Backflip+1","Riddle With Holes+1","Terror+1","Backflip","A Thousand Cuts","Caltrops","Cloak And Dagger+1","Caltrops+1"],"relics":["Runic Dome","Bronze Scales","Pen Nib","Empty Cage","Blood Vial","NlothsMask","Eternal Feather"],"potions_floor_usage":[11,16,18,22,33,35,41],"damage_taken":[{"damage":0,"enemies":"2 Louse","floor":1,"turns":3},{"damage":12,"enemies":"Jaw Worm","floor":2,"turns":4},{"damage":0,"enemies":"Cultist","floor":7,"turns":3},{"damage":11,"enemies":"Large Slime","floor":8,"turns":7},{"damage":3,"enemies":"Blue Slaver","floor":11,"turns":2},{"damage":0,"enemies":"Exordium Thugs","floor":12,"turns":4},{"damage":14,"enemies":"Hexaghost","floor":16,"turns":10},{"damage":8,"enemies":"Chosen","floor":18,"turns":5},{"damage":4,"enemies":"Shell Parasite","floor":20,"turns":5},{"damage":12,"enemies":"Centurion and Healer","floor":22,"turns":5},{"damage":24,"enemies":"Slaver and Parasite","floor":24,"turns":5},{"damage":13,"enemies":"Cultist and Chosen","floor":30,"turns":4},{"damage":35,"enemies":"Champ","floor":33,"turns":12},{"damage":7,"enemies":"Orb Walker","floor":35,"turns":4},{"damage":7,"enemies":"3 Shapes","floor":37,"turns":7},{"damage":20,"enemies":"Sphere and 2 Shapes","floor":38,"turns":7},{"damage":14,"enemies":"4 Shapes","floor":39,"turns":7},{"damage":67,"enemies":"2 Orb Walkers","floor":41,"turns":5}],"seed_played":"340268346769564352","potions_obtained":[{"floor":8,"key":"Fire Potion"},{"floor":11,"key":"Block Potion"},{"floor":16,"key":"AttackPotion"},{"floor":18,"key":"FearPotion"},{"floor":20,"key":"FearPotion"},{"floor":24,"key":"SpeedPotion"},{"floor":33,"key":"Regen Potion"},{"floor":35,"key":"EssenceOfSteel"}],"is_trial":false,"path_per_floor":["M","M","?","?","T","$","M","M","T","?","M","M","$","?","R","B",null,"M","$","M","?","M","R","M","R","T","$","R","?","M","?","R","B",null,"M","?","M","M","M","R"],"character_chosen":"THE_SILENT","items_purchased":["Quick Slash","Noxious Fumes"],"campfire_rested":5,"item_purchase_floors":[6,13],"current_hp_per_floor":[63,51,70,70,70,70,70,59,59,45,42,42,42,35,56,42,63,55,55,51,51,39,60,36,57,57,57,70,70,57,57,57,24,59,63,63,58,40,28,61,0],"gold":172,"neow_bonus":"BOSS_RELIC","is_prod":false,"is_daily":false,"chose_seed":false,"campfire_upgraded":1,"win_rate":0,"timestamp":1533232457,"path_taken":["M","M","?","?","?","$","M","M","T","?","M","M","?","?","R","BOSS","M","$","M","?","M","R","M","R","T","$","R","?","?","?","R","BOSS","M","?","M","M","M","R","E"],"build_version":"2018-07-26","purchased_purges":3,"victory":false,"max_hp_per_floor":[70,70,70,70,70,70,70,70,70,70,70,70,70,70,70,70,70,70,70,70,70,70,70,70,70,70,70,70,70,70,70,70,70,70,70,70,70,70,70,70,70],"card_choices":[{"not_picked":["Slice","Setup"],"picked":"Underhanded Strike","floor":1},{"not_picked":["Deflect","All Out Attack"],"picked":"Escape Plan","floor":2},{"not_picked":["Dagger Spray","Well Laid Plans"],"picked":"Blur","floor":7},{"not_picked":["Concentrate","Sucker Punch"],"picked":"Infinite Blades","floor":8},{"not_picked":["Concentrate","Predator"],"picked":"Heel Hook","floor":11},{"not_picked":["Calculated Gamble","Dodge and Roll"],"picked":"Cloak And Dagger","floor":12},{"not_picked":["Burst","Corpse Explosion"],"picked":"Glass Knife","floor":16},{"not_picked":["Masterful Stab","Underhanded Strike+1"],"picked":"Backflip+1","floor":18},{"not_picked":["Bane","Crippling Poison"],"picked":"Riddle With Holes+1","floor":20},{"not_picked":["Cloak And Dagger","Quick Slash"],"picked":"Terror+1","floor":22},{"not_picked":["Poisoned Stab+1","Dagger Throw","Phantasmal Killer"],"picked":"SKIP","floor":24},{"not_picked":["Slice","Quick Slash"],"picked":"Backflip","floor":30},{"not_picked":["Corpse Explosion","Night Terror"],"picked":"A Thousand Cuts","floor":33},{"not_picked":["Quick Slash","Dagger Spray"],"picked":"Caltrops","floor":35},{"not_picked":["PiercingWail","Slice+1"],"picked":"Cloak And Dagger+1","floor":37},{"not_picked":["Cloak And Dagger","Setup","Catalyst"],"picked":"SKIP","floor":38},{"not_picked":["Cloak And Dagger+1","Glass Knife"],"picked":"Caltrops+1","floor":39}],"player_experience":1395912,"relics_obtained":[{"floor":5,"key":"Bronze Scales"},{"floor":9,"key":"Pen Nib"},{"floor":26,"key":"Blood Vial"}],"event_choices":[{"event_name":"Big Fish","player_choice":"Banana","floor":3,"damage_taken":0},{"event_name":"Living Wall","player_choice":"Grow","floor":4,"damage_taken":0},{"event_name":"Shining Light","player_choice":"Entered Light","floor":10,"damage_taken":0},{"event_name":"Golden Wing","player_choice":"Card Removal","floor":14,"damage_taken":0},{"event_name":"Vampires","player_choice":"Ignored","floor":21,"damage_taken":0},{"event_name":"N\u0027loth","player_choice":"Ignored","floor":29,"damage_taken":0},{"event_name":"FaceTrader","player_choice":"Trade","floor":31,"damage_taken":0},{"event_name":"Falling","player_choice":"Removed Attack","floor":36,"damage_taken":0}],"is_beta":false,"boss_relics":[{"not_picked":["Busted Crown","HoveringKite"],"picked":"Empty Cage"},{"not_picked":["Fusion Hammer","Snecko Eye"],"picked":"Eternal Feather"}],"items_purged_floors":[6,19,27],"is_endless":false,"potions_floor_spawned":[8,11,16,18,20,24,33,35],"killed_by":"2 Orb Walkers","ascension_level":6}