{"path_per_floor":["M","$","M","M","M","E","?","R","T","M","E","M","R","E","R","B",null,"M","?","M","$","M","R"],"character_chosen":"DEFECT","items_purchased":["Go for the Eyes","Streamline","Meat on the Bone","War Paint","Bag of Marbles","Hello World"],"gold_per_floor":[111,33,47,63,82,114,114,114,114,134,463,474,474,504,504,604,604,617,617,635,19,39,39,39],"floor_reached":24,"campfire_rested":1,"playtime":2347,"item_purchase_floors":[],"current_hp_per_floor":[74,74,67,65,58,37,37,37,37,32,23,20,20,10,32,19,75,64,64,42,42,30,30,0],"items_purged":[],"gold":39,"score":218,"play_id":"012fc9d6-10c8-4ed1-a644-31964767deaa","local_time":"20180530161413","is_prod":false,"is_daily":false,"chose_seed":false,"is_ascension_mode":false,"campfire_upgraded":3,"win_rate":0.0,"timestamp":1527689653,"campfire_choices":[{"data":"Dualcast","floor":8.0,"key":"SMITH"},{"data":"Double Energy","floor":13.0,"key":"SMITH"},{"floor":15.0,"key":"REST"},{"data":"Creative AI","floor":23,"key":"SMITH"}],"path_taken":["M","$","M","M","M","E","?","R","T","M","E","M","R","E","R","BOSS","M","?","M","$","M","R","?"],"build_version":"2018-05-28","seed_source_timestamp":8353966584895,"purchased_purges":0,"victory":false,"master_deck":["Strike_B","Strike_B","Strike_B","Strike_B","Defend_B","Defend_B","Defend_B","Defend_B","Zap","Dualcast+1","Cold Snap","Go for the Eyes","Streamline","Coolheaded","Conserve Battery+1","Go for the Eyes","Ball Lightning","Cold Snap","Double Energy+1","Doom and Gloom","Coolheaded+1","Creative AI+1","Storm","Leap","Hello World","Fission"],"max_hp_per_floor":[75,75,75,75,75,75,75,75,75,75,75,75,75,75,75,75,75,75,75,75,75,75,75,75],"relics":["Cracked Core","Mummified Hand","Ice Cream","Old Coin","Lantern","Black Star","Meat on the Bone","War Paint","Bag of Marbles"],"card_choices":[{"not_picked":["Sweeping Beam","Leap"],"picked":"Cold Snap","floor":1.0},{"not_picked":["Blizzard","Barrage"],"picked":"Coolheaded","floor":3.0},{"not_picked":["Steam","Stack"],"picked":"Conserve Battery","floor":4.0},{"not_picked":["Force Field","Ball Lightning"],"picked":"Go for the Eyes","floor":5.0},{"not_picked":["Steam","Cold Snap"],"picked":"Ball Lightning","floor":6.0},{"not_picked":["Beam Cell","Thunder Strike"],"picked":"Cold Snap","floor":10.0},{"not_picked":["Force Field","Streamline"],"picked":"Double Energy","floor":11.0},{"not_picked":["Sweeping Beam","Redo"],"picked":"Doom and Gloom","floor":12.0},{"not_picked":["Barrage","Aggregate"],"picked":"Coolheaded","floor":14.0},{"not_picked":["Multi-Cast","Thunder Strike"],"picked":"Creative AI","floor":16.0},{"not_picked":["Go for the Eyes","Steam Power"],"picked":"Storm","floor":18.0},{"not_picked":["Darkness","Fusion"],"picked":"Leap","floor":20.0},{"not_picked":["Scrape","Compile Driver+1"],"picked":"Fission","floor":22}],"player_experience":9893,"potions_floor_usage":[],"damage_taken":[{"damage":1.0,"enemies":"2 Louse","floor":1.0,"turns":3.0},{"damage":7.0,"enemies":"Small Slimes","floor":3.0,"turns":2.0},{"damage":2.0,"enemies":"Cultist","floor":4.0,"turns":4.0},{"damage":7.0,"enemies":"Exordium Wildlife","floor":5.0,"turns":5.0},{"damage":21.0,"enemies":"Gremlin Nob","floor":6.0,"turns":4.0},{"damage":5.0,"enemies":"3 Louse","floor":10.0,"turns":3.0},{"damage":9.0,"enemies":"Lagavulin","floor":11.0,"turns":5.0},{"damage":3.0,"enemies":"Gremlin Gang","floor":12.0,"turns":3.0},{"damage":10.0,"enemies":"3 Sentries","floor":14.0,"turns":5.0},{"damage":13.0,"enemies":"Slime Boss","floor":16.0,"turns":9.0},{"damage":11.0,"enemies":"Chosen","floor":18.0,"turns":4.0},{"damage":22.0,"enemies":"2 Thieves","floor":20.0,"turns":3.0},{"damage":24,"enemies":"Snecko","floor":22,"turns":5},{"damage":32,"enemies":"Slaver and Parasite","floor":24,"turns":4}],"relics_obtained":[{"floor":6.0,"key":"Mummified Hand"},{"floor":9.0,"key":"Ice Cream"},{"floor":11.0,"key":"Old Coin"},{"floor":14.0,"key":"Lantern"}],"event_choices":[{"event_name":"Liars Game","player_choice":"disagreed","floor":7.0,"damage_taken":0.0},{"event_name":"Drug Dealer","player_choice":"Ignored","floor":19.0,"damage_taken":0.0}],"boss_relics":[],"items_purged_floors":[],"potions_floor_spawned":[4,5,6,11,12,16,18],"seed_played":"3452114090935035821","killed_by":"Slaver and Parasite","ascension_level":0,"potions_obtained":[{"floor":4.0,"key":"Block Potion"},{"floor":5.0,"key":"PowerPotion"},{"floor":6.0,"key":"Fire Potion"},{"floor":11.0,"key":"GamblersBrew"},{"floor":12.0,"key":"SteroidPotion"},{"floor":16.0,"key":"Dexterity Potion"},{"floor":18.0,"key":"Poison Potion"}],"is_trial":false}