{"path_per_floor":["M","?","?","M","M","R","$","R","T","E","?","M","T","M","R","B",null,"M","?","M","?","?","R","E","M","T","R","$","R","M","M","R"],"character_chosen":"IRONCLAD","items_purchased":["Champion Belt","Apotheosis+1","Kunai","Warcry+1"],"gold_per_floor":[216,216,291,309,326,326,21,21,21,56,81,98,98,113,113,214,214,231,446,464,464,464,464,492,502,502,502,20,20,39,54,54,54],"floor_reached":33,"campfire_rested":6,"playtime":2118,"item_purchase_floors":[7,28,28,28],"current_hp_per_floor":[75,59,48,51,55,79,79,79,79,70,49,44,44,43,67,19,80,64,64,31,31,31,55,30,16,16,40,40,64,49,29,53,0],"items_purged":[],"gold":54,"score":265,"play_id":"a91bea5c-c4bf-488f-b4ee-5c5ae7aa517f","local_time":"20180604211008","is_prod":false,"is_daily":false,"chose_seed":false,"is_ascension_mode":false,"campfire_upgraded":1,"win_rate":0,"timestamp":1528161008,"campfire_choices":[{"floor":6,"key":"REST"},{"data":"Searing Blow","floor":8,"key":"SMITH"},{"floor":15,"key":"REST"},{"floor":23,"key":"REST"},{"floor":27,"key":"REST"},{"floor":29,"key":"REST"},{"floor":32,"key":"REST"}],"path_taken":["M","?","?","M","M","R","$","R","T","E","?","M","?","M","R","BOSS","M","?","M","?","?","R","E","M","T","R","$","R","M","M","R","BOSS"],"build_version":"2018-05-31","seed_source_timestamp":354985530021937,"purchased_purges":0,"victory":false,"master_deck":["Strike_R","Strike_R","Strike_R","Strike_R","Strike_R","Defend_R+1","Defend_R","Defend_R","Defend_R","Bash+1","Heavy Blade","Searing Blow+1","Flex","Pommel Strike","Heavy Blade","Shockwave+1","Double Tap+1","Juggernaut","Thunderclap","Spot Weakness+1","Decay","Entrench+1","Blood for Blood","Apotheosis+1","Warcry+1","Flex+1","Twin Strike+1"],"max_hp_per_floor":[80,80,80,80,80,80,80,80,80,80,80,80,80,80,80,80,80,80,80,80,80,80,80,80,80,80,80,80,80,80,80,80,80],"relics":["Burning Blood","Champion Belt","Toxic Egg 2","Matryoshka","Odd Mushroom","Potion Belt","Bottled Lightning","Runic Pyramid","Old Coin","Gremlin Horn","Bottled Flame","Peace Pipe","Kunai"],"card_choices":[{"not_picked":["Iron Wave","Clash"],"picked":"Heavy Blade","floor":1},{"not_picked":["Clash","Sword Boomerang"],"picked":"Searing Blow","floor":4},{"not_picked":["Fire Breathing","Perfected Strike"],"picked":"Flex","floor":5},{"not_picked":["Wild Strike","Twin Strike"],"picked":"Pommel Strike","floor":10},{"not_picked":["Anger","Iron Wave"],"picked":"Heavy Blade","floor":11},{"not_picked":["Hemokinesis","Sword Boomerang"],"picked":"Shockwave+1","floor":12},{"not_picked":["Dual Wield+1","Body Slam"],"picked":"Double Tap+1","floor":14},{"not_picked":["Dark Embrace","Bludgeon"],"picked":"Juggernaut","floor":16},{"not_picked":["Clothesline","Corruption"],"picked":"Thunderclap","floor":18},{"not_picked":["Iron Wave","Twin Strike"],"picked":"Spot Weakness+1","floor":20},{"not_picked":["Havoc+1","Cleave"],"picked":"Entrench+1","floor":24},{"not_picked":["Warcry+1","Feel No Pain"],"picked":"Blood for Blood","floor":25},{"not_picked":["Clash","Armaments+1"],"picked":"Flex+1","floor":30},{"not_picked":["Carnage","Anger"],"picked":"Twin Strike+1","floor":31}],"player_experience":354321,"potions_floor_usage":[11,16,16,16,33],"damage_taken":[{"damage":11,"enemies":"Jaw Worm","floor":1,"turns":4},{"damage":3,"enemies":"2 Louse","floor":4,"turns":3},{"damage":2,"enemies":"Small Slimes","floor":5,"turns":3},{"damage":15,"enemies":"Gremlin Nob","floor":10,"turns":4},{"damage":27,"enemies":"The Mushroom Lair","floor":11,"turns":4},{"damage":11,"enemies":"2 Fungi Beasts","floor":12,"turns":3},{"damage":7,"enemies":"Red Slaver","floor":14,"turns":4},{"damage":54,"enemies":"Hexaghost","floor":16,"turns":10},{"damage":22,"enemies":"Shell Parasite","floor":18,"turns":7},{"damage":39,"enemies":"Spheric Guardian","floor":20,"turns":6},{"damage":31,"enemies":"Gremlin Leader","floor":24,"turns":5},{"damage":20,"enemies":"Centurion and Healer","floor":25,"turns":5},{"damage":21,"enemies":"Snake Plant","floor":30,"turns":6},{"damage":26,"enemies":"Slaver and Parasite","floor":31,"turns":3},{"damage":63,"enemies":"Automaton","floor":33,"turns":6}],"relics_obtained":[{"floor":9,"key":"Toxic Egg 2"},{"floor":10,"key":"Matryoshka"},{"floor":11,"key":"Odd Mushroom"},{"floor":13,"key":"Potion Belt"},{"floor":13,"key":"Bottled Lightning"},{"floor":24,"key":"Gremlin Horn"},{"floor":26,"key":"Bottled Flame"},{"floor":26,"key":"Peace Pipe"}],"event_choices":[{"event_name":"Shining Light","player_choice":"Entered Light","floor":2,"damage_taken":0},{"event_name":"World of Goop","player_choice":"Gather Gold","floor":3,"damage_taken":0},{"event_name":"Mushrooms","player_choice":"Fought Mushrooms","floor":11,"damage_taken":0},{"event_name":"Addict","player_choice":"Obtained Relic","floor":19,"damage_taken":0},{"event_name":"Forgotten Altar","player_choice":"Smashed Altar","floor":21,"damage_taken":0},{"event_name":"Vampires","player_choice":"Ignored","floor":22,"damage_taken":0}],"boss_relics":[{"not_picked":["Snecko Eye","Calling Bell"],"picked":"Runic Pyramid"}],"items_purged_floors":[],"potions_floor_spawned":[4,11,12,14,18,20,30],"seed_played":"3273912416492181549","killed_by":"Automaton","ascension_level":0,"potions_obtained":[{"floor":4,"key":"LiquidBronze"},{"floor":11,"key":"SteroidPotion"},{"floor":12,"key":"Swift Potion"},{"floor":14,"key":"SkillPotion"},{"floor":18,"key":"Ancient Potion"},{"floor":20,"key":"GamblersBrew"},{"floor":30,"key":"SteroidPotion"}],"is_trial":false}