{"gold_per_floor":[114,114,130,130,142,173,173,206,258,268,268,285,11,24,24,128,128,147,147,160,173,173,205,205,232,259,259,270,286,320,23,23,126,126,139,39,57,0,19,19,53,53,99,140,152,164,189,219,231,243,255,267,16,47,47],"floor_reached":56,"playtime":3040,"items_purged":["Strike_R","Strike_R","Strike_R","Strike_R"],"score":1307,"play_id":"d8199aa7-f916-49b2-a546-4c7909a85d47","local_time":"20181205214941","is_ascension_mode":false,"campfire_choices":[{"data":"Flame Barrier","floor":7.0,"key":"SMITH"},{"floor":11.0,"key":"RECALL"},{"data":"Battle Trance","floor":15.0,"key":"SMITH"},{"data":"Battle Trance","floor":24.0,"key":"SMITH"},{"floor":27.0,"key":"REST"},{"floor":32.0,"key":"REST"},{"data":"Demon Form","floor":40.0,"key":"SMITH"},{"data":"Sword Boomerang","floor":42.0,"key":"SMITH"},{"data":"Metallicize","floor":49.0,"key":"SMITH"},{"data":"Metallicize","floor":52.0,"key":"SMITH"}],"neow_cost":"NONE","seed_source_timestamp":0,"circlet_count":0,"master_deck":["Defend_R","Defend_R+1","Defend_R","Bash","Metallicize","Flame Barrier+1","Uppercut","Metallicize+1","Battle Trance+1","Clothesline","Rampage","Battle Trance+1","Fiend Fire","Shockwave+1","Spot Weakness","Metallicize+1","Feed","Second Wind+1","Pommel Strike+1","Demon Form+1","Inflame","Feed","Sword Boomerang+1","Intimidate+1","Disarm","Body Slam","Double Tap+1","Disarm+1"],"special_seed":0,"relics":["Burning Blood","Omamori","Mummified Hand","Orichalcum","Art of War","Sling","Black Star","Paper Frog","Dodecahedron","Potion Belt","Anchor","Bronze Scales","The Courier","Kunai","ClockworkSouvenir","Mark of Pain","Red Mask","Centennial Puzzle","Ancient Tea Set","MawBank","Oddly Smooth Stone","Bag of Preparation","War Paint","Blood Vial"],"potions_floor_usage":[],"damage_taken":[{"damage":0.0,"enemies":"Small Slimes","floor":1.0,"turns":3.0},{"damage":11.0,"enemies":"Jaw Worm","floor":3.0,"turns":6.0},{"damage":0.0,"enemies":"Cultist","floor":5.0,"turns":4.0},{"damage":22.0,"enemies":"3 Sentries","floor":6.0,"turns":13.0},{"damage":6.0,"enemies":"Gremlin Nob","floor":8.0,"turns":6.0},{"damage":0.0,"enemies":"Red Slaver","floor":10.0,"turns":5.0},{"damage":0.0,"enemies":"2 Fungi Beasts","floor":12.0,"turns":3.0},{"damage":0.0,"enemies":"Lots of Slimes","floor":14.0,"turns":4.0},{"damage":22.0,"enemies":"The Guardian","floor":16.0,"turns":11.0},{"damage":0.0,"enemies":"Shell Parasite","floor":18.0,"turns":4.0},{"damage":2.0,"enemies":"2 Thieves","floor":20.0,"turns":3.0},{"damage":9.0,"enemies":"Snake Plant","floor":21.0,"turns":2.0},{"damage":9.0,"enemies":"Slavers","floor":23.0,"turns":7.0},{"damage":48.0,"enemies":"Gremlin Leader","floor":25.0,"turns":8.0},{"damage":9.0,"enemies":"Sentry and Sphere","floor":28.0,"turns":8.0},{"damage":0.0,"enemies":"Cultist and Chosen","floor":29.0,"turns":4.0},{"damage":14.0,"enemies":"Slavers","floor":30.0,"turns":5.0},{"damage":9.0,"enemies":"Champ","floor":33.0,"turns":8.0},{"damage":0.0,"enemies":"Orb Walker","floor":35.0,"turns":3.0},{"damage":0.0,"enemies":"3 Shapes","floor":37.0,"turns":3.0},{"damage":22.0,"enemies":"Sphere and 2 Shapes","floor":39.0,"turns":7.0},{"damage":22.0,"enemies":"Giant Head","floor":41.0,"turns":8.0},{"damage":27.0,"enemies":"Reptomancer","floor":44.0,"turns":5.0},{"damage":0.0,"enemies":"Maw","floor":47.0,"turns":5.0},{"damage":17.0,"enemies":"3 Darklings","floor":48.0,"turns":5.0},{"damage":41.0,"enemies":"Awakened One","floor":50.0,"turns":10.0},{"damage":24.0,"enemies":"Shield and Spear","floor":54.0,"turns":5.0},{"damage":85,"enemies":"The Heart","floor":55,"turns":10}],"seed_played":"884427224416181572","potions_obtained":[{"floor":1.0,"key":"BloodPotion"},{"floor":3.0,"key":"GamblersBrew"},{"floor":8.0,"key":"Regen Potion"},{"floor":16.0,"key":"Energy Potion"},{"floor":18.0,"key":"Energy Potion"},{"floor":19.0,"key":"PowerPotion"},{"floor":19.0,"key":"LiquidBronze"},{"floor":20.0,"key":"FearPotion"},{"floor":25.0,"key":"GamblersBrew"},{"floor":33.0,"key":"Poison Potion"},{"floor":35.0,"key":"FearPotion"},{"floor":39.0,"key":"BloodPotion"},{"floor":41.0,"key":"Fire Potion"},{"floor":47.0,"key":"FearPotion"},{"floor":54.0,"key":"Fruit Juice"}],"is_trial":false,"path_per_floor":["M","?","M","?","M","E","R","E","T","M","R","M","$","M","R","B",null,"M","?","M","M","?","E","R","E","T","R","M","M","E","$","R","B",null,"M","$","M","?","M","R","E","R","T","E","?","?","M","M","R","B",null,"R","$","E","B",null],"character_chosen":"IRONCLAD","items_purchased":["Sling","ClockworkSouvenir","Inflame","Body Slam","Double Tap"],"campfire_rested":2,"item_purchase_floors":[13,31,31,53,53],"current_hp_per_floor":[80,73,76,73,79,63,63,63,63,69,69,75,75,80,80,79,80,80,80,80,77,77,74,74,32,32,56,53,59,54,54,78,75,83,83,83,89,89,76,76,60,60,60,48,48,102,105,94,94,62,108,108,108,95,18],"gold":47,"neow_bonus":"RANDOM_COMMON_RELIC","is_prod":false,"is_daily":false,"chose_seed":false,"campfire_upgraded":7,"win_rate":0,"timestamp":1544064581,"path_taken":["M","?","M","?","M","E","R","E","T","?","R","M","$","M","R","BOSS","M","?","M","?","?","E","R","E","T","R","M","M","E","$","R","BOSS","M","$","?","?","M","R","E","R","T","E","?","?","?","M","R","BOSS","R","$","E","BOSS"],"build_version":"2018-11-15","purchased_purges":4,"victory":true,"max_hp_per_floor":[80,80,80,80,80,80,80,80,80,80,80,80,80,80,80,80,80,80,80,80,80,80,80,80,80,80,80,80,80,83,83,83,83,83,83,83,89,89,92,92,92,92,92,92,92,102,105,105,105,108,108,108,108,113,113],"card_choices":[{"not_picked":["Reckless Charge","Hemokinesis"],"picked":"Metallicize","floor":1.0},{"not_picked":["Shockwave","Corruption"],"picked":"Flame Barrier","floor":3.0},{"not_picked":["Fire Breathing","Infernal Blade"],"picked":"Uppercut","floor":5.0},{"not_picked":["Flex","Armaments"],"picked":"Metallicize","floor":6.0},{"not_picked":["Pummel","Power Through"],"picked":"Battle Trance","floor":8.0},{"not_picked":["Sentinel","True Grit"],"picked":"Clothesline","floor":10.0},{"not_picked":["Inflame","Sword Boomerang"],"picked":"Rampage","floor":12.0},{"not_picked":["Carnage","Disarm"],"picked":"Battle Trance","floor":14.0},{"not_picked":["Reaper","Limit Break"],"picked":"Fiend Fire","floor":16.0},{"not_picked":["Anger","Body Slam"],"picked":"Shockwave+1","floor":18.0},{"not_picked":["Heavy Blade","Armaments"],"picked":"Spot Weakness","floor":20.0},{"not_picked":["Uppercut","Corruption","Power Through+1"],"picked":"SKIP","floor":21.0},{"not_picked":["Combust+1","Wild Strike"],"picked":"Feed","floor":23.0},{"not_picked":["Dark Embrace","Power Through"],"picked":"Second Wind+1","floor":25.0},{"not_picked":["Cleave","Bloodletting"],"picked":"Pommel Strike+1","floor":28.0},{"not_picked":["Searing Blow","Power Through","Havoc"],"picked":"SKIP","floor":29.0},{"not_picked":["Shockwave","True Grit"],"picked":"Demon Form","floor":30.0},{"not_picked":["Immolate","Dark Embrace"],"picked":"Feed","floor":33.0},{"not_picked":["Flex+1","Anger","Uppercut+1"],"picked":"SKIP","floor":35.0},{"not_picked":["Entrench+1","Dual Wield","Cleave+1"],"picked":"SKIP","floor":37.0},{"not_picked":["Headbutt+1","Clothesline"],"picked":"Sword Boomerang","floor":39.0},{"not_picked":["Fire Breathing","Havoc+1"],"picked":"Intimidate+1","floor":41.0},{"not_picked":["Searing Blow+1","Battle Trance"],"picked":"Demon Form","floor":44.0},{"not_picked":["Evolve+1","Anger+1","Burning Pact+1"],"picked":"SKIP","floor":47.0},{"not_picked":["Seeing Red","Clothesline"],"picked":"Disarm","floor":48.0},{"not_picked":["Spot Weakness+1","Clash"],"picked":"Disarm+1","floor":54.0}],"player_experience":1772117,"relics_obtained":[{"floor":6.0,"key":"Orichalcum"},{"floor":8.0,"key":"Art of War"},{"floor":23.0,"key":"Paper Frog"},{"floor":23.0,"key":"Dodecahedron"},{"floor":25.0,"key":"Potion Belt"},{"floor":25.0,"key":"Anchor"},{"floor":26.0,"key":"Bronze Scales"},{"floor":30.0,"key":"The Courier"},{"floor":30.0,"key":"Kunai"},{"floor":41.0,"key":"Centennial Puzzle"},{"floor":41.0,"key":"Ancient Tea Set"},{"floor":43.0,"key":"MawBank"},{"floor":44.0,"key":"Oddly Smooth Stone"},{"floor":44.0,"key":"Bag of Preparation"},{"floor":54.0,"key":"War Paint"},{"floor":54.0,"key":"Blood Vial"}],"event_choices":[{"cards_removed":["Strike_R"],"damage_healed":0.0,"max_hp_gain":0.0,"max_hp_loss":0.0,"gold_gain":0.0,"event_name":"Golden Wing","player_choice":"Card Removal","floor":2.0,"gold_loss":0.0,"damage_taken":7.0},{"damage_healed":0.0,"max_hp_gain":0.0,"max_hp_loss":0.0,"gold_gain":0.0,"event_name":"Scrap Ooze","player_choice":"Success","floor":4.0,"gold_loss":0.0,"damage_taken":3.0,"relics_obtained":["Mummified Hand"]},{"damage_healed":0.0,"max_hp_gain":0.0,"max_hp_loss":0.0,"gold_gain":0.0,"event_name":"Lab","player_choice":"Got Potions","floor":19.0,"gold_loss":0.0,"damage_taken":0.0},{"damage_healed":0.0,"max_hp_gain":0.0,"max_hp_loss":0.0,"gold_gain":0.0,"event_name":"Duplicator","player_choice":"Copied","floor":22.0,"gold_loss":0.0,"damage_taken":0.0,"cards_obtained":["Metallicize"]},{"damage_healed":0.0,"max_hp_gain":0.0,"max_hp_loss":0.0,"gold_gain":0.0,"event_name":"Tomb of Lord Red Mask","player_choice":"Paid","floor":38.0,"gold_loss":57.0,"damage_taken":0.0,"relics_obtained":["Red Mask"]},{"cards_removed":["Defend_R"],"damage_healed":0.0,"max_hp_gain":0.0,"max_hp_loss":0.0,"gold_gain":0.0,"event_name":"Falling","player_choice":"Removed Skill","floor":45.0,"gold_loss":0.0,"damage_taken":0.0},{"cards_removed":["Demon Form"],"damage_healed":44.0,"max_hp_gain":10.0,"max_hp_loss":0.0,"gold_gain":0.0,"event_name":"Bonfire Elementals","player_choice":"Offered Rare","floor":46.0,"gold_loss":0.0,"damage_taken":0.0}],"is_beta":false,"boss_relics":[{"not_picked":["Pandora\u0027s Box","Runic Dome"],"picked":"Black Star"},{"not_picked":["Coffee Dripper","Astrolabe"],"picked":"Mark of Pain"}],"items_purged_floors":[13,31,36,53],"is_endless":false,"potions_floor_spawned":[1,3,8,16,18,20,25,33,35,39,41,47,54],"ascension_level":0}