{"path_per_floor":["M","?","?","$","M","R","T","E","T","M","R","?","R","M","R","B",null,"M","$","?","?","?","R","M","R","T","M","E","M","M","?","R","B",null,"M","?","$","M","M","T","?","?","T","R","$","M","T","E","R","B"],"character_chosen":"THE_SILENT","items_purchased":["Caltrops","Frozen Egg 2","Apotheosis"],"gold_per_floor":[118,118,118,48,60,60,60,89,89,105,105,105,105,122,122,219,219,238,163,163,163,163,163,180,180,180,194,229,243,258,258,258,361,361,380,380,122,141,154,154,154,154,208,208,32,44,44,73,73,73],"floor_reached":51,"campfire_rested":6,"playtime":2851,"item_purchase_floors":[4,37,45],"current_hp_per_floor":[70,75,75,75,73,73,73,49,49,45,45,30,52,43,65,7,75,75,75,75,75,75,75,59,75,75,57,44,35,34,34,56,46,75,68,82,82,62,22,22,22,22,22,48,48,32,32,16,42,8],"items_purged":["Strike_G"],"gold":73,"score":1083,"play_id":"9b5f4db6-4055-4432-ab15-6524285f677b","local_time":"20180615150438","is_prod":false,"is_daily":false,"chose_seed":false,"is_ascension_mode":true,"campfire_upgraded":3,"win_rate":0,"timestamp":1529089478,"campfire_choices":[{"data":"Caltrops","floor":6,"key":"SMITH"},{"data":"Infinite Blades","floor":11,"key":"SMITH"},{"floor":13,"key":"REST"},{"floor":15,"key":"REST"},{"data":"Catalyst","floor":23,"key":"SMITH"},{"floor":25,"key":"REST"},{"floor":32,"key":"REST"},{"floor":44,"key":"REST"},{"floor":49,"key":"REST"}],"path_taken":["M","?","?","?","M","R","?","E","T","M","R","?","R","?","R","BOSS","M","$","?","?","?","R","M","R","T","M","E","?","M","?","R","BOSS","M","?","?","M","M","?","?","?","T","R","$","?","?","E","R","BOSS"],"build_version":"2018-06-14v2","seed_source_timestamp":125965716298304,"purchased_purges":1,"victory":true,"master_deck":["Defend_G","Defend_G","Defend_G","Defend_G","Defend_G+1","Strike_G","Strike_G","Strike_G","Survivor","Neutralize","Crippling Poison","Expertise+1","Caltrops+1","Deadly Poison","Infinite Blades+1","Bouncing Flask","Catalyst+1","Deadly Poison","Tools of the Trade+1","Dash","PiercingWail","Burst","Sadistic Nature+1","Catalyst+1","Apotheosis"],"max_hp_per_floor":[70,75,75,75,75,75,75,75,75,75,75,75,75,75,75,75,75,75,75,75,75,75,75,75,75,75,75,75,75,75,75,75,75,75,75,89,89,89,89,89,89,89,89,89,89,89,89,89,89,89],"relics":["Ring of the Snake","Bronze Scales","Ice Cream","Dream Catcher","Ninja Scroll","Busted Crown","Darkstone Periapt","Ginger","Lizard Tail","Mango","Frozen Egg 2","Shovel","Tiny Chest","Bag of Marbles","Potion Belt"],"card_choices":[{"not_picked":["Prepared","Poisoned Stab"],"picked":"Crippling Poison","floor":1},{"not_picked":["Dodge and Roll","All Out Attack"],"picked":"Deadly Poison","floor":5},{"not_picked":["Backflip","Deflect"],"picked":"Infinite Blades","floor":8},{"not_picked":["Endless Agony","Poisoned Stab"],"picked":"Bouncing Flask","floor":10},{"not_picked":["Bane","Infinite Blades"],"picked":"Catalyst","floor":13},{"not_picked":["Distraction","Quick Slash","Underhanded Strike"],"picked":"SKIP","floor":14},{"not_picked":["Expertise","Bane"],"picked":"Deadly Poison","floor":15},{"not_picked":["Venomology","Corpse Explosion"],"picked":"Tools of the Trade","floor":16},{"not_picked":["Flying Knee"],"picked":"SKIP","floor":18},{"not_picked":["Dagger Throw+1"],"picked":"SKIP","floor":24},{"not_picked":["Dodge and Roll"],"picked":"SKIP","floor":27},{"not_picked":["Heel Hook"],"picked":"SKIP","floor":28},{"not_picked":["Cloak And Dagger"],"picked":"SKIP","floor":29},{"not_picked":[],"picked":"PiercingWail","floor":30},{"not_picked":["Slice"],"picked":"SKIP","floor":35},{"not_picked":["Footwork+1"],"picked":"SKIP","floor":38},{"not_picked":["Riddle With Holes+1"],"picked":"SKIP","floor":39},{"not_picked":[],"picked":"Sadistic Nature+1","floor":41},{"not_picked":["Expertise+1"],"picked":"SKIP","floor":46},{"not_picked":["Cloak And Dagger+1"],"picked":"SKIP","floor":48}],"player_experience":585186,"potions_floor_usage":[24,29,33],"damage_taken":[{"damage":0,"enemies":"2 Louse","floor":1,"turns":3},{"damage":2,"enemies":"Small Slimes","floor":5,"turns":4},{"damage":24,"enemies":"3 Sentries","floor":8,"turns":7},{"damage":4,"enemies":"Cultist","floor":10,"turns":3},{"damage":9,"enemies":"Large Slime","floor":14,"turns":5},{"damage":58,"enemies":"Slime Boss","floor":16,"turns":12},{"damage":0,"enemies":"3 Byrds","floor":18,"turns":2},{"damage":16,"enemies":"2 Thieves","floor":24,"turns":3},{"damage":18,"enemies":"Chosen and Byrds","floor":27,"turns":4},{"damage":13,"enemies":"Book of Stabbing","floor":28,"turns":4},{"damage":9,"enemies":"Cultist and Chosen","floor":29,"turns":4},{"damage":1,"enemies":"Snecko","floor":30,"turns":4},{"damage":10,"enemies":"Champ","floor":33,"turns":5},{"damage":7,"enemies":"Orb Walker","floor":35,"turns":4},{"damage":0,"floor":36,"turns":6},{"damage":20,"enemies":"3 Shapes","floor":38,"turns":5},{"damage":40,"enemies":"3 Darklings","floor":39,"turns":6},{"damage":16,"enemies":"4 Shapes","floor":46,"turns":5},{"damage":16,"enemies":"Giant Head","floor":48,"turns":6},{"damage":83,"enemies":"Time Eater","floor":50,"turns":10}],"relics_obtained":[{"floor":7,"key":"Ice Cream"},{"floor":8,"key":"Dream Catcher"},{"floor":9,"key":"Ninja Scroll"},{"floor":26,"key":"Darkstone Periapt"},{"floor":28,"key":"Ginger"},{"floor":36,"key":"Mango"},{"floor":40,"key":"Shovel"},{"floor":43,"key":"Tiny Chest"},{"floor":47,"key":"Bag of Marbles"},{"floor":48,"key":"Potion Belt"}],"event_choices":[{"event_name":"Big Fish","player_choice":"Donut","floor":2,"damage_taken":0},{"event_name":"Transmorgrifier","player_choice":"Transform","floor":3,"damage_taken":0},{"event_name":"Shining Light","player_choice":"Entered Light","floor":12,"damage_taken":0},{"event_name":"Match and Keep!","player_choice":"1 cards matched","floor":20,"damage_taken":0},{"event_name":"Vampires","player_choice":"Ignored","floor":21,"damage_taken":0},{"event_name":"Accursed Blacksmith","player_choice":"Forge","floor":22,"damage_taken":0},{"event_name":"The Library","player_choice":"Read","floor":31,"damage_taken":0},{"event_name":"MindBloom","player_choice":"Fight","floor":36,"damage_taken":0},{"event_name":"SensoryStone","player_choice":"Memory 1","floor":41,"damage_taken":0},{"event_name":"Duplicator","player_choice":"One dupe","floor":42,"damage_taken":0}],"boss_relics":[{"not_picked":["Coffee Dripper","Fusion Hammer"],"picked":"Busted Crown"},{"not_picked":["Pandora\u0027s Box","Philosopher\u0027s Stone"],"picked":"Lizard Tail"}],"items_purged_floors":[19],"is_endless":false,"potions_floor_spawned":[8,16,18,28,30,33,35,38],"seed_played":"-2247231711805508579","ascension_level":2,"potions_obtained":[{"floor":8,"key":"FairyPotion"},{"floor":16,"key":"SpeedPotion"},{"floor":18,"key":"Fire Potion"},{"floor":28,"key":"Fire Potion"},{"floor":30,"key":"Strength Potion"},{"floor":33,"key":"FairyPotion"}],"is_trial":false}