{"gold_per_floor":[212,225,225,225,238,238,262,262,338,356,372,397,411,34,34,158,158,182,182,61,61,82,82,82],"floor_reached":24,"playtime":1530,"items_purged":["Defend_R"],"score":190,"play_id":"ecac2706-b283-45ee-a68b-0bec6229765e","local_time":"20190107212828","is_ascension_mode":false,"campfire_choices":[{"data":"Inflame","floor":6,"key":"SMITH"},{"data":"Dual Wield","floor":8,"key":"SMITH"},{"data":"Flex","floor":15,"key":"SMITH"},{"data":"Perfected Strike","floor":23,"key":"SMITH"}],"neow_cost":"NONE","seed_source_timestamp":1505070602474801,"circlet_count":0,"master_deck":["Strike_R","Strike_R","Strike_R","Strike_R","Strike_R","Defend_R","Defend_R","Defend_R","Bash","Anger","Perfected Strike+1","Inflame+1","Dual Wield+1","Heavy Blade","Flex+1","Shrug It Off","Juggernaut","Wild Strike","Perfected Strike+1","Power Through","Burning Pact+1","Twin Strike"],"relics":["Burning Blood","Golden Idol","The Courier","MealTicket","Bronze Scales","Orrery","Happy Flower"],"potions_floor_usage":[10,13,16,16,18],"damage_taken":[{"damage":11,"enemies":"Jaw Worm","floor":1,"turns":2},{"damage":0,"enemies":"2 Louse","floor":2,"turns":3},{"damage":1,"enemies":"Cultist","floor":5,"turns":3},{"damage":5,"enemies":"Looter","floor":7,"turns":2},{"damage":0,"enemies":"Exordium Wildlife","floor":10,"turns":2},{"damage":32,"enemies":"Gremlin Gang","floor":11,"turns":4},{"damage":10,"enemies":"Looter","floor":12,"turns":3},{"damage":8,"enemies":"Exordium Wildlife","floor":13,"turns":3},{"damage":29,"enemies":"Hexaghost","floor":16,"turns":6},{"damage":24,"enemies":"Shell Parasite","floor":18,"turns":5},{"damage":30,"enemies":"2 Thieves","floor":22,"turns":3},{"damage":44,"enemies":"Snecko","floor":24,"turns":4}],"seed_played":"8706778622760532441","potions_obtained":[{"floor":5,"key":"Strength Potion"},{"floor":7,"key":"Energy Potion"},{"floor":12,"key":"Ancient Potion"},{"floor":13,"key":"BloodPotion"},{"floor":16,"key":"SpeedPotion"}],"is_trial":false,"path_per_floor":["M","M","?","?","M","R","M","R","T","M","M","M","M","$","R","B",null,"M","?","$","?","M","R","M"],"character_chosen":"IRONCLAD","items_purchased":["MealTicket","Bronze Scales","Block Potion","Happy Flower"],"campfire_rested":0,"item_purchase_floors":[14,14,14,20],"current_hp_per_floor":[75,80,74,74,74,74,74,74,74,74,48,44,42,42,42,26,74,56,56,66,66,42,42,0],"gold":82,"neow_bonus":"HUNDRED_GOLD","is_prod":false,"is_daily":false,"chose_seed":false,"campfire_upgraded":4,"win_rate":0,"timestamp":1546925308,"path_taken":["M","M","?","?","M","R","M","R","T","M","M","M","M","$","R","BOSS","M","?","$","?","M","R","M"],"build_version":"2019-01-03v4","purchased_purges":1,"victory":false,"max_hp_per_floor":[80,80,74,74,74,74,74,74,74,74,74,74,74,74,74,74,74,74,74,74,74,74,74,74],"card_choices":[{"not_picked":["Shrug It Off","Power Through"],"picked":"Anger","floor":1},{"not_picked":["Thunderclap","Heavy Blade"],"picked":"Perfected Strike","floor":2},{"not_picked":["Corruption","Evolve"],"picked":"Inflame","floor":5},{"not_picked":["Sever Soul","Warcry"],"picked":"Dual Wield","floor":7},{"not_picked":["Iron Wave","Clash"],"picked":"Heavy Blade","floor":10},{"not_picked":["Heavy Blade","Perfected Strike"],"picked":"Flex","floor":11},{"not_picked":["Warcry","Burning Pact","Sword Boomerang"],"picked":"SKIP","floor":12},{"not_picked":["Fire Breathing","Warcry"],"picked":"Shrug It Off","floor":13},{"not_picked":["Bludgeon","Barricade"],"picked":"Juggernaut","floor":16},{"not_picked":["Dual Wield","Second Wind"],"picked":"Wild Strike","floor":17},{"not_picked":["Iron Wave","Shrug It Off"],"picked":"Perfected Strike","floor":17},{"not_picked":["Headbutt","Ghostly Armor"],"picked":"Power Through","floor":17},{"not_picked":["Power Through","Warcry+1"],"picked":"Burning Pact+1","floor":18},{"not_picked":["Headbutt","Sword Boomerang"],"picked":"Twin Strike","floor":22}],"player_experience":95317,"relics_obtained":[{"floor":9,"key":"The Courier"}],"event_choices":[{"damage_healed":0,"gold_gain":0,"player_choice":"Lose Max HP","damage_taken":0,"relics_obtained":["Golden Idol"],"max_hp_gain":0,"max_hp_loss":6,"event_name":"Golden Idol","floor":3,"gold_loss":0},{"damage_healed":0,"gold_gain":0,"player_choice":"Grow","damage_taken":0,"max_hp_gain":0,"max_hp_loss":0,"event_name":"Living Wall","floor":4,"gold_loss":0,"cards_upgraded":["Perfected Strike"]},{"damage_healed":0,"gold_gain":0,"player_choice":"Ignored","damage_taken":0,"max_hp_gain":0,"max_hp_loss":0,"event_name":"Vampires","floor":19,"gold_loss":0},{"damage_healed":0,"gold_gain":0,"player_choice":"Ignored","damage_taken":0,"max_hp_gain":0,"max_hp_loss":0,"event_name":"Beggar","floor":21,"gold_loss":0}],"is_beta":false,"boss_relics":[{"not_picked":["Mark of Pain","Busted Crown"],"picked":"Orrery"}],"items_purged_floors":[14],"is_endless":false,"potions_floor_spawned":[5,7,12,13,16],"killed_by":"Snecko","ascension_level":0}