{"gold_per_floor":[119,119,130,145,16,16,30,65,65,65],"floor_reached":10,"playtime":636,"items_purged":[],"score":119,"play_id":"07ff209f-220d-4c31-b813-44d0a8ff1330","local_time":"20190114113158","is_ascension_mode":true,"campfire_choices":[{"data":"Infinite Blades","floor":6,"key":"SMITH"}],"neow_cost":"NONE","seed_source_timestamp":460890589703091,"circlet_count":0,"master_deck":["AscendersBane","Defend_G","Defend_G","Defend_G","Defend_G","Defend_G","Strike_G","Strike_G","Strike_G","Strike_G","Survivor","Neutralize+1","Dodge and Roll","Dodge and Roll","Skewer","Infinite Blades+1","Blade Dance","Leg Sweep","Well Laid Plans"],"relics":["Ring of the Snake","Sundial"],"potions_floor_usage":[],"damage_taken":[{"damage":0,"enemies":"2 Louse","floor":1,"turns":5},{"damage":0,"enemies":"Cultist","floor":3,"turns":5},{"damage":0,"enemies":"Small Slimes","floor":4,"turns":5},{"damage":12,"enemies":"3 Louse","floor":7,"turns":5},{"damage":34,"enemies":"3 Sentries","floor":8,"turns":12},{"damage":16,"enemies":"Gremlin Nob","floor":10,"turns":3}],"seed_played":"-3546216276259678264","potions_obtained":[{"floor":3,"key":"Dexterity Potion"},{"floor":4,"key":"EssenceOfSteel"},{"floor":8,"key":"Dexterity Potion"}],"is_trial":false,"path_per_floor":["M","?","M","M","$","R","M","E","T","E"],"character_chosen":"THE_SILENT","items_purchased":["Infinite Blades","Blade Dance"],"campfire_rested":0,"item_purchase_floors":[5,5],"current_hp_per_floor":[59,59,59,59,59,59,47,13,13,0],"gold":65,"neow_bonus":"REMOVE_CARD","is_prod":false,"is_daily":false,"chose_seed":false,"campfire_upgraded":1,"win_rate":0,"timestamp":1547483518,"path_taken":["M","?","M","M","$","R","M","E","T","E"],"build_version":"2019-01-10","purchased_purges":0,"victory":false,"max_hp_per_floor":[66,66,66,66,66,66,66,66,66,66],"card_choices":[{"not_picked":["Prepared","Expertise"],"picked":"Dodge and Roll","floor":1},{"not_picked":["Sucker Punch","Expertise"],"picked":"Dodge and Roll","floor":3},{"not_picked":["Concentrate","Heel Hook"],"picked":"Skewer","floor":4},{"not_picked":["Heel Hook","Underhanded Strike"],"picked":"Leg Sweep","floor":7},{"not_picked":["Acrobatics","Distraction"],"picked":"Well Laid Plans","floor":8}],"player_experience":2115557,"relics_obtained":[{"floor":8,"key":"Sundial"}],"event_choices":[{"damage_healed":0,"gold_gain":0,"player_choice":"Forge","damage_taken":0,"max_hp_gain":0,"max_hp_loss":0,"event_name":"Accursed Blacksmith","floor":2,"gold_loss":0,"cards_upgraded":["Neutralize"]}],"is_beta":false,"boss_relics":[],"items_purged_floors":[],"is_endless":false,"potions_floor_spawned":[3,4,8],"killed_by":"Gremlin Nob","ascension_level":15}