{"gold_per_floor":[118,133,146,146,146,146,200,200,226,226,254,88,88,101,101,199,199,181,181,200,200,51,76,88,88,88,88,118,118,118,128,128,128],"floor_reached":33,"playtime":1583,"items_purged":["Strike_G","Strike_G"],"score":398,"play_id":"88737cbd-e505-4e53-b2e1-59a8c1bc0818","local_time":"20180802084536","is_ascension_mode":true,"campfire_choices":[{"data":"Poisoned Stab","floor":6.0,"key":"SMITH"},{"data":"Survivor","floor":8.0,"key":"SMITH"},{"floor":10.0,"key":"REST"},{"data":"Caltrops","floor":13.0,"key":"SMITH"},{"data":"Deadly Poison","floor":15.0,"key":"SMITH"},{"floor":25,"key":"REST"},{"data":"Envenom","floor":27,"key":"SMITH"},{"floor":29,"key":"REST"},{"floor":32,"key":"REST"}],"neow_cost":"NONE","seed_source_timestamp":0,"circlet_count":0,"master_deck":["Defend_G","Defend_G","Defend_G","Defend_G","Defend_G","Strike_G","Survivor+1","Neutralize+1","Masterful Stab","Poisoned Stab+1","Sucker Punch","Caltrops+1","Deadly Poison+1","Dash","Wraith Form v2","Deadly Poison+1","PiercingWail+1","Deadly Poison","Backflip","Envenom+1","Dagger Throw","Cloak And Dagger+1","Backflip+1","RitualDagger","Sucker Punch+1","PiercingWail"],"special_seed":0,"relics":["Empty Cage","Incense Burner","Snake Skull","Boot","Omamori","Runic Dome","Dream Catcher","Paper Crane","Ancient Tea Set"],"potions_floor_usage":[],"damage_taken":[{"damage":4.0,"enemies":"Small Slimes","floor":1.0,"turns":4.0},{"damage":0.0,"enemies":"2 Louse","floor":2.0,"turns":4.0},{"damage":0.0,"enemies":"Jaw Worm","floor":3.0,"turns":4.0},{"damage":14.0,"enemies":"Lagavulin","floor":11.0,"turns":6.0},{"damage":0.0,"enemies":"Large Slime","floor":14.0,"turns":5.0},{"damage":20.0,"enemies":"Slime Boss","floor":16.0,"turns":12.0},{"damage":6.0,"enemies":"2 Thieves","floor":18.0,"turns":4.0},{"damage":0.0,"enemies":"Chosen","floor":20.0,"turns":4.0},{"damage":0.0,"enemies":"Book of Stabbing","floor":23.0,"turns":5.0},{"damage":17.0,"enemies":"3 Cultists","floor":24.0,"turns":7.0},{"damage":16,"enemies":"Gremlin Leader","floor":28,"turns":5},{"damage":32,"enemies":"Cultist and Chosen","floor":31,"turns":6},{"damage":49,"enemies":"Collector","floor":33,"turns":7}],"seed_played":"3414506858142258307","potions_obtained":[{"floor":2.0,"key":"Weak Potion"},{"floor":3.0,"key":"Regen Potion"},{"floor":11.0,"key":"Energy Potion"},{"floor":18.0,"key":"SteroidPotion"},{"floor":24.0,"key":"Swift Potion"}],"is_trial":false,"path_per_floor":["M","M","M","?","?","R","T","R","T","R","E","$","R","M","R","B",null,"M","?","M","?","$","E","M","R","T","R","E","R","?","M","R"],"character_chosen":"THE_SILENT","items_purchased":["Deadly Poison","Dash","Deadly Poison"],"campfire_rested":4,"item_purchase_floors":[12,12,22],"current_hp_per_floor":[59,59,59,47,47,47,47,47,47,68,68,68,68,68,68,48,65,59,46,46,46,46,46,29,51,51,51,35,57,51,19,41,0],"gold":128,"neow_bonus":"BOSS_RELIC","is_prod":false,"is_daily":false,"chose_seed":false,"campfire_upgraded":5,"win_rate":0,"timestamp":1533213936,"path_taken":["M","M","M","?","?","R","?","R","T","R","E","$","R","M","R","BOSS","M","?","?","?","$","E","M","R","T","R","E","R","?","M","R","BOSS"],"build_version":"2018-07-26","purchased_purges":2,"victory":false,"max_hp_per_floor":[70,70,70,70,70,70,70,70,70,70,70,70,70,70,70,70,70,70,75,75,75,75,75,75,75,75,75,75,75,75,75,75,75],"card_choices":[{"not_picked":["Bane","Reflex"],"picked":"Masterful Stab","floor":1.0},{"not_picked":["Underhanded Strike","Quick Slash"],"picked":"Poisoned Stab","floor":2.0},{"not_picked":["Acrobatics","Dagger Throw"],"picked":"Sucker Punch","floor":3.0},{"not_picked":["Poisoned Stab","Deflect"],"picked":"Caltrops","floor":11.0},{"not_picked":["Bane","Unload","Dagger Throw"],"picked":"SKIP","floor":14.0},{"not_picked":["Night Terror","Phantasmal Killer"],"picked":"Wraith Form v2","floor":16.0},{"not_picked":["Dagger Spray","Footwork+1"],"picked":"Deadly Poison+1","floor":18.0},{"not_picked":["Blade Dance","Deflect"],"picked":"PiercingWail+1","floor":20.0},{"not_picked":["Prepared","Riddle With Holes+1"],"picked":"Backflip","floor":23.0},{"not_picked":["Backstab","Flechettes"],"picked":"Envenom","floor":24.0},{"not_picked":["Prepared","Slice"],"picked":"Dagger Throw","floor":25},{"not_picked":["Slice","Night Terror"],"picked":"Cloak And Dagger+1","floor":28},{"not_picked":["Well Laid Plans","Bane"],"picked":"Backflip+1","floor":29},{"not_picked":["Distraction+1","Underhanded Strike"],"picked":"Sucker Punch+1","floor":31},{"not_picked":["Quick Slash","Eviscerate"],"picked":"PiercingWail","floor":32}],"player_experience":1381403,"relics_obtained":[{"floor":7.0,"key":"Snake Skull"},{"floor":9.0,"key":"Boot"},{"floor":11.0,"key":"Omamori"},{"floor":23.0,"key":"Dream Catcher"},{"floor":26,"key":"Paper Crane"},{"floor":28,"key":"Ancient Tea Set"}],"event_choices":[{"event_name":"Scrap Ooze","player_choice":"success","floor":4.0,"damage_taken":12.0},{"event_name":"Living Wall","player_choice":"Grow","floor":5.0,"damage_taken":0.0},{"event_name":"Forgotten Altar","player_choice":"Shed Blood","floor":19.0,"damage_taken":0.0},{"event_name":"Addict","player_choice":"Ignored","floor":21.0,"damage_taken":0.0},{"event_name":"Nest","player_choice":"Joined the Cult","floor":30,"damage_taken":0}],"is_beta":false,"boss_relics":[{"not_picked":["Ectoplasm","Runic Pyramid"],"picked":"Runic Dome"}],"items_purged_floors":[12,22],"is_endless":false,"potions_floor_spawned":[2,3,11,18,20,24],"killed_by":"Collector","ascension_level":6}