{"gold_per_floor":[118,135,135,135,85,85,116,116,116,130,150,166,11,27,27,123,123,136,171,171,92,92,92,92,112,187,200,200,200,200,210,210,309,309,321,321,258,276,293,311,344,344,344,344,355,369,369,8,8,8],"floor_reached":51,"playtime":3254,"items_purged":["Strike_B"],"score":1028,"play_id":"73e6dc85-0a7f-4599-bd4c-74e2b7bb1aa0","local_time":"20180806095215","is_ascension_mode":true,"campfire_choices":[{"data":"Zap","floor":6,"key":"SMITH"},{"floor":8,"key":"REST"},{"data":"Redo","floor":15,"key":"SMITH"},{"data":"Echo Form","floor":23,"key":"SMITH"},{"data":"Redo","floor":28,"key":"SMITH"},{"data":"Hologram","floor":30,"key":"SMITH"},{"data":"Sunder","floor":32,"key":"SMITH"},{"data":"Creative AI","floor":42,"key":"SMITH"},{"data":"Streamline","floor":44,"key":"SMITH"},{"data":"Loop","floor":47,"key":"SMITH"},{"data":"Dualcast","floor":49,"key":"SMITH"}],"neow_cost":"NONE","seed_source_timestamp":1006435410595611,"circlet_count":0,"master_deck":["Defend_B","Defend_B","Defend_B","Defend_B","Zap+1","Dualcast+1","AscendersBane","Self Repair","Streamline+1","Sunder+1","Coolheaded","Redo+1","Loop+1","Leap","Echo Form+1","Undo","Redo+1","Defragment+1","Hologram+1","Genetic Algorithm","Hologram","Creative AI+1","Cold Snap+1","Leap","Coolheaded+1","Blind"],"relics":["FrozenCore","Art of War","Thread and Needle","Du-Vu Doll","Mummified Hand","Red Mask","Mercury Hourglass","Philosopher\u0027s Stone","Smiling Mask","Darkstone Periapt","The Courier","Runic Capacitor","Pen Nib"],"potions_floor_usage":[2,16,19,27,33,41,41,41,45,50,50],"damage_taken":[{"damage":5,"enemies":"Cultist","floor":1,"turns":4},{"damage":10,"enemies":"Small Slimes","floor":2,"turns":3},{"damage":23,"enemies":"3 Sentries","floor":7,"turns":7},{"damage":0,"enemies":"2 Louse","floor":10,"turns":2},{"damage":0,"enemies":"2 Fungi Beasts","floor":11,"turns":2},{"damage":0,"enemies":"Exordium Wildlife","floor":12,"turns":3},{"damage":2,"enemies":"3 Louse","floor":14,"turns":2},{"damage":56,"enemies":"Hexaghost","floor":16,"turns":10},{"damage":3,"enemies":"Shell Parasite","floor":18,"turns":8},{"damage":53,"floor":19,"turns":7},{"damage":0,"enemies":"Spheric Guardian","floor":25,"turns":7},{"damage":0,"enemies":"Centurion and Healer","floor":27,"turns":6},{"damage":5,"enemies":"Slaver and Parasite","floor":31,"turns":9},{"damage":6,"enemies":"Automaton","floor":33,"turns":11},{"damage":0,"enemies":"Orb Walker","floor":35,"turns":3},{"damage":2,"enemies":"3 Shapes","floor":38,"turns":3},{"damage":15,"enemies":"Sphere and 2 Shapes","floor":39,"turns":4},{"damage":1,"enemies":"Spire Growth","floor":40,"turns":5},{"damage":25,"enemies":"2 Orb Walkers","floor":41,"turns":6},{"damage":0,"enemies":"Flame Bruiser 2 Orb","floor":45,"turns":7},{"damage":0,"enemies":"4 Shapes","floor":46,"turns":6},{"damage":41,"enemies":"Awakened One","floor":50,"turns":20}],"seed_played":"-5103866056093897606","potions_obtained":[{"floor":1,"key":"SkillPotion"},{"floor":7,"key":"EssenceOfSteel"},{"floor":16,"key":"Energy Potion"},{"floor":19,"key":"Strength Potion"},{"floor":25,"key":"Poison Potion"},{"floor":35,"key":"FocusPotion"},{"floor":36,"key":"EntropicBrew"},{"floor":41,"key":"Ancient Potion"},{"floor":46,"key":"EssenceOfSteel"}],"is_trial":false,"path_per_floor":["M","M","?","T","?","R","E","R","T","M","M","M","$","M","R","B",null,"M","?","?","$","?","R","?","M","T","M","R","?","R","M","R","B",null,"M","?","?","M","M","M","E","R","T","R","M","M","R","$","R","B"],"character_chosen":"DEFECT","items_purchased":["Loop","Defragment","Runic Capacitor","Pen Nib","Blind"],"campfire_rested":1,"item_purchase_floors":[13,21,48,48,48],"current_hp_per_floor":[63,60,53,53,53,53,37,59,59,66,73,75,75,73,73,24,62,66,27,27,27,52,52,52,66,66,73,73,73,73,75,75,75,75,75,75,75,75,67,73,55,55,55,55,62,69,69,69,69,35],"gold":8,"neow_bonus":"RANDOM_COMMON_RELIC","is_prod":false,"is_daily":false,"chose_seed":false,"campfire_upgraded":10,"win_rate":0,"timestamp":1533563535,"path_taken":["M","?","?","?","?","R","E","R","T","M","M","M","$","M","R","BOSS","M","?","?","?","?","R","?","M","T","M","R","?","R","M","R","BOSS","M","?","?","?","M","M","E","R","T","R","M","M","R","$","R","BOSS"],"build_version":"2018-08-02","purchased_purges":1,"victory":true,"max_hp_per_floor":[75,75,75,75,75,75,75,75,75,75,75,75,75,75,75,75,75,75,75,75,75,75,75,75,75,75,75,75,75,75,75,75,75,75,75,75,75,75,75,75,75,75,75,75,75,75,75,75,75,75],"card_choices":[{"not_picked":["FTL","Conserve Battery"],"picked":"Self Repair","floor":1},{"not_picked":["Auto Shields","Barrage"],"picked":"Streamline","floor":2},{"not_picked":["Undo","Ball Lightning"],"picked":"Sunder","floor":7},{"not_picked":["Gash","Melter"],"picked":"Coolheaded","floor":10},{"not_picked":["Storm","Sweeping Beam","Ball Lightning"],"picked":"SKIP","floor":11},{"not_picked":["Beam Cell","Rebound"],"picked":"Redo","floor":12},{"not_picked":["Rebound","Chaos"],"picked":"Leap","floor":14},{"not_picked":["Reboot","Thunder Strike"],"picked":"Echo Form","floor":16},{"not_picked":["Go for the Eyes","Tempest"],"picked":"Undo","floor":18},{"not_picked":["Gash","Recycle"],"picked":"Redo","floor":19},{"not_picked":["Rebound","Streamline"],"picked":"Hologram","floor":25},{"not_picked":["Conserve Battery","Compile Driver+1"],"picked":"Genetic Algorithm","floor":27},{"not_picked":["Force Field","Gash"],"picked":"Hologram","floor":31},{"not_picked":["Echo Form","Rainbow"],"picked":"Creative AI","floor":33},{"not_picked":["Gash","Tempest+1","Rebound"],"picked":"SKIP","floor":35},{"not_picked":["Gash+1","Conserve Battery"],"picked":"Cold Snap+1","floor":38},{"not_picked":["Skim+1","White Noise+1"],"picked":"Leap","floor":39},{"not_picked":["Compile Driver","Gash","Consume+1"],"picked":"SKIP","floor":40},{"not_picked":["Meteor Strike","Beam Cell+1","Cold Snap"],"picked":"SKIP","floor":41},{"not_picked":["Turbo+1","Genetic Algorithm+1","Redo+1"],"picked":"SKIP","floor":45},{"not_picked":["Cold Snap","Reinforced Body"],"picked":"Coolheaded+1","floor":46}],"player_experience":1442315,"relics_obtained":[{"floor":4,"key":"Thread and Needle"},{"floor":7,"key":"Du-Vu Doll"},{"floor":9,"key":"Mummified Hand"},{"floor":19,"key":"Red Mask"},{"floor":26,"key":"Mercury Hourglass"},{"floor":41,"key":"Darkstone Periapt"},{"floor":43,"key":"The Courier"}],"event_choices":[{"event_name":"Golden Wing","player_choice":"Card Removal","floor":3,"damage_taken":0},{"event_name":"The Cleric","player_choice":"Card Removal","floor":5,"damage_taken":0},{"event_name":"Masked Bandits","player_choice":"Fought over 136 gold","floor":19,"damage_taken":0},{"event_name":"Bonfire Elementals","player_choice":"BASIC","floor":20,"damage_taken":0},{"event_name":"The Library","player_choice":"Heal","floor":22,"damage_taken":0},{"event_name":"Upgrade Shrine","player_choice":"Upgraded","floor":24,"damage_taken":0},{"event_name":"Drug Dealer","player_choice":"Ignored","floor":29,"damage_taken":0},{"event_name":"The Lab","player_choice":"Got Potions","floor":36,"damage_taken":0},{"event_name":"WeMeetAgain","player_choice":"Gold","floor":37,"damage_taken":0}],"is_beta":false,"boss_relics":[{"not_picked":["Coffee Dripper","Black Star"],"picked":"FrozenCore"},{"not_picked":["Empty Cage","Lizard Tail"],"picked":"Philosopher\u0027s Stone"}],"items_purged_floors":[13],"is_endless":false,"potions_floor_spawned":[1,7,16,19,25,35,40,41,46],"ascension_level":12}