{"gold_per_floor":[111,33,48,65,165,165,42,77,128,161,172,172,172,203,203,203],"floor_reached":16,"playtime":799,"items_purged":["Strike_R"],"score":201,"play_id":"cbd4ba7e-4ad4-404c-85b2-4adae91835a6","local_time":"20190118161822","is_ascension_mode":true,"campfire_choices":[{"data":"True Grit","floor":6.0,"key":"SMITH"},{"floor":13,"key":"REST"},{"floor":15,"key":"REST"}],"neow_cost":"NONE","seed_source_timestamp":0,"circlet_count":0,"master_deck":["AscendersBane","Strike_R","Strike_R","Strike_R","Strike_R","Defend_R","Defend_R","Defend_R","Defend_R","Bash","Clash","Uppercut","True Grit+1","Sword Boomerang","Shrug It Off","True Grit","Whirlwind","Headbutt","Pain","Shrug It Off"],"special_seed":0,"relics":["Burning Blood","NeowsBlessing","Anchor","Pen Nib","PreservedInsect","WarpedTongs","Potion Belt"],"potions_floor_usage":[14],"damage_taken":[{"damage":0.0,"enemies":"Small Slimes","floor":1.0,"turns":1.0},{"damage":0.0,"enemies":"Cultist","floor":3.0,"turns":1.0},{"damage":2.0,"enemies":"2 Louse","floor":4.0,"turns":2.0},{"damage":30.0,"enemies":"Lagavulin","floor":8.0,"turns":6.0},{"damage":32.0,"enemies":"Gremlin Nob","floor":10.0,"turns":5.0},{"damage":15.0,"enemies":"Exordium Thugs","floor":11.0,"turns":5.0},{"damage":7,"enemies":"3 Sentries","floor":14,"turns":4},{"damage":62,"enemies":"Hexaghost","floor":16,"turns":11}],"seed_played":"-8366904421249588891","potions_obtained":[{"floor":3.0,"key":"GamblersBrew"},{"floor":4.0,"key":"GamblersBrew"},{"floor":11.0,"key":"Explosive Potion"}],"is_trial":false,"path_per_floor":["M","$","M","M","?","R","$","E","T","E","M","?","R","E","R","B"],"character_chosen":"IRONCLAD","items_purchased":["Uppercut","Shrug It Off"],"campfire_rested":2,"item_purchase_floors":[2,7],"current_hp_per_floor":[74,74,75,75,75,75,75,51,51,25,16,16,38,37,59,0],"gold":203,"neow_bonus":"THREE_ENEMY_KILL","is_prod":false,"is_daily":false,"chose_seed":false,"campfire_upgraded":1,"win_rate":0,"timestamp":1547846302,"path_taken":["M","$","M","M","?","R","?","E","T","E","M","?","R","E","R","BOSS"],"build_version":"2019-01-17v2","purchased_purges":1,"victory":false,"max_hp_per_floor":[75,75,75,75,75,75,75,75,75,75,75,75,75,75,75,75],"card_choices":[{"not_picked":["Iron Wave","Infernal Blade"],"picked":"Clash","floor":1.0},{"not_picked":["Warcry","Blood for Blood"],"picked":"True Grit","floor":3.0},{"not_picked":["Wild Strike","Anger"],"picked":"Sword Boomerang","floor":4.0},{"not_picked":["Seeing Red","Reckless Charge"],"picked":"True Grit","floor":8.0},{"not_picked":["Havoc","Cleave"],"picked":"Whirlwind","floor":10.0},{"not_picked":["Reckless Charge","Power Through"],"picked":"Headbutt","floor":11.0},{"not_picked":["Thunderclap","Headbutt"],"picked":"Shrug It Off","floor":14}],"player_experience":2160840,"relics_obtained":[{"floor":8.0,"key":"Anchor"},{"floor":9.0,"key":"Pen Nib"},{"floor":10.0,"key":"PreservedInsect"},{"floor":14,"key":"Potion Belt"}],"event_choices":[{"damage_healed":0.0,"max_hp_gain":0.0,"max_hp_loss":0.0,"gold_gain":100.0,"event_name":"Golden Shrine","player_choice":"Pray","floor":5.0,"gold_loss":0.0,"damage_taken":0.0},{"damage_healed":0.0,"max_hp_gain":0.0,"max_hp_loss":0.0,"gold_gain":0.0,"event_name":"Accursed Blacksmith","player_choice":"Rummage","floor":12.0,"gold_loss":0.0,"damage_taken":0.0,"relics_obtained":["WarpedTongs"],"cards_obtained":["Pain"]}],"is_beta":false,"boss_relics":[],"items_purged_floors":[7],"is_endless":false,"potions_floor_spawned":[3,4,11],"killed_by":"Hexaghost","ascension_level":14}