{"path_per_floor":["M","M","$","?","?","R","E","?","T","?","M","M","$","E","R","B",null,"M","$","M","?","M","R","$","M","T","$","?","E","R","M","R","B",null,"M","$","M","?","M","R","E","R","T","?","M","M","?","$","R"],"character_chosen":"THE_SILENT","items_purchased":["Infinite Blades","Dagger Spray","Vajra","Die Die Die","Flash of Steel","Accuracy","Cloak And Dagger"],"gold_per_floor":[119,131,46,221,221,221,255,255,310,310,325,338,47,73,73,174,174,191,18,35,35,48,48,7,24,48,3,3,29,29,40,40,141,141,157,57,69,69,86,86,121,121,148,148,163,175,0,0,0,0],"floor_reached":50,"campfire_rested":5,"playtime":3140,"item_purchase_floors":[3,3,13,13,19,24,27],"current_hp_per_floor":[70,70,70,70,70,70,70,70,70,70,70,70,70,70,70,70,70,64,64,50,50,53,53,53,35,35,35,35,23,44,30,51,36,70,48,48,48,48,22,43,14,38,38,38,30,3,3,3,27,0],"items_purged":["Strike_G","Strike_G"],"gold":0,"score":622,"play_id":"c69687ac-d4c6-4921-a7b1-428c77fe08ba","local_time":"20180524230355","is_prod":false,"is_daily":false,"chose_seed":false,"is_ascension_mode":false,"campfire_upgraded":3,"win_rate":0.0,"timestamp":1527217435,"campfire_choices":[{"data":"Infinite Blades","floor":6,"key":"SMITH"},{"data":"Terror","floor":15,"key":"SMITH"},{"data":"Phantasmal Killer","floor":23,"key":"SMITH"},{"floor":30,"key":"REST"},{"floor":32,"key":"REST"},{"floor":40,"key":"REST"},{"floor":42,"key":"REST"},{"floor":49,"key":"REST"}],"path_taken":["M","M","$","?","?","R","E","?","T","?","M","M","$","E","R","BOSS","M","$","M","?","M","R","$","M","T","?","?","E","R","M","R","BOSS","M","$","M","?","M","R","E","R","T","?","M","M","?","?","R","BOSS"],"build_version":"2018-05-24","seed_source_timestamp":327176071189117,"purchased_purges":2,"victory":false,"master_deck":["Defend_G","Defend_G","Defend_G","Defend_G","Defend_G","Strike_G","Strike_G","Strike_G","Survivor","Neutralize","Outmaneuver","Glass Knife+1","Infinite Blades+1","Dagger Spray","Doubt","Terror+1","Choke+1","Backstab","Die Die Die","Skewer","Phantasmal Killer+1","Well Laid Plans","Flash of Steel","Quick Slash","Choke+1","Envenom","Accuracy","Backflip","Cloak And Dagger","Expertise+1","Slice","Doppelganger","Backflip+1","Dagger Spray","Leg Sweep+1","Choke","A Thousand Cuts"],"max_hp_per_floor":[70,70,70,70,70,70,70,70,70,70,70,70,70,70,70,70,70,70,70,70,70,70,70,70,70,70,70,70,70,70,70,70,70,70,70,70,70,70,70,70,80,80,80,80,80,80,80,80,80,80],"relics":["Ring of the Snake","NeowsBlessing","Du-Vu Doll","Omamori","Orichalcum","Spirit Poop","Vajra","Lantern","Black Star","Happy Flower","Anchor","Whetstone","Runic Pyramid","The Courier","Pear","Boot","Red Mask"],"card_choices":[{"not_picked":["Prepared","Expertise"],"picked":"Outmaneuver","floor":1},{"not_picked":["Deadly Poison","Deflect"],"picked":"Glass Knife","floor":2},{"not_picked":["Deadly Poison","Bouncing Flask"],"picked":"Terror","floor":7},{"not_picked":["Outmaneuver","Infinite Blades"],"picked":"Choke","floor":11},{"not_picked":["Dagger Spray","Deadly Poison"],"picked":"Backstab","floor":12},{"not_picked":["Well Laid Plans","Riddle With Holes"],"picked":"Skewer","floor":14},{"not_picked":["Burst","Venomology"],"picked":"Phantasmal Killer","floor":16},{"not_picked":["Poisoned Stab+1","Bane"],"picked":"Well Laid Plans","floor":18},{"not_picked":["Deadly Poison","Dodge and Roll"],"picked":"Quick Slash","floor":20},{"not_picked":["Outmaneuver","Slice"],"picked":"Envenom","floor":22},{"not_picked":["Poisoned Stab+1","Deadly Poison+1"],"picked":"Backflip","floor":25},{"not_picked":["Poisoned Stab","Underhanded Strike"],"picked":"Expertise+1","floor":29},{"not_picked":["Distraction+1","Backflip+1"],"picked":"Slice","floor":31},{"not_picked":["Bullet Time","Storm of Steel"],"picked":"Doppelganger","floor":33},{"not_picked":["Flechettes+1","Prepared+1"],"picked":"Backflip+1","floor":35},{"not_picked":["Backflip+1","Eviscerate","Underhanded Strike+1"],"picked":"SKIP","floor":37},{"not_picked":["Dagger Throw","Distraction+1"],"picked":"Dagger Spray","floor":39},{"not_picked":["Dagger Throw","Outmaneuver"],"picked":"Leg Sweep+1","floor":41},{"not_picked":["Dagger Spray+1","Blade Dance+1","Catalyst"],"picked":"SKIP","floor":45},{"not_picked":["Bane+1","Dagger Throw"],"picked":"A Thousand Cuts","floor":46}],"player_experience":118045,"potions_floor_usage":[14,16,22,29,31,33,33,41,41,45],"damage_taken":[{"damage":0,"enemies":"2 Louse","floor":1,"turns":1},{"damage":0,"enemies":"Small Slimes","floor":2,"turns":1},{"damage":0,"enemies":"Lagavulin","floor":7,"turns":1},{"damage":0,"enemies":"Cultist","floor":11,"turns":3},{"damage":0,"enemies":"2 Fungi Beasts","floor":12,"turns":2},{"damage":0,"enemies":"Gremlin Nob","floor":14,"turns":2},{"damage":0,"enemies":"Slime Boss","floor":16,"turns":4},{"damage":6,"enemies":"Shell Parasite","floor":18,"turns":3},{"damage":14,"enemies":"2 Thieves","floor":20,"turns":2},{"damage":2,"enemies":"Snecko","floor":22,"turns":3},{"damage":18,"enemies":"Sentry and Sphere","floor":25,"turns":4},{"damage":12,"enemies":"Slavers","floor":29,"turns":3},{"damage":14,"enemies":"Snake Plant","floor":31,"turns":3},{"damage":15,"enemies":"Collector","floor":33,"turns":6},{"damage":22,"enemies":"3 Shapes","floor":35,"turns":4},{"damage":0,"enemies":"Orb Walker","floor":37,"turns":2},{"damage":26,"enemies":"Sphere and 2 Shapes","floor":39,"turns":3},{"damage":39,"enemies":"2 Orb Walkers","floor":41,"turns":5},{"damage":8,"enemies":"3 Darklings","floor":45,"turns":3},{"damage":27,"enemies":"4 Shapes","floor":46,"turns":4},{"damage":30,"enemies":"Awakened One","floor":50,"turns":2}],"relics_obtained":[{"floor":7,"key":"Du-Vu Doll"},{"floor":9,"key":"Orichalcum"},{"floor":14,"key":"Lantern"},{"floor":26,"key":"Happy Flower"},{"floor":29,"key":"Anchor"},{"floor":29,"key":"Whetstone"},{"floor":41,"key":"The Courier"},{"floor":41,"key":"Pear"},{"floor":43,"key":"Boot"}],"event_choices":[{"event_name":"Liars Game","player_choice":"agreed","floor":4,"damage_taken":0},{"event_name":"The Woman in Blue","player_choice":"Bought 0 Potions","floor":5,"damage_taken":0},{"event_name":"Big Fish","player_choice":"Box","floor":8,"damage_taken":0},{"event_name":"Bonfire Elementals","player_choice":"CURSE","floor":10,"damage_taken":0},{"event_name":"Duplicator","player_choice":"One dupe","floor":21,"damage_taken":0},{"event_name":"Vampires","player_choice":"Ignored","floor":28,"damage_taken":0},{"event_name":"Accursed Blacksmith","player_choice":"Forge","floor":38,"damage_taken":0},{"event_name":"Match and Keep!","player_choice":"1 cards matched","floor":44,"damage_taken":0},{"event_name":"Tomb of Lord Red Mask","player_choice":"Paid","floor":47,"damage_taken":0}],"boss_relics":[{"not_picked":["Velvet Choker","Snecko Eye"],"picked":"Black Star"},{"not_picked":["Calling Bell","Philosopher\u0027s Stone"],"picked":"Runic Pyramid"}],"items_purged_floors":[19,36],"potions_floor_spawned":[2,7,12,25,29,39,41],"seed_played":"5193217935780494898","killed_by":"Awakened One","ascension_level":0,"potions_obtained":[{"floor":2,"key":"Regen Potion"},{"floor":7,"key":"SteroidPotion"},{"floor":12,"key":"Strength Potion"},{"floor":25,"key":"Explosive Potion"},{"floor":29,"key":"EntropicBrew"},{"floor":39,"key":"LiquidBronze"},{"floor":41,"key":"Explosive Potion"}],"is_trial":false}