{"gold_per_floor":[116,116,1,1,21,59,59,77,160,160,4,27,102,126,126,257,257,257,257,257,257,257,257,157,157,157,157,157,157,157,157,157,157,157,157,157,157,157,157,157,157,157,157,157,157,157,32,32,32,32],"floor_reached":51,"playtime":2055,"items_purged":["Injury","Strike_R","Strike_R+1"],"score":649,"play_id":"d17224fd-42e7-4114-8546-541ab069733c","local_time":"20180630232536","is_ascension_mode":false,"campfire_choices":[{"data":"Burning Pact","floor":7,"key":"SMITH"},{"data":"Carnage","floor":10,"key":"SMITH"},{"floor":15,"key":"REST"},{"data":"Carnage","floor":23,"key":"SMITH"},{"data":"Impervious","floor":25,"key":"SMITH"},{"data":"Cleave","floor":27,"key":"SMITH"},{"floor":32,"key":"REST"},{"floor":40,"key":"REST"},{"floor":49,"key":"REST"}],"neow_cost":"NONE","seed_source_timestamp":530485794440497,"circlet_count":0,"master_deck":["Strike_R+1","Strike_R+1","Strike_R+1","Defend_R+1","Defend_R+1","Defend_R+1","Defend_R+1","Bash","Headbutt","Burning Pact+1","Carnage+1","Cleave+1","Impervious+1","Carnage+1","Necronomicurse","Inflame","Clothesline","Immolate","Carnage+1","Battle Trance+1","Clothesline+1","Dramatic Entrance"],"relics":["Burning Blood","Happy Flower","Golden Idol","Strawberry","Tiny Chest","Pen Nib","Ectoplasm","Necronomicon","Kunai","Lizard Tail","War Paint"],"potions_floor_usage":[16,16,16,33,50,50],"damage_taken":[{"damage":3,"enemies":"2 Louse","floor":1,"turns":3},{"damage":1,"enemies":"Jaw Worm","floor":5,"turns":4},{"damage":22,"enemies":"3 Sentries","floor":6,"turns":7},{"damage":2,"enemies":"Small Slimes","floor":8,"turns":3},{"damage":6,"enemies":"Exordium Wildlife","floor":12,"turns":3},{"damage":1,"enemies":"Exordium Thugs","floor":14,"turns":3},{"damage":46,"enemies":"The Guardian","floor":16,"turns":9},{"damage":13,"enemies":"Chosen","floor":18,"turns":4},{"damage":0,"enemies":"Shell Parasite","floor":22,"turns":1},{"damage":0,"enemies":"Cultist and Chosen","floor":28,"turns":2},{"damage":21,"enemies":"Snake Plant","floor":29,"turns":3},{"damage":10,"enemies":"Slaver and Parasite","floor":31,"turns":4},{"damage":33,"enemies":"Automaton","floor":33,"turns":6},{"damage":0,"enemies":"3 Darklings","floor":35,"turns":3},{"damage":15,"enemies":"Orb Walker","floor":36,"turns":2},{"damage":10,"enemies":"Sphere and 2 Shapes","floor":38,"turns":4},{"damage":30,"enemies":"Maw","floor":39,"turns":5},{"damage":26,"enemies":"4 Shapes","floor":41,"turns":4},{"damage":0,"enemies":"3 Darklings","floor":45,"turns":3},{"damage":0,"enemies":"Maw","floor":48,"turns":6},{"damage":105,"enemies":"Awakened One","floor":50,"turns":10}],"seed_played":"6904690433616748206","potions_obtained":[{"floor":5,"key":"LiquidBronze"},{"floor":6,"key":"Explosive Potion"},{"floor":12,"key":"SteroidPotion"},{"floor":22,"key":"Dexterity Potion"},{"floor":35,"key":"Weak Potion"},{"floor":36,"key":"EssenceOfSteel"},{"floor":39,"key":"LiquidBronze"},{"floor":48,"key":"FairyPotion"}],"is_trial":false,"path_per_floor":["M","?","$","?","M","E","R","M","T","R","$","M","?","M","R","B",null,"M","?","?","?","M","R","$","R","T","R","M","M","?","M","R","B",null,"M","M","?","M","M","R","M","?","T","?","M","$","$","M","R","B"],"character_chosen":"IRONCLAD","items_purchased":["Burning Pact","Pen Nib"],"campfire_rested":4,"item_purchase_floors":[3,11],"current_hp_per_floor":[80,80,80,80,80,71,71,75,75,75,75,75,64,69,87,47,87,80,80,80,64,70,70,70,70,70,70,76,61,61,57,83,56,87,87,78,78,74,50,76,56,56,56,48,54,54,54,60,86,49],"gold":32,"neow_bonus":"RANDOM_COMMON_RELIC","is_prod":false,"is_daily":false,"chose_seed":false,"campfire_upgraded":5,"win_rate":0,"timestamp":1530415536,"path_taken":["M","?","$","?","M","E","R","M","T","R","$","M","?","M","R","BOSS","M","?","?","?","M","R","$","R","T","R","M","M","?","?","R","BOSS","M","M","?","M","M","R","?","?","T","?","?","?","$","M","R","BOSS"],"build_version":"2018-06-28","purchased_purges":3,"victory":true,"max_hp_per_floor":[80,80,80,80,80,87,87,87,87,87,87,87,87,87,87,87,87,87,87,87,87,87,87,87,87,87,87,87,87,87,87,87,87,87,87,87,87,87,87,87,87,87,87,87,87,87,87,87,87,87],"card_choices":[{"not_picked":["Wild Strike","Hemokinesis"],"picked":"Headbutt","floor":1},{"not_picked":["Clothesline","Wild Strike"],"picked":"Carnage","floor":5},{"not_picked":["Burning Pact","Heavy Blade","Iron Wave"],"picked":"SKIP","floor":6},{"not_picked":["Clothesline","Headbutt","Body Slam"],"picked":"SKIP","floor":8},{"not_picked":["Evolve","Shockwave","Combust"],"picked":"SKIP","floor":12},{"not_picked":["Sword Boomerang","Uppercut"],"picked":"Cleave","floor":14},{"not_picked":["Reaper","Brutality"],"picked":"Impervious","floor":16},{"not_picked":["Cleave+1","Armaments"],"picked":"Carnage","floor":18},{"not_picked":["Heavy Blade","Corruption+1"],"picked":"Inflame","floor":22},{"not_picked":["Flame Barrier","Havoc","Searing Blow"],"picked":"SKIP","floor":28},{"not_picked":["Anger+1","Cleave","Armaments"],"picked":"SKIP","floor":29},{"not_picked":["Perfected Strike","Clash"],"picked":"Clothesline","floor":31},{"not_picked":["Brutality","Impervious"],"picked":"Immolate","floor":33},{"not_picked":["Flex+1","Searing Blow+1"],"picked":"Carnage+1","floor":35},{"not_picked":["Warcry","Disarm","Havoc+1"],"picked":"SKIP","floor":36},{"not_picked":["Headbutt+1","Feel No Pain","Twin Strike"],"picked":"SKIP","floor":38},{"not_picked":["Twin Strike+1","Blood for Blood+1"],"picked":"Battle Trance+1","floor":39},{"not_picked":["Heavy Blade+1","Wild Strike"],"picked":"Clothesline+1","floor":41},{"not_picked":["Swift Strike","Jack Of All Trades"],"picked":"Dramatic Entrance","floor":42},{"not_picked":["Heavy Blade+1","Anger","Iron Wave+1"],"picked":"SKIP","floor":45},{"not_picked":["Wild Strike+1","Pommel Strike+1","Shrug It Off"],"picked":"SKIP","floor":48}],"player_experience":883763,"relics_obtained":[{"floor":6,"key":"Strawberry"},{"floor":9,"key":"Tiny Chest"},{"floor":21,"key":"Necronomicon"},{"floor":26,"key":"Kunai"},{"floor":43,"key":"War Paint"}],"event_choices":[{"event_name":"Golden Idol","player_choice":"Take Wound","floor":2,"damage_taken":0},{"event_name":"Shining Light","player_choice":"Ignored","floor":4,"damage_taken":0},{"event_name":"World of Goop","player_choice":"Gather Gold","floor":13,"damage_taken":0},{"event_name":"Nest","player_choice":"Stole From Cult","floor":19,"damage_taken":0},{"event_name":"Ghosts","player_choice":"Ignored","floor":20,"damage_taken":0},{"event_name":"Cursed Tome","player_choice":"Obtained Book","floor":21,"damage_taken":0},{"event_name":"Back to Basics","player_choice":"Simplicity","floor":30,"damage_taken":0},{"event_name":"Accursed Blacksmith","player_choice":"Ignore","floor":37,"damage_taken":0},{"event_name":"SensoryStone","player_choice":"Memory 1","floor":42,"damage_taken":0},{"event_name":"Wheel of Change","player_choice":"Damage","floor":44,"damage_taken":0}],"boss_relics":[{"not_picked":["Pandora\u0027s Box","Velvet Choker"],"picked":"Ectoplasm"},{"not_picked":["Snecko Eye","Philosopher\u0027s Stone"],"picked":"Lizard Tail"}],"items_purged_floors":[3,24,47],"is_endless":false,"potions_floor_spawned":[5,6,12,18,22,35,36,39,48],"ascension_level":0}