{"gold_per_floor":[110,124,144,69,87,87,87,87,87,100,100,100,5,35,35,134,134,147,147,8,8,19,19,19],"floor_reached":24,"playtime":961,"items_purged":["Strike_R","Strike_R"],"score":221,"play_id":"1eb323a0-574e-43d9-b690-ef1bf7120db3","local_time":"20180629101908","is_ascension_mode":true,"campfire_choices":[{"floor":6,"key":"REST"},{"data":"Searing Blow+1","floor":8,"key":"SMITH"},{"floor":12,"key":"REST"},{"data":"Searing Blow+3","floor":15,"key":"SMITH"},{"floor":23,"key":"REST"}],"neow_cost":"FIFTY_PERCENT_DAMAGE","seed_source_timestamp":398046018848573,"circlet_count":0,"master_deck":["Strike_R","Strike_R+1","Defend_R","Defend_R","Defend_R","Bash","Shockwave","Bloodletting","Pummel","Rupture","Searing Blow+4","Iron Wave","Flash of Steel","Brutality","Combust","Rupture","Shrug It Off"],"relics":["Burning Blood","Torii","Cursed Key"],"potions_floor_usage":[2,22],"damage_taken":[{"damage":3,"enemies":"Small Slimes","floor":1,"turns":3},{"damage":0,"enemies":"2 Louse","floor":2,"turns":1},{"damage":16,"enemies":"Cultist","floor":3,"turns":4},{"damage":21,"enemies":"Red Slaver","floor":5,"turns":4},{"damage":12,"enemies":"Blue Slaver","floor":10,"turns":3},{"damage":36,"enemies":"Slime Boss","floor":16,"turns":11},{"damage":16,"enemies":"Spheric Guardian","floor":18,"turns":3},{"damage":44,"enemies":"2 Thieves","floor":22,"turns":4},{"damage":56,"enemies":"Slavers","floor":24,"turns":5}],"seed_played":"5735046258177082431","potions_obtained":[{"floor":1,"key":"Fire Potion"},{"floor":18,"key":"AttackPotion"}],"is_trial":false,"path_per_floor":["M","M","M","$","M","R","?","R","T","M","?","R","$","?","R","B",null,"M","?","$","?","M","R"],"character_chosen":"IRONCLAD","items_purchased":["Flash of Steel","Rupture"],"campfire_rested":3,"item_purchase_floors":[13,20],"current_hp_per_floor":[43,49,39,39,24,48,32,32,32,26,26,50,50,50,50,20,80,70,70,70,70,32,56,0],"gold":19,"neow_bonus":"TRANSFORM_TWO_CARDS","is_prod":false,"is_daily":false,"chose_seed":false,"campfire_upgraded":2,"win_rate":0,"timestamp":1530281948,"path_taken":["M","M","M","$","M","R","?","R","T","M","?","R","?","?","R","BOSS","M","?","?","?","?","R","E"],"build_version":"2018-06-28","purchased_purges":2,"victory":false,"max_hp_per_floor":[80,80,80,80,80,80,80,80,80,80,80,80,80,80,80,80,80,80,80,80,80,80,80,80],"card_choices":[{"not_picked":["Seeing Red","Havoc"],"picked":"Pummel","floor":1},{"not_picked":["Reckless Charge","Clothesline"],"picked":"Rupture","floor":2},{"not_picked":["True Grit","Perfected Strike"],"picked":"Searing Blow","floor":3},{"not_picked":["Clothesline","Corruption"],"picked":"Iron Wave","floor":5},{"not_picked":["Pommel Strike","Sentinel","Cleave"],"picked":"SKIP","floor":10},{"not_picked":["Limit Break","Fiend Fire"],"picked":"Brutality","floor":16},{"not_picked":["Headbutt","Havoc+1"],"picked":"Combust","floor":18},{"not_picked":["Pommel Strike","Bloodletting"],"picked":"Shrug It Off","floor":22}],"player_experience":847479,"relics_obtained":[{"floor":9,"key":"Torii"}],"event_choices":[{"event_name":"Shining Light","player_choice":"Entered Light","floor":7,"damage_taken":0},{"event_name":"Upgrade Shrine","player_choice":"Upgraded","floor":11,"damage_taken":0},{"event_name":"Dead Adventurer","player_choice":"Searched \u00271\u0027 times","floor":14,"damage_taken":0},{"event_name":"Drug Dealer","player_choice":"Ignored","floor":19,"damage_taken":0},{"event_name":"Ghosts","player_choice":"Ignored","floor":21,"damage_taken":0}],"boss_relics":[{"not_picked":["Fusion Hammer","Astrolabe"],"picked":"Cursed Key"}],"items_purged_floors":[4,20],"is_endless":false,"potions_floor_spawned":[1,18],"killed_by":"Slavers","ascension_level":4}