{"gold_per_floor":[114,130,27,39,39,68,68,68,68,68,68,87,104,177,177,281,281,292,310,320,67,78,109,109,109,135,150,167,167,167,182,182,182],"floor_reached":33,"playtime":1302,"items_purged":["Decay"],"score":363,"play_id":"4ec2fa1a-ff2c-4c27-9573-2c5af8bbaf93","local_time":"20181008193147","is_ascension_mode":true,"campfire_choices":[{"data":"Shrug It Off","floor":7,"key":"SMITH"},{"data":"Defend_R","floor":10,"key":"SMITH"},{"data":"Entrench","floor":15,"key":"SMITH"},{"floor":24,"key":"REST"},{"floor":32,"key":"REST"}],"neow_cost":"NONE","seed_source_timestamp":717007822282746,"circlet_count":0,"master_deck":["Strike_R","Strike_R","Strike_R+1","Strike_R","Defend_R+1","Defend_R","Defend_R","Defend_R","Bash","Pommel Strike","Cleave","Anger","Shrug It Off+1","Inflame","Feed+1","Ghostly Armor","Metallicize","Entrench+1","Limit Break","Mayhem","Twin Strike+1","True Grit+1"],"relics":["Burning Blood","Letter Opener","Oddly Smooth Stone","Mummified Hand","Sozu","Anchor","Blood Vial"],"potions_floor_usage":[6,16,18],"damage_taken":[{"damage":1,"enemies":"Cultist","floor":1,"turns":3},{"damage":5,"enemies":"Small Slimes","floor":2,"turns":3},{"damage":7,"enemies":"2 Louse","floor":4,"turns":2},{"damage":14,"enemies":"Gremlin Nob","floor":6,"turns":4},{"damage":2,"enemies":"Large Slime","floor":12,"turns":6},{"damage":6,"enemies":"2 Fungi Beasts","floor":13,"turns":4},{"damage":30,"enemies":"Slime Boss","floor":16,"turns":10},{"damage":0,"enemies":"3 Byrds","floor":18,"turns":5},{"damage":14,"enemies":"Shell Parasite","floor":19,"turns":5},{"damage":2,"enemies":"Chosen and Byrds","floor":20,"turns":7},{"damage":24,"enemies":"3 Cultists","floor":22,"turns":6},{"damage":38,"enemies":"Gremlin Leader","floor":23,"turns":8},{"damage":17,"enemies":"Colosseum Slavers","floor":25,"turns":4},{"damage":15,"enemies":"Snake Plant","floor":27,"turns":4},{"damage":7,"enemies":"Centurion and Healer","floor":28,"turns":5},{"damage":16,"enemies":"Cultist and Chosen","floor":31,"turns":7},{"damage":67,"enemies":"Automaton","floor":33,"turns":8}],"seed_played":"-2810214828720949447","potions_obtained":[{"floor":2,"key":"Weak Potion"},{"floor":13,"key":"Energy Potion"},{"floor":16,"key":"EssenceOfSteel"}],"is_trial":false,"path_per_floor":["M","M","$","M","?","E","R","?","T","R","?","M","M","T","R","B",null,"M","M","M","$","M","E","R","?","T","M","M","?","?","M","R"],"character_chosen":"IRONCLAD","items_purchased":["Shrug It Off","Inflame","Mayhem"],"campfire_rested":2,"item_purchase_floors":[3,3,21],"current_hp_per_floor":[77,78,78,77,77,69,69,53,53,53,53,57,61,61,61,37,72,78,70,74,74,60,28,54,43,43,36,37,37,37,29,55,0],"gold":182,"neow_bonus":"THREE_CARDS","is_prod":false,"is_daily":false,"chose_seed":false,"campfire_upgraded":3,"win_rate":0,"timestamp":1539045107,"path_taken":["M","M","$","M","?","E","R","?","T","R","?","M","M","?","R","BOSS","M","M","M","$","M","E","R","?","T","?","M","?","?","M","R","BOSS"],"build_version":"2018-10-04v2","purchased_purges":1,"victory":false,"max_hp_per_floor":[80,80,80,80,80,80,80,80,80,80,80,80,84,84,84,84,84,84,84,84,84,88,88,88,88,88,88,88,88,88,88,88,88],"card_choices":[{"not_picked":["Evolve","Anger"],"picked":"Pommel Strike","floor":0},{"not_picked":["Pommel Strike","Pummel"],"picked":"Cleave","floor":1},{"not_picked":["Feel No Pain","Bloodletting"],"picked":"Anger","floor":2},{"not_picked":["Clash","Havoc","Bloodletting"],"picked":"SKIP","floor":4},{"not_picked":["Clash","Power Through"],"picked":"Ghostly Armor","floor":6},{"not_picked":["Disarm","Anger"],"picked":"Metallicize","floor":12},{"not_picked":["Second Wind","Dark Embrace"],"picked":"Entrench","floor":13},{"not_picked":["Juggernaut","Demon Form"],"picked":"Limit Break","floor":16},{"not_picked":["Corruption","Ghostly Armor","Sword Boomerang"],"picked":"SKIP","floor":18},{"not_picked":["Twin Strike","Pommel Strike","Body Slam"],"picked":"SKIP","floor":19},{"not_picked":["Seeing Red","Carnage","Hemokinesis"],"picked":"SKIP","floor":20},{"not_picked":["Blood for Blood+1","Wild Strike","Sword Boomerang"],"picked":"SKIP","floor":22},{"not_picked":["Clothesline+1","Twin Strike","Clash"],"picked":"SKIP","floor":23},{"not_picked":["Bloodletting+1","Ghostly Armor"],"picked":"Twin Strike+1","floor":27},{"not_picked":["Clothesline","Hemokinesis"],"picked":"True Grit+1","floor":28},{"not_picked":["Headbutt+1","Sentinel","Anger"],"picked":"SKIP","floor":31}],"player_experience":724095,"relics_obtained":[{"floor":6,"key":"Letter Opener"},{"floor":9,"key":"Oddly Smooth Stone"},{"floor":14,"key":"Mummified Hand"},{"floor":23,"key":"Anchor"},{"floor":26,"key":"Blood Vial"}],"event_choices":[{"event_name":"Transmorgrifier","player_choice":"Transform","floor":5,"damage_taken":0},{"event_name":"Shining Light","player_choice":"Entered Light","floor":8,"damage_taken":0},{"event_name":"Wheel of Change","player_choice":"Curse","floor":11,"damage_taken":0},{"event_name":"Colosseum","player_choice":"Fight","floor":25,"damage_taken":0},{"event_name":"Colosseum","player_choice":"Fled From Nobs","floor":25,"damage_taken":0},{"event_name":"Cursed Tome","player_choice":"Ignored","floor":29,"damage_taken":0},{"event_name":"Ghosts","player_choice":"Ignored","floor":30,"damage_taken":0}],"is_beta":false,"boss_relics":[{"not_picked":["Velvet Choker","Ectoplasm"],"picked":"Sozu"}],"items_purged_floors":[21],"is_endless":false,"potions_floor_spawned":[2,13,16,18,19,20,27],"killed_by":"Automaton","ascension_level":7}