{"gold_per_floor":[364,439,439,451,464,464,490,509,534,564,105,54,54,70,70,70],"floor_reached":16,"playtime":933,"items_purged":["Strike_R"],"score":110,"play_id":"a34a4c3c-f151-42b3-9994-d0ca9edf5772","local_time":"20190107200752","is_ascension_mode":false,"campfire_choices":[{"data":"Bash","floor":6,"key":"SMITH"},{"floor":15,"key":"REST"}],"neow_cost":"TEN_PERCENT_HP_LOSS","seed_source_timestamp":306808299180098,"circlet_count":0,"master_deck":["Strike_R","Strike_R","Strike_R","Defend_R","Defend_R","Defend_R","Defend_R","Bash+1","Metallicize","Pommel Strike","Cleave","Entrench","Rage","Impervious","Dramatic Entrance","True Grit","Disarm"],"relics":["Burning Blood","Potion Belt","Ancient Tea Set","Boot","Charon\u0027s Ashes"],"potions_floor_usage":[5,7,16],"damage_taken":[{"damage":7,"enemies":"2 Louse","floor":1,"turns":3},{"damage":0,"enemies":"Small Slimes","floor":4,"turns":4},{"damage":6,"enemies":"Jaw Worm","floor":5,"turns":3},{"damage":33,"enemies":"3 Sentries","floor":7,"turns":9},{"damage":9,"enemies":"Looter","floor":8,"turns":3},{"damage":39,"enemies":"Lagavulin","floor":10,"turns":8},{"damage":7,"enemies":"Large Slime","floor":14,"turns":7},{"damage":33,"enemies":"Slime Boss","floor":16,"turns":9}],"seed_played":"-5272028967386808491","potions_obtained":[{"floor":1,"key":"AttackPotion"},{"floor":4,"key":"BloodPotion"},{"floor":10,"key":"PowerPotion"}],"is_trial":false,"path_per_floor":["M","?","?","M","M","R","E","M","T","E","$","$","?","M","R","B"],"character_chosen":"IRONCLAD","items_purchased":["Charon\u0027s Ashes","Dramatic Entrance","True Grit"],"campfire_rested":1,"item_purchase_floors":[11,11,12],"current_hp_per_floor":[71,60,65,71,71,71,51,48,48,15,15,15,8,7,30,0],"gold":70,"neow_bonus":"TWO_FIFTY_GOLD","is_prod":false,"is_daily":false,"chose_seed":false,"campfire_upgraded":1,"win_rate":0,"timestamp":1546909672,"path_taken":["M","?","?","M","M","R","E","M","T","E","?","$","?","M","R","BOSS"],"build_version":"2019-01-03v4","purchased_purges":1,"victory":false,"max_hp_per_floor":[72,72,77,77,77,77,77,77,77,77,77,77,77,77,77,77],"card_choices":[{"not_picked":["Dual Wield","Infernal Blade"],"picked":"Metallicize","floor":1},{"not_picked":["Wild Strike","Heavy Blade"],"picked":"Pommel Strike","floor":4},{"not_picked":["Clothesline","Pommel Strike"],"picked":"Cleave","floor":5},{"not_picked":["Body Slam","Clash"],"picked":"Entrench","floor":7},{"not_picked":["Heavy Blade","Headbutt"],"picked":"Rage","floor":8},{"not_picked":["Wild Strike","True Grit"],"picked":"Impervious","floor":10},{"not_picked":["Headbutt","Perfected Strike"],"picked":"Disarm","floor":14}],"player_experience":2045667,"relics_obtained":[{"floor":7,"key":"Potion Belt"},{"floor":9,"key":"Ancient Tea Set"},{"floor":10,"key":"Boot"}],"event_choices":[{"damage_healed":0,"gold_gain":75,"player_choice":"Gather Gold","damage_taken":11,"max_hp_gain":0,"max_hp_loss":0,"event_name":"World of Goop","floor":2,"gold_loss":0},{"damage_healed":0,"gold_gain":0,"player_choice":"Donut","damage_taken":0,"max_hp_gain":5,"max_hp_loss":0,"event_name":"Big Fish","floor":3,"gold_loss":0},{"cards_removed":["Strike_R"],"damage_healed":0,"gold_gain":0,"player_choice":"Card Removal","damage_taken":7,"max_hp_gain":0,"max_hp_loss":0,"event_name":"Golden Wing","floor":13,"gold_loss":0}],"is_beta":false,"boss_relics":[],"items_purged_floors":[11],"is_endless":false,"potions_floor_spawned":[1,4,10],"killed_by":"Slime Boss","ascension_level":0}