{"gold_per_floor":[115,115,115,128,142,142,161,161,186,214,120,83,111,49,49,127,127,147,42,42,56,56],"floor_reached":22,"playtime":653,"items_purged":["Strike_G"],"score":355,"play_id":"a8ca3519-bc36-4942-b795-65bd4ca07717","local_time":"20180925160906","is_ascension_mode":true,"campfire_choices":[{"data":"Neutralize","floor":6,"key":"SMITH"},{"data":"Sucker Punch","floor":8,"key":"SMITH"},{"floor":15,"key":"REST"}],"neow_cost":"TEN_PERCENT_HP_LOSS","seed_source_timestamp":109849921260246,"circlet_count":0,"master_deck":["Defend_G","Defend_G","Defend_G","Defend_G","Defend_G+1","Strike_G+1","Strike_G","Strike_G","Strike_G","Survivor","Neutralize+1","AscendersBane","Sucker Punch+1","Poisoned Stab","Cloak And Dagger","Malaise","Noxious Fumes","Deadly Poison","Bane","Die Die Die","Poisoned Stab","Deflect","Skewer+1"],"relics":["Ring of the Snake","The Specimen","Snake Skull","Blood Vial","Ornamental Fan","Cursed Key"],"potions_floor_usage":[10,21],"damage_taken":[{"damage":2,"enemies":"Jaw Worm","floor":1,"turns":8},{"damage":1,"enemies":"2 Louse","floor":4,"turns":3},{"damage":0,"enemies":"Small Slimes","floor":5,"turns":3},{"damage":1,"enemies":"Blue Slaver","floor":7,"turns":3},{"damage":9,"enemies":"Lagavulin","floor":10,"turns":8},{"damage":17,"enemies":"Gremlin Nob","floor":13,"turns":5},{"damage":24,"enemies":"Slime Boss","floor":16,"turns":10},{"damage":19,"enemies":"Spheric Guardian","floor":18,"turns":5},{"damage":0,"enemies":"3 Byrds","floor":21,"turns":3},{"damage":36,"enemies":"Cultist and Chosen","floor":22,"turns":6}],"seed_played":"2921450275746825567","potions_obtained":[{"floor":1,"key":"Dexterity Potion"},{"floor":7,"key":"LiquidBronze"},{"floor":10,"key":"LiquidBronze"}],"is_trial":false,"path_per_floor":["M","?","?","M","M","R","M","R","T","E","$","?","E","$","R","B",null,"M","$","?","M"],"character_chosen":"THE_SILENT","items_purchased":["Noxious Fumes","Bane","Deflect"],"campfire_rested":1,"item_purchase_floors":[11,14,19],"current_hp_per_floor":[57,57,39,38,38,38,37,37,37,28,28,28,13,13,31,9,47,30,30,30,32,0],"gold":56,"neow_bonus":"ONE_RARE_RELIC","is_prod":false,"is_daily":false,"chose_seed":false,"campfire_upgraded":2,"win_rate":0,"timestamp":1537884546,"path_taken":["M","?","?","M","M","R","M","R","T","E","$","?","E","$","R","BOSS","M","$","?","M","M"],"build_version":"2018-09-20","purchased_purges":1,"victory":false,"max_hp_per_floor":[60,60,60,60,60,60,60,60,60,60,60,60,60,60,60,60,60,60,60,60,60,60],"card_choices":[{"not_picked":["Concentrate","Slice"],"picked":"Sucker Punch","floor":1},{"not_picked":["Slice","Prepared"],"picked":"Poisoned Stab","floor":4},{"not_picked":["Sucker Punch","Bouncing Flask","Doppelganger"],"picked":"SKIP","floor":5},{"not_picked":["Dagger Throw","Expertise"],"picked":"Cloak And Dagger","floor":7},{"not_picked":["Reflex","Slice"],"picked":"Malaise","floor":10},{"not_picked":["Flying Knee","Endless Agony"],"picked":"Deadly Poison","floor":13},{"not_picked":["Bullet Time","Night Terror"],"picked":"Die Die Die","floor":16},{"not_picked":["Backflip","Prepared"],"picked":"Poisoned Stab","floor":18},{"not_picked":["Deflect","Dagger Spray"],"picked":"Skewer+1","floor":21}],"player_experience":1487222,"relics_obtained":[{"floor":9,"key":"Snake Skull"},{"floor":10,"key":"Blood Vial"},{"floor":13,"key":"Ornamental Fan"}],"event_choices":[{"event_name":"Golden Idol","player_choice":"Ignored","floor":2,"damage_taken":0},{"event_name":"Shining Light","player_choice":"Entered Light","floor":3,"damage_taken":0},{"event_name":"World of Goop","player_choice":"Left","floor":12,"damage_taken":0},{"event_name":"Ghosts","player_choice":"Ignored","floor":20,"damage_taken":0}],"is_beta":false,"boss_relics":[{"not_picked":["Runic Dome","Empty Cage"],"picked":"Cursed Key"}],"items_purged_floors":[19],"is_endless":false,"potions_floor_spawned":[1,7,10,13],"killed_by":"Cultist and Chosen","ascension_level":17}