{"gold_per_floor":[119,139,157,157,107,140,140,184,184,6,6,6,22,35,35,163,163,163,288,301,301,61,99,99,99,123,123,141,166,166,180,180,305,305,320,320,376,389,389,389,402,402,402,436,436,457,382,403,403,403,403,403,132,172,172],"floor_reached":56,"playtime":2223,"items_purged":["Strike_R","Writhe"],"score":1230,"play_id":"cb22d47d-66f1-4895-aef0-08a9da8bf627","local_time":"20190104154120","is_ascension_mode":false,"campfire_choices":[{"floor":7.0,"key":"REST"},{"data":"1","floor":15.0,"key":"LIFT"},{"data":"Limit Break","floor":25,"key":"SMITH"},{"data":"2","floor":27,"key":"LIFT"},{"data":"3","floor":30,"key":"LIFT"},{"data":"Heavy Blade","floor":32,"key":"SMITH"},{"floor":40,"key":"RECALL"},{"data":"Heavy Blade","floor":42,"key":"SMITH"},{"floor":45,"key":"REST"},{"data":"Offering","floor":49,"key":"SMITH"},{"data":"Whirlwind","floor":52,"key":"SMITH"}],"neow_cost":"NONE","seed_source_timestamp":30264851198719,"circlet_count":0,"master_deck":["Strike_R","Strike_R","Strike_R","Defend_R","Defend_R","Defend_R","Defend_R","Bash","Spot Weakness","Thunderclap","True Grit","Whirlwind+1","Demon Form","Clothesline","Heavy Blade+1","Writhe","Whirlwind+1","Limit Break+1","Inflame","Spot Weakness+1","Heavy Blade+1","Offering+1","Reaper+1","Heavy Blade+1","Disarm+1","Inflame+1","Impervious","Shockwave","Double Tap","Dramatic Entrance","Flame Barrier+1"],"special_seed":0,"relics":["Burning Blood","NeowsBlessing","Golden Idol","Dream Catcher","Girya","Meat on the Bone","Orichalcum","Sozu","Gambling Chip","Self Forming Clay","Pear","Oddly Smooth Stone","Art of War","Strawberry","Snecko Eye","Magic Flower","Darkstone Periapt","Whetstone","Pen Nib"],"potions_floor_usage":[18,19],"damage_taken":[{"damage":0.0,"enemies":"Small Slimes","floor":1.0,"turns":1.0},{"damage":0.0,"enemies":"Jaw Worm","floor":2.0,"turns":1.0},{"damage":0.0,"enemies":"2 Louse","floor":3.0,"turns":1.0},{"damage":32.0,"enemies":"3 Sentries","floor":6.0,"turns":10.0},{"damage":37.0,"enemies":"Lagavulin","floor":8.0,"turns":6.0},{"damage":13.0,"enemies":"Lots of Slimes","floor":13.0,"turns":3.0},{"damage":0.0,"enemies":"3 Louse","floor":14.0,"turns":2.0},{"damage":29.0,"enemies":"Slime Boss","floor":16.0,"turns":5.0},{"damage":0,"enemies":"2 Thieves","floor":18,"turns":1},{"damage":6,"enemies":"Colosseum Slavers","floor":19,"turns":3},{"damage":36,"enemies":"Colosseum Nobs","floor":19,"turns":5},{"damage":4,"enemies":"Chosen","floor":20,"turns":3},{"damage":37,"enemies":"Slavers","floor":23,"turns":4},{"damage":0,"enemies":"3 Cultists","floor":28,"turns":2},{"damage":11,"enemies":"Centurion and Healer","floor":29,"turns":3},{"damage":2,"enemies":"Snecko","floor":31,"turns":3},{"damage":55,"enemies":"Champ","floor":33,"turns":7},{"damage":0,"enemies":"3 Darklings","floor":35,"turns":1},{"damage":60,"enemies":"2 Orb Walkers","floor":37,"turns":4},{"damage":15,"enemies":"3 Shapes","floor":38,"turns":1},{"damage":20,"enemies":"Spire Growth","floor":41,"turns":3},{"damage":73,"enemies":"Nemesis","floor":44,"turns":7},{"damage":5,"enemies":"4 Shapes","floor":46,"turns":3},{"damage":0,"enemies":"Jaw Worm Horde","floor":48,"turns":2},{"damage":55,"enemies":"Donu and Deca","floor":50,"turns":6},{"damage":18,"enemies":"Shield and Spear","floor":54,"turns":3},{"damage":88,"enemies":"The Heart","floor":55,"turns":8}],"seed_played":"2773072654700380376","potions_obtained":[{"floor":2.0,"key":"Energy Potion"},{"floor":3.0,"key":"Energy Potion"},{"floor":6.0,"key":"SkillPotion"},{"floor":8.0,"key":"Fire Potion"},{"floor":14.0,"key":"SmokeBomb"}],"is_trial":false,"path_per_floor":["M","M","M","?","?","E","R","E","T","$","$","?","M","M","R","B",null,"M","?","M","?","$","E","?","R","T","R","M","M","R","M","R","B",null,"M","?","?","M","T","R","M","R","T","E","R","M","$","M","R","B",null,"R","$","E","B",null],"character_chosen":"IRONCLAD","items_purchased":["Orichalcum","Heavy Blade","Pear","Double Tap","Dramatic Entrance"],"campfire_rested":2,"item_purchase_floors":[10,10,22,53,53],"current_hp_per_floor":[80,80,80,60,60,34,58,27,27,27,27,27,32,50,50,39,80,80,50,52,52,62,43,43,43,50,50,56,63,63,67,67,30,97,97,97,55,67,67,67,83,83,83,37,66,97,97,97,97,97,97,97,97,88,71],"gold":172,"neow_bonus":"THREE_ENEMY_KILL","is_prod":false,"is_daily":false,"chose_seed":false,"campfire_upgraded":5,"win_rate":0,"timestamp":1546634480,"path_taken":["M","M","M","?","?","E","R","E","T","?","$","?","?","M","R","BOSS","M","?","M","?","$","E","?","R","T","R","?","M","R","M","R","BOSS","M","?","?","M","?","R","M","R","T","E","R","M","$","M","R","BOSS","R","$","E","BOSS"],"build_version":"2019-01-03v3","purchased_purges":2,"victory":true,"max_hp_per_floor":[80,80,80,80,80,80,80,80,80,80,80,80,80,80,80,80,80,80,80,80,80,90,90,90,90,97,97,97,97,97,97,97,97,97,97,97,97,97,97,97,97,97,97,97,97,97,97,97,97,97,97,97,97,97,97],"card_choices":[{"not_picked":["Flex","Bloodletting"],"picked":"Spot Weakness","floor":1.0},{"not_picked":["Spot Weakness","Hemokinesis"],"picked":"Thunderclap","floor":2.0},{"not_picked":["Havoc","Flex"],"picked":"True Grit","floor":3.0},{"not_picked":["Body Slam","Armaments"],"picked":"Whirlwind","floor":6.0},{"not_picked":["Clothesline","Havoc"],"picked":"Demon Form","floor":7.0},{"not_picked":["Perfected Strike","Entrench"],"picked":"Clothesline","floor":8.0},{"not_picked":["Twin Strike","Dual Wield","Warcry"],"picked":"SKIP","floor":13.0},{"not_picked":["Power Through","Searing Blow"],"picked":"Whirlwind","floor":14.0},{"not_picked":["Juggernaut","Reaper"],"picked":"Limit Break","floor":16.0},{"not_picked":["True Grit","Clash+1"],"picked":"Inflame","floor":19},{"not_picked":["Flex+1","Headbutt","Iron Wave"],"picked":"SKIP","floor":20},{"not_picked":["Wild Strike","Rampage","Carnage+1"],"picked":"SKIP","floor":23},{"not_picked":["Sentinel+1","Wild Strike"],"picked":"Spot Weakness+1","floor":28},{"not_picked":["True Grit+1","Clash"],"picked":"Heavy Blade","floor":29},{"not_picked":["Havoc","Shrug It Off"],"picked":"Offering","floor":31},{"not_picked":["Exhume","Double Tap"],"picked":"Reaper","floor":33},{"not_picked":["Clash","Flex+1"],"picked":"Heavy Blade+1","floor":35},{"not_picked":["Pommel Strike","Wild Strike+1"],"picked":"Disarm+1","floor":37},{"not_picked":["Shrug It Off+1","Shockwave"],"picked":"Inflame+1","floor":38},{"not_picked":["Burning Pact","Hemokinesis","Sword Boomerang"],"picked":"SKIP","floor":41},{"not_picked":["Clash","Wild Strike+1"],"picked":"Impervious","floor":44},{"not_picked":["Armaments+1","Clash","Thunderclap"],"picked":"SKIP","floor":46},{"not_picked":["Iron Wave","Fiend Fire"],"picked":"Shockwave","floor":48},{"not_picked":["Corruption+1","Dropkick"],"picked":"Flame Barrier+1","floor":54}],"player_experience":2011061,"relics_obtained":[{"floor":6.0,"key":"Dream Catcher"},{"floor":8.0,"key":"Girya"},{"floor":9.0,"key":"Meat on the Bone"},{"floor":19,"key":"Gambling Chip"},{"floor":19,"key":"Self Forming Clay"},{"floor":23,"key":"Oddly Smooth Stone"},{"floor":26,"key":"Strawberry"},{"floor":37,"key":"Magic Flower"},{"floor":43,"key":"Darkstone Periapt"},{"floor":44,"key":"Whetstone"},{"floor":54,"key":"Pen Nib"}],"event_choices":[{"damage_healed":0.0,"max_hp_gain":0.0,"max_hp_loss":0.0,"gold_gain":0.0,"event_name":"Golden Idol","player_choice":"Take Damage","floor":4.0,"gold_loss":0.0,"damage_taken":20.0,"relics_obtained":["Golden Idol"]},{"cards_removed":["Strike_R"],"damage_healed":0.0,"max_hp_gain":0.0,"max_hp_loss":0.0,"gold_gain":0.0,"event_name":"The Cleric","player_choice":"Card Removal","floor":5.0,"gold_loss":50.0,"damage_taken":0.0},{"damage_healed":0.0,"max_hp_gain":0.0,"max_hp_loss":0.0,"gold_gain":0.0,"event_name":"Match and Keep!","player_choice":"1 cards matched","floor":12.0,"gold_loss":0.0,"damage_taken":0.0,"cards_obtained":["Writhe"]},{"damage_healed":0,"gold_gain":0,"player_choice":"Fight","damage_taken":0,"max_hp_gain":0,"max_hp_loss":0,"event_name":"Colosseum","floor":19,"gold_loss":0},{"damage_healed":0,"gold_gain":0,"player_choice":"Fought Nobs","damage_taken":0,"max_hp_gain":0,"max_hp_loss":0,"event_name":"Colosseum","floor":19,"gold_loss":0},{"damage_healed":0,"gold_gain":0,"player_choice":"Ignored","damage_taken":0,"max_hp_gain":0,"max_hp_loss":0,"event_name":"Ghosts","floor":21,"gold_loss":0},{"damage_healed":0,"gold_gain":0,"player_choice":"Opened","damage_taken":0,"relics_obtained":["Art of War"],"max_hp_gain":0,"max_hp_loss":0,"event_name":"The Mausoleum","floor":24,"gold_loss":0,"cards_obtained":["Writhe"]},{"damage_healed":0,"gold_gain":0,"player_choice":"Ignored","damage_taken":0,"max_hp_gain":0,"max_hp_loss":0,"event_name":"Tomb of Lord Red Mask","floor":36,"gold_loss":0},{"damage_healed":0,"gold_gain":0,"player_choice":"Fight","damage_taken":0,"max_hp_gain":0,"max_hp_loss":0,"event_name":"Mysterious Sphere","floor":37,"gold_loss":0}],"is_beta":false,"boss_relics":[{"not_picked":["Philosopher\u0027s Stone","Velvet Choker"],"picked":"Sozu"},{"not_picked":["Black Blood","Tiny House"],"picked":"Snecko Eye"}],"items_purged_floors":[47,53],"is_endless":false,"potions_floor_spawned":[2,3,6,8,14,19,20,23,33,35,38,48,54],"ascension_level":0}