{"gold_per_floor":[119,133,153,170,170,195,195,222,305,316,334,405,330,341,341,341],"floor_reached":16,"playtime":1217,"items_purged":["Strike_G"],"score":137,"play_id":"b30f1230-98f6-4dea-bcb3-e913666b656e","local_time":"20180629173716","is_ascension_mode":true,"campfire_choices":[{"data":"Neutralize","floor":7,"key":"SMITH"},{"data":"A Thousand Cuts","floor":15,"key":"SMITH"}],"neow_cost":"","seed_source_timestamp":245608819072977,"circlet_count":0,"master_deck":["Defend_G","Defend_G","Defend_G","Defend_G","Strike_G","Strike_G","Strike_G","Strike_G","Survivor","Neutralize+1","Malaise","Predator","Footwork","Backflip","Heel Hook","A Thousand Cuts+1"],"relics":["Ring of the Snake","Juzu Bracelet","Mummified Hand","Tiny Chest","Bottled Tornado"],"potions_floor_usage":[6,6,8,16,16],"damage_taken":[{"damage":1,"enemies":"Jaw Worm","floor":1,"turns":5},{"damage":5,"enemies":"Small Slimes","floor":2,"turns":5},{"damage":2,"enemies":"Cultist","floor":3,"turns":4},{"damage":15,"enemies":"2 Fungi Beasts","floor":4,"turns":5},{"damage":9,"enemies":"Lagavulin","floor":6,"turns":12},{"damage":14,"enemies":"3 Sentries","floor":8,"turns":10},{"damage":12,"enemies":"Exordium Thugs","floor":10,"turns":6},{"damage":0,"enemies":"Looter","floor":11,"turns":3},{"damage":2,"enemies":"Large Slime","floor":14,"turns":5},{"damage":29,"enemies":"The Guardian","floor":16,"turns":2}],"seed_played":"4908562894963532380","potions_obtained":[{"floor":2,"key":"Dexterity Potion"},{"floor":3,"key":"Regen Potion"},{"floor":4,"key":"SkillPotion"},{"floor":8,"key":"Explosive Potion"},{"floor":11,"key":"AttackPotion"}],"is_trial":false,"path_per_floor":["M","M","M","M","?","E","R","E","T","M","M","T","$","M","R"],"character_chosen":"THE_SILENT","items_purchased":[],"campfire_rested":0,"item_purchase_floors":[],"current_hp_per_floor":[69,64,62,47,40,46,46,32,32,20,20,20,20,18,18,0],"gold":341,"neow_bonus":"","is_prod":false,"is_daily":false,"chose_seed":false,"campfire_upgraded":2,"win_rate":0,"timestamp":1530311836,"path_taken":["M","M","M","M","?","E","R","E","T","M","M","?","$","M","R","BOSS"],"build_version":"2018-06-28","purchased_purges":1,"victory":false,"max_hp_per_floor":[70,70,70,70,70,70,70,70,70,70,70,70,70,70,70,70],"card_choices":[{"not_picked":["Poisoned Stab","Slice"],"picked":"Malaise","floor":1},{"not_picked":["Endless Agony","Deadly Poison"],"picked":"Predator","floor":2},{"not_picked":["Distraction","Deflect"],"picked":"Footwork","floor":3},{"not_picked":["Malaise","Endless Agony","Outmaneuver"],"picked":"SKIP","floor":4},{"not_picked":["Deflect","Outmaneuver"],"picked":"Backflip","floor":6},{"not_picked":["Deadly Poison","Finisher","Eviscerate"],"picked":"SKIP","floor":8},{"not_picked":["Expertise","Masterful Stab","Acrobatics"],"picked":"SKIP","floor":10},{"not_picked":["Acrobatics","Choke"],"picked":"Heel Hook","floor":11},{"not_picked":["Deflect","Sucker Punch"],"picked":"A Thousand Cuts","floor":14}],"player_experience":178299,"relics_obtained":[{"floor":6,"key":"Juzu Bracelet"},{"floor":8,"key":"Mummified Hand"},{"floor":9,"key":"Tiny Chest"},{"floor":12,"key":"Bottled Tornado"}],"event_choices":[{"event_name":"Golden Wing","player_choice":"Card Removal","floor":5,"damage_taken":0}],"boss_relics":[],"items_purged_floors":[13],"is_endless":false,"potions_floor_spawned":[2,3,4,8,11],"killed_by":"The Guardian","ascension_level":4}