{"gold_per_floor":[118,118,138,156,156,156,185,185,185,185,185,38,73,92,92,213,213,234,257,257,283,306,306,322,341,341,355,270,290,310,328,328,456,456,476,497,497,293,18,18,351,384,384,384,394,394,406,406,406,406],"floor_reached":50,"playtime":4560,"items_purged":["Injury","Strike_G"],"score":649,"play_id":"af93d2e7-d07a-4e91-a92f-373b8cefbc7b","local_time":"20180706220929","is_ascension_mode":true,"campfire_choices":[{"data":"Neutralize","floor":6.0,"key":"SMITH"},{"floor":8.0,"key":"REST"},{"data":"Noxious Fumes","floor":10.0,"key":"SMITH"},{"floor":15.0,"key":"REST"},{"floor":23.0,"key":"REST"},{"floor":32.0,"key":"REST"},{"data":"Envenom","floor":40,"key":"SMITH"},{"floor":46,"key":"REST"},{"floor":49,"key":"REST"}],"neow_cost":"","seed_source_timestamp":0,"circlet_count":0,"master_deck":["Defend_G","Defend_G","Defend_G","Defend_G","Strike_G","Strike_G","Strike_G","Survivor","Neutralize+1","Heel Hook","Noxious Fumes+1","Crippling Poison","Tools of the Trade","Well Laid Plans","Poisoned Stab","Crippling Poison+1","Phantasmal Killer+1","Heel Hook","Heel Hook","Poisoned Stab","Deadly Poison+1","PiercingWail+1","Deadly Poison+1","PiercingWail+1","Deadly Poison+1","Envenom+1","PiercingWail+1","Bouncing Flask+1","Dark Shackles+1","Footwork","Dark Shackles+1"],"special_seed":0,"relics":["Ring of the Snake","Thread and Needle","Blue Candle","Toxic Egg 2","Odd Mushroom","Sozu","Anchor","Calipers","Lantern","Busted Crown","Lee\u0027s Waffle","Boot","Smiling Mask"],"potions_floor_usage":[],"damage_taken":[{"damage":1.0,"enemies":"Cultist","floor":1.0,"turns":5.0},{"damage":7.0,"enemies":"Jaw Worm","floor":3.0,"turns":5.0},{"damage":0.0,"enemies":"Small Slimes","floor":4.0,"turns":3.0},{"damage":15.0,"enemies":"3 Sentries","floor":7.0,"turns":7.0},{"damage":17.0,"floor":13.0,"turns":4.0},{"damage":6.0,"enemies":"2 Fungi Beasts","floor":14.0,"turns":4.0},{"damage":17.0,"enemies":"The Guardian","floor":16.0,"turns":9.0},{"damage":13.0,"enemies":"2 Thieves","floor":18.0,"turns":4.0},{"damage":1.0,"enemies":"3 Byrds","floor":19.0,"turns":3.0},{"damage":4.0,"enemies":"Cultist and Chosen","floor":22.0,"turns":6.0},{"damage":13.0,"enemies":"Snake Plant","floor":24.0,"turns":5.0},{"damage":21.0,"enemies":"3 Cultists","floor":25.0,"turns":5.0},{"damage":0.0,"enemies":"Cultist and Chosen","floor":27.0,"turns":6.0},{"damage":5.0,"enemies":"Slaver and Parasite","floor":29.0,"turns":5.0},{"damage":13.0,"enemies":"Snake Plant","floor":30.0,"turns":3.0},{"damage":0.0,"enemies":"Centurion and Healer","floor":31.0,"turns":6.0},{"damage":30.0,"enemies":"Collector","floor":33.0,"turns":8.0},{"damage":21,"enemies":"3 Darklings","floor":35,"turns":4},{"damage":0,"enemies":"3 Shapes","floor":36,"turns":6},{"damage":39,"enemies":"Giant Head","floor":42,"turns":8},{"damage":1,"enemies":"Maw","floor":45,"turns":7},{"damage":23,"enemies":"Sphere and 2 Shapes","floor":47,"turns":5},{"damage":86,"enemies":"Time Eater","floor":50,"turns":11}],"seed_played":"-2488242030896337167","potions_obtained":[{"floor":4.0,"key":"Poison Potion"}],"is_trial":false,"path_per_floor":["M","?","M","M","?","R","E","R","T","R","?","$","?","M","R","B",null,"M","M","?","T","M","R","M","M","T","M","?","M","M","M","R","B",null,"M","M","?","$","$","R","?","E","T","?","M","R","M","?","R"],"character_chosen":"THE_SILENT","items_purchased":["Well Laid Plans","Dark Shackles+1","Lee\u0027s Waffle","Footwork"],"campfire_rested":6,"item_purchase_floors":[12,38,39,39],"current_hp_per_floor":[69,74,67,67,64,64,49,71,71,71,71,71,54,48,70,53,70,57,56,56,56,52,74,61,40,40,40,40,35,22,22,44,14,60,39,39,39,39,82,82,82,43,43,43,42,66,43,43,67,0],"gold":406,"neow_bonus":"","is_prod":false,"is_daily":false,"chose_seed":false,"campfire_upgraded":3,"win_rate":0,"timestamp":1530929369,"path_taken":["M","?","M","M","?","R","E","R","T","R","?","$","?","M","R","BOSS","M","M","?","?","M","R","M","M","T","?","?","M","M","M","R","BOSS","M","M","?","?","$","R","?","E","T","?","?","R","M","?","R","BOSS"],"build_version":"2018-07-05","purchased_purges":2,"victory":false,"max_hp_per_floor":[70,75,75,75,75,75,75,75,75,75,75,75,75,75,75,75,75,75,75,75,75,75,75,75,75,75,75,75,75,75,75,75,75,75,75,75,75,75,82,82,82,82,82,82,82,82,82,82,82,82],"card_choices":[{"not_picked":["Cloak And Dagger","Masterful Stab"],"picked":"Heel Hook","floor":1.0},{"not_picked":["Setup","Cloak And Dagger"],"picked":"Noxious Fumes","floor":3.0},{"not_picked":["PiercingWail","Outmaneuver"],"picked":"Crippling Poison","floor":4.0},{"not_picked":["Catalyst","Poisoned Stab"],"picked":"Tools of the Trade","floor":7.0},{"not_picked":["Deflect+1","Cloak And Dagger+1"],"picked":"Poisoned Stab","floor":13.0},{"not_picked":["Deadly Poison+1","Expertise+1"],"picked":"Crippling Poison+1","floor":14.0},{"not_picked":["Wraith Form v2","Storm of Steel+1"],"picked":"Phantasmal Killer+1","floor":16.0},{"not_picked":["Acrobatics+1","PiercingWail+1"],"picked":"Heel Hook","floor":18.0},{"not_picked":["Skewer","Concentrate+1","Sucker Punch"],"picked":"SKIP","floor":19.0},{"not_picked":["Backflip+1","Deflect+1"],"picked":"Heel Hook","floor":22.0},{"not_picked":["Infinite Blades","Storm of Steel+1"],"picked":"Poisoned Stab","floor":24.0},{"not_picked":["Cloak And Dagger+1","Underhanded Strike"],"picked":"Deadly Poison+1","floor":25.0},{"not_picked":["Footwork+1","Calculated Gamble+1"],"picked":"PiercingWail+1","floor":27.0},{"not_picked":["Sucker Punch","Quick Slash"],"picked":"Deadly Poison+1","floor":29.0},{"not_picked":["Blade Dance+1","Acrobatics+1"],"picked":"PiercingWail+1","floor":30.0},{"not_picked":["Wraith Form v2","Dodge and Roll+1"],"picked":"Deadly Poison+1","floor":31.0},{"not_picked":["Glass Knife","Tools of the Trade"],"picked":"Envenom","floor":33.0},{"not_picked":[],"picked":"PiercingWail+1","floor":35},{"not_picked":[],"picked":"Bouncing Flask+1","floor":36},{"not_picked":["Skewer+1"],"picked":"SKIP","floor":42},{"not_picked":["Dagger Spray+1"],"picked":"SKIP","floor":45},{"not_picked":["Sucker Punch+1"],"picked":"SKIP","floor":47},{"not_picked":[],"picked":"Dark Shackles+1","floor":48}],"player_experience":979487,"relics_obtained":[{"floor":7.0,"key":"Blue Candle"},{"floor":9.0,"key":"Toxic Egg 2"},{"floor":13.0,"key":"Odd Mushroom"},{"floor":21.0,"key":"Anchor"},{"floor":26.0,"key":"Calipers"},{"floor":42,"key":"Boot"},{"floor":43,"key":"Smiling Mask"}],"event_choices":[{"event_name":"Big Fish","player_choice":"Donut","floor":2.0,"damage_taken":0.0},{"event_name":"Scrap Ooze","player_choice":"success","floor":5.0,"damage_taken":3.0},{"event_name":"Golden Idol","player_choice":"Take Wound","floor":11.0,"damage_taken":0.0},{"event_name":"Mushrooms","player_choice":"Fought Mushrooms","floor":13.0,"damage_taken":0.0},{"event_name":"Bonfire Elementals","player_choice":"BASIC","floor":20.0,"damage_taken":0.0},{"event_name":"Addict","player_choice":"Obtained Relic","floor":28.0,"damage_taken":0.0},{"event_name":"Falling","player_choice":"Removed Skill","floor":37,"damage_taken":0},{"event_name":"The Moai Head","player_choice":"Gave Idol","floor":41,"damage_taken":0},{"event_name":"Mysterious Sphere","player_choice":"Ignore","floor":44,"damage_taken":0},{"event_name":"SensoryStone","player_choice":"Memory 1","floor":48,"damage_taken":0}],"boss_relics":[{"not_picked":["Tiny House","Pandora\u0027s Box"],"picked":"Sozu"},{"not_picked":["Runic Dome","Black Star"],"picked":"Busted Crown"}],"items_purged_floors":[12,38],"is_endless":false,"potions_floor_spawned":[4,18,24,29,30,33,36,45],"killed_by":"Time Eater","ascension_level":5}