{"gold_per_floor":[117,117,117,117,87,87,157,157,157,190,213,231,266,291,291,381,381,381],"floor_reached":18,"playtime":665,"items_purged":[],"score":456,"play_id":"4acae971-9bf7-44a3-99ca-4505244dde97","local_time":"20190110134054","is_ascension_mode":true,"campfire_choices":[{"data":"PiercingWail","floor":6,"key":"SMITH"},{"data":"Quick Slash","floor":8,"key":"SMITH"},{"data":"Skewer","floor":15,"key":"SMITH"}],"neow_cost":"NONE","seed_source_timestamp":256611163870096,"circlet_count":0,"master_deck":["AscendersBane","Defend_G","Defend_G","Defend_G","Defend_G","Strike_G","Strike_G","Strike_G","Survivor","Neutralize+1","PiercingWail+1","Quick Slash+1","Slice","PiercingWail","Footwork","Skewer+1","Dagger Throw","After Image"],"relics":["Ring of the Snake","NeowsBlessing","Golden Idol","Tiny Chest","Strawberry","Orichalcum","Smiling Mask","Empty Cage"],"potions_floor_usage":[13,13,16,16],"damage_taken":[{"damage":0,"enemies":"Cultist","floor":1,"turns":1},{"damage":0,"enemies":"Gremlin Nob","floor":7,"turns":1},{"damage":0,"enemies":"Lagavulin","floor":10,"turns":1},{"damage":0,"enemies":"Small Slimes","floor":11,"turns":4},{"damage":0,"enemies":"2 Louse","floor":12,"turns":3},{"damage":15,"enemies":"3 Sentries","floor":13,"turns":9},{"damage":5,"enemies":"Gremlin Gang","floor":14,"turns":5},{"damage":17,"enemies":"The Guardian","floor":16,"turns":15},{"damage":58,"enemies":"3 Byrds","floor":18,"turns":6}],"seed_played":"-6119941722765071784","potions_obtained":[{"floor":5,"key":"PowerPotion"},{"floor":5,"key":"Weak Potion"},{"floor":13,"key":"Strength Potion"},{"floor":14,"key":"Energy Potion"}],"is_trial":false,"path_per_floor":["M","?","?","?","?","R","E","R","T","E","M","M","E","M","R","B",null,"M"],"character_chosen":"THE_SILENT","items_purchased":[],"campfire_rested":0,"item_purchase_floors":[],"current_hp_per_floor":[59,59,59,52,52,52,52,52,59,59,59,59,44,39,39,22,56,0],"gold":381,"neow_bonus":"THREE_ENEMY_KILL","is_prod":false,"is_daily":false,"chose_seed":false,"campfire_upgraded":3,"win_rate":0,"timestamp":1547124054,"path_taken":["M","?","?","?","?","R","E","R","T","E","?","M","E","M","R","BOSS","M"],"build_version":"2019-01-03v4","purchased_purges":0,"victory":false,"max_hp_per_floor":[66,66,60,60,60,60,60,60,67,67,67,67,67,67,67,67,67,67],"card_choices":[{"not_picked":["Outmaneuver","Setup"],"picked":"PiercingWail","floor":1},{"not_picked":["Riddle With Holes","Grand Finale"],"picked":"Quick Slash","floor":7},{"not_picked":["Deflect","Terror"],"picked":"Slice","floor":10},{"not_picked":["Prepared","Escape Plan"],"picked":"PiercingWail","floor":11},{"not_picked":["Setup","Flying Knee"],"picked":"Footwork","floor":12},{"not_picked":["Sucker Punch","Escape Plan"],"picked":"Skewer","floor":13},{"not_picked":["Deflect","Quick Slash"],"picked":"Dagger Throw","floor":14},{"not_picked":["Glass Knife","Tools of the Trade"],"picked":"After Image","floor":16}],"player_experience":1854591,"relics_obtained":[{"floor":7,"key":"Tiny Chest"},{"floor":9,"key":"Strawberry"},{"floor":10,"key":"Orichalcum"},{"floor":13,"key":"Smiling Mask"}],"event_choices":[{"damage_healed":0,"gold_gain":0,"player_choice":"Grow","damage_taken":0,"max_hp_gain":0,"max_hp_loss":0,"event_name":"Living Wall","floor":2,"gold_loss":0,"cards_upgraded":["Neutralize"]},{"damage_healed":0,"gold_gain":0,"player_choice":"Lose Max HP","damage_taken":0,"relics_obtained":["Golden Idol"],"max_hp_gain":0,"max_hp_loss":6,"event_name":"Golden Idol","floor":3,"gold_loss":0},{"cards_removed":["Strike_G"],"damage_healed":0,"gold_gain":0,"player_choice":"Card Removal","damage_taken":7,"max_hp_gain":0,"max_hp_loss":0,"event_name":"Golden Wing","floor":4,"gold_loss":0},{"damage_healed":0,"gold_gain":0,"player_choice":"Bought 2 Potions","damage_taken":0,"max_hp_gain":0,"max_hp_loss":0,"event_name":"The Woman in Blue","floor":5,"gold_loss":0}],"is_beta":false,"boss_relics":[{"not_picked":["Lizard Tail","Eternal Feather"],"picked":"Empty Cage"}],"items_purged_floors":[],"is_endless":false,"potions_floor_spawned":[10,12,13,14],"killed_by":"3 Byrds","ascension_level":20}