{"path_per_floor":["M","?","M","M","$","R","M","M","T","R","$","M","M","M","R","B",null,"M","?","$","M","$","E","R","M","T","?","?","R","M","M","R","B",null,"M","T","M","?"],"character_chosen":"IRONCLAD","items_purchased":["War Paint","Reckless Charge","Sentinel","Dark Shackles"],"gold_per_floor":[117,117,138,159,13,13,34,55,55,55,20,39,52,71,71,202,202,227,227,116,134,35,66,66,89,113,113,113,113,128,144,144,270,270,289,289,308,308,308],"floor_reached":39,"campfire_rested":3,"playtime":1683,"item_purchase_floors":[5,11,20,22],"current_hp_per_floor":[80,60,62,67,67,67,60,66,66,66,66,72,66,72,72,58,80,76,76,76,68,68,45,72,63,63,47,47,74,59,64,90,11,90,58,58,46,46,0],"items_purged":["Injury"],"gold":308,"score":395,"play_id":"9b789700-7527-4546-94cb-df2053477ef2","local_time":"20180526110120","is_prod":false,"is_daily":false,"chose_seed":false,"is_ascension_mode":false,"campfire_upgraded":3,"win_rate":0.0,"timestamp":1527350480,"campfire_choices":[{"data":"Inflame","floor":6,"key":"SMITH"},{"data":"Clash","floor":10,"key":"SMITH"},{"data":"Iron Wave","floor":15,"key":"SMITH"},{"floor":24,"key":"REST"},{"floor":29,"key":"REST"},{"floor":32,"key":"REST"}],"path_taken":["M","?","?","M","?","R","M","M","T","R","$","?","M","M","R","BOSS","M","?","?","M","?","E","R","M","T","?","?","R","?","M","R","BOSS","M","?","M","?","M"],"build_version":"2018-05-24","seed_source_timestamp":294358717293620,"purchased_purges":1,"victory":false,"master_deck":["Strike_R","Strike_R","Strike_R","Strike_R","Strike_R","Defend_R+1","Defend_R+1","Defend_R","Defend_R","Bash","Reckless Charge","Inflame+1","Iron Wave+1","Clash+1","Reckless Charge","Pummel","Fiend Fire+1","Second Wind+1","Sentinel","Dark Shackles","Intimidate","Regret","Pummel","Iron Wave","Exhume","Twin Strike+1","Pain","True Grit+1"],"max_hp_per_floor":[80,80,80,80,80,80,80,80,80,80,80,80,80,80,80,80,80,80,80,80,80,80,90,90,90,90,90,90,90,90,90,90,90,90,90,90,90,90,90],"relics":["Burning Blood","Golden Idol","War Paint","Centennial Puzzle","Cursed Key","Pear","Anchor","Enchiridion","Lizard Tail","Question Card"],"card_choices":[{"not_picked":["Uppercut","Fire Breathing"],"picked":"Reckless Charge","floor":0},{"not_picked":["Feel No Pain","Armaments"],"picked":"Inflame","floor":1},{"not_picked":["Fire Breathing","Uppercut","Entrench"],"picked":"SKIP","floor":3},{"not_picked":["Shrug It Off","Heavy Blade"],"picked":"Iron Wave","floor":4},{"not_picked":["Havoc","Twin Strike"],"picked":"Clash","floor":7},{"not_picked":["Intimidate","Body Slam","Battle Trance"],"picked":"SKIP","floor":8},{"not_picked":["Pommel Strike","Clothesline"],"picked":"Pummel","floor":12},{"not_picked":["True Grit","Fire Breathing","Uppercut"],"picked":"SKIP","floor":13},{"not_picked":["Pommel Strike","Clothesline","Metallicize"],"picked":"SKIP","floor":14},{"not_picked":["Double Tap","Exhume"],"picked":"Fiend Fire","floor":16},{"not_picked":["Warcry","Whirlwind+1"],"picked":"Second Wind","floor":18},{"not_picked":["Evolve+1","Spot Weakness","Sword Boomerang"],"picked":"SKIP","floor":21},{"not_picked":["Dropkick","Twin Strike","Clothesline"],"picked":"SKIP","floor":23},{"not_picked":["Clothesline+1","Corruption"],"picked":"Intimidate","floor":25},{"not_picked":["Pommel Strike","Power Through+1"],"picked":"Pummel","floor":30},{"not_picked":["Armaments+1","Shrug It Off"],"picked":"Iron Wave","floor":31},{"not_picked":["Brutality","Double Tap"],"picked":"Exhume","floor":33},{"not_picked":["Armaments+1","Shrug It Off"],"picked":"Twin Strike+1","floor":35},{"not_picked":["Flame Barrier","Cleave","Pommel Strike+1"],"picked":"True Grit+1","floor":37}],"player_experience":145971,"potions_floor_usage":[7,12,18,23,31,35,35,35],"damage_taken":[{"damage":0,"enemies":"Small Slimes","floor":1,"turns":2},{"damage":4,"enemies":"2 Louse","floor":3,"turns":3},{"damage":1,"enemies":"Cultist","floor":4,"turns":3},{"damage":13,"enemies":"Lots of Slimes","floor":7,"turns":5},{"damage":0,"enemies":"Red Slaver","floor":8,"turns":4},{"damage":0,"enemies":"2 Fungi Beasts","floor":12,"turns":3},{"damage":12,"enemies":"Exordium Thugs","floor":13,"turns":4},{"damage":0,"enemies":"3 Louse","floor":14,"turns":3},{"damage":20,"enemies":"Slime Boss","floor":16,"turns":11},{"damage":10,"enemies":"Chosen","floor":18,"turns":3},{"damage":14,"enemies":"3 Byrds","floor":21,"turns":5},{"damage":39,"enemies":"Book of Stabbing","floor":23,"turns":5},{"damage":15,"enemies":"Slaver and Parasite","floor":25,"turns":4},{"damage":21,"enemies":"Chosen and Byrds","floor":30,"turns":6},{"damage":1,"enemies":"Centurion and Healer","floor":31,"turns":6},{"damage":85,"enemies":"Champ","floor":33,"turns":9},{"damage":62,"enemies":"Flame Bruiser 1 Orb","floor":35,"turns":11},{"damage":64,"enemies":"3 Shapes","floor":37,"turns":4},{"damage":54,"enemies":"Transient","floor":39,"turns":4}],"relics_obtained":[{"floor":9,"key":"Centennial Puzzle"},{"floor":23,"key":"Pear"},{"floor":26,"key":"Anchor"},{"floor":27,"key":"Enchiridion"},{"floor":36,"key":"Question Card"}],"event_choices":[{"event_name":"Golden Idol","player_choice":"Take Damage","floor":2,"damage_taken":0},{"event_name":"Accursed Blacksmith","player_choice":"Forge","floor":19,"damage_taken":0},{"event_name":"Cursed Tome","player_choice":"Obtained Book","floor":27,"damage_taken":0},{"event_name":"Vampires","player_choice":"Ignored","floor":28,"damage_taken":0},{"event_name":"Upgrade Shrine","player_choice":"Upgraded","floor":38,"damage_taken":0}],"boss_relics":[{"not_picked":["Runic Cube","Sozu"],"picked":"Cursed Key"},{"not_picked":["Runic Dome","Philosopher\u0027s Stone"],"picked":"Lizard Tail"}],"items_purged_floors":[20],"potions_floor_spawned":[1,8,12,13,16,23,25,31,33],"seed_played":"-1126002750367412919","killed_by":"Transient","ascension_level":0,"potions_obtained":[{"floor":1,"key":"SkillPotion"},{"floor":8,"key":"Block Potion"},{"floor":12,"key":"Strength Potion"},{"floor":13,"key":"GamblersBrew"},{"floor":16,"key":"Poison Potion"},{"floor":23,"key":"FearPotion"},{"floor":25,"key":"GamblersBrew"},{"floor":31,"key":"Regen Potion"},{"floor":33,"key":"BloodPotion"}],"is_trial":false}