{"gold_per_floor":[113,129,129,59,75,75,104,104,149,149,149,149,149,129,129,230,230,241,256,256,269,36,36,47,47,47,59,59,59,59,79,79,79],"floor_reached":33,"playtime":1390,"items_purged":[],"score":243,"play_id":"83e2d111-36ea-4ae1-ae85-1e7848ef3411","local_time":"20181207155112","is_ascension_mode":false,"campfire_choices":[{"data":"Neutralize","floor":6,"key":"SMITH"},{"data":"Poisoned Stab","floor":8,"key":"SMITH"},{"data":"Outmaneuver","floor":10,"key":"SMITH"},{"data":"Slice","floor":15,"key":"SMITH"},{"floor":23,"key":"REST"},{"floor":25,"key":"REST"},{"data":"Blade Dance","floor":28,"key":"SMITH"},{"data":"J.A.X.","floor":32,"key":"SMITH"}],"neow_cost":"NONE","seed_source_timestamp":89274538548263,"circlet_count":0,"master_deck":["Defend_G","Defend_G","Defend_G","Defend_G","Defend_G","Strike_G","Strike_G","Strike_G","Survivor","Neutralize+1","Dagger Throw","Deflect","Outmaneuver+1","Slice+1","Poisoned Stab+1","Bullet Time","Bane+1","Acrobatics","Backflip","Blade Dance+1","J.A.X.+1"],"relics":["Runic Pyramid","Smiling Mask","Juzu Bracelet","Ice Cream","Busted Crown","MealTicket","Ornamental Fan"],"potions_floor_usage":[16,19,31],"damage_taken":[{"damage":0,"enemies":"Jaw Worm","floor":1,"turns":5},{"damage":0,"enemies":"Cultist","floor":2,"turns":3},{"damage":0,"enemies":"Small Slimes","floor":5,"turns":3},{"damage":5,"enemies":"Lagavulin","floor":7,"turns":10},{"damage":32,"enemies":"Slime Boss","floor":16,"turns":9},{"damage":35,"enemies":"Spheric Guardian","floor":18,"turns":8},{"damage":5,"enemies":"Chosen","floor":19,"turns":5},{"damage":29,"enemies":"Shelled Parasite and Fungi","floor":21,"turns":6},{"damage":14,"enemies":"Cultist and Chosen","floor":24,"turns":9},{"damage":1,"enemies":"Snecko","floor":27,"turns":5},{"damage":6,"enemies":"Sentry and Sphere","floor":31,"turns":5},{"damage":52,"enemies":"Automaton","floor":33,"turns":6}],"seed_played":"-9071085189798204214","potions_obtained":[{"floor":1,"key":"AttackPotion"},{"floor":7,"key":"Energy Potion"},{"floor":14,"key":"GamblersBrew"},{"floor":24,"key":"Swift Potion"},{"floor":31,"key":"Ancient Potion"}],"is_trial":false,"path_per_floor":["M","M","?","$","M","R","E","R","T","R","T","?","?","?","R","B",null,"M","M","?","M","$","R","M","R","T","M","R","?","?","M","R","B"],"character_chosen":"THE_SILENT","items_purchased":["Deflect","Outmaneuver","MealTicket","Acrobatics"],"campfire_rested":2,"item_purchase_floors":[4,4,22,22],"current_hp_per_floor":[70,70,70,70,70,70,65,65,65,65,65,58,58,58,58,26,70,35,30,30,1,1,22,8,29,29,28,28,51,51,45,45,0],"gold":79,"neow_bonus":"BOSS_RELIC","is_prod":false,"is_daily":false,"chose_seed":false,"campfire_upgraded":6,"win_rate":0,"timestamp":1544194272,"path_taken":["M","M","?","?","M","R","E","R","T","R","?","?","?","?","R","BOSS","M","M","?","M","$","R","M","R","T","M","R","?","?","M","R","BOSS"],"build_version":"2018-12-06","purchased_purges":0,"victory":false,"max_hp_per_floor":[70,70,70,70,70,70,70,70,70,70,70,70,70,70,70,70,70,70,70,70,70,70,70,70,70,70,70,70,70,70,70,70,70],"card_choices":[{"not_picked":["Heel Hook","Expertise","Prepared"],"picked":"SKIP","floor":1},{"not_picked":["Blade Dance","Bane"],"picked":"Dagger Throw","floor":2},{"not_picked":["Choke","Flying Knee"],"picked":"Slice","floor":5},{"not_picked":["Setup","Underhanded Strike"],"picked":"Poisoned Stab","floor":7},{"not_picked":["Night Terror","Adrenaline"],"picked":"Bullet Time","floor":16},{"not_picked":[],"picked":"Bane+1","floor":18},{"not_picked":["Infinite Blades+1"],"picked":"SKIP","floor":19},{"not_picked":["Expertise"],"picked":"SKIP","floor":21},{"not_picked":[],"picked":"Backflip","floor":24},{"not_picked":[],"picked":"Blade Dance","floor":27},{"not_picked":["Glass Knife"],"picked":"SKIP","floor":31}],"player_experience":1089531,"relics_obtained":[{"floor":7,"key":"Smiling Mask"},{"floor":9,"key":"Juzu Bracelet"},{"floor":11,"key":"Ice Cream"},{"floor":26,"key":"Ornamental Fan"}],"event_choices":[{"cards_removed":["Strike_G"],"damage_healed":0,"gold_gain":0,"player_choice":"Took Card","damage_taken":0,"max_hp_gain":0,"max_hp_loss":0,"event_name":"NoteForYourself","floor":3,"gold_loss":0,"cards_obtained":["Strike_R"]},{"cards_removed":["Strike_R"],"damage_healed":0,"gold_gain":0,"player_choice":"Card Removal","damage_taken":7,"max_hp_gain":0,"max_hp_loss":0,"event_name":"Golden Wing","floor":12,"gold_loss":0},{"cards_removed":["Strike_G"],"damage_healed":0,"gold_gain":0,"player_choice":"Forget","damage_taken":0,"max_hp_gain":0,"max_hp_loss":0,"event_name":"Living Wall","floor":13,"gold_loss":0},{"damage_healed":0,"gold_gain":0,"player_choice":"Bought 1 Potion","damage_taken":0,"max_hp_gain":0,"max_hp_loss":0,"event_name":"The Woman in Blue","floor":14,"gold_loss":0},{"damage_healed":0,"gold_gain":0,"player_choice":"Ignored","damage_taken":0,"max_hp_gain":0,"max_hp_loss":0,"event_name":"Ghosts","floor":20,"gold_loss":0},{"damage_healed":23,"gold_gain":0,"player_choice":"Heal","damage_taken":0,"max_hp_gain":0,"max_hp_loss":0,"event_name":"The Library","floor":29,"gold_loss":0},{"damage_healed":0,"gold_gain":0,"player_choice":"Obtain J.A.X.","damage_taken":0,"max_hp_gain":0,"max_hp_loss":0,"event_name":"Drug Dealer","floor":30,"gold_loss":0,"cards_obtained":["J.A.X."]}],"is_beta":false,"boss_relics":[{"not_picked":["Orrery","Pandora\u0027s Box"],"picked":"Busted Crown"}],"items_purged_floors":[],"is_endless":false,"potions_floor_spawned":[1,7,24,31],"killed_by":"Automaton","ascension_level":0}