{"path_per_floor":["M","M","M","?","M","R","E","T","T","E","?","?","M","M","R","B",null,"M","M"],"character_chosen":"IRONCLAD","items_purchased":[],"gold_per_floor":[114,132,142,217,231,231,265,265,265,295,295,295,306,323,323,418,418,404,417,417],"floor_reached":20,"campfire_rested":1,"playtime":1074,"current_hp_per_floor":[80,76,80,69,66,80,49,49,49,33,53,79,80,80,80,26,80,60,63,0],"items_purged":[],"gold":417,"score":195,"play_id":"7c701933-8630-418a-9d24-c79bb85f83e2","local_time":"20180326220942","is_prod":false,"is_daily":false,"is_ascension_mode":true,"campfire_upgraded":1,"timestamp":1522091382,"path_taken":["M","M","?","?","?","R","E","?","T","E","?","?","M","M","R","BOSS","M","M","?"],"build_version":"2018-03-22v2","purchased_purges":0,"victory":false,"master_deck":["Strike_R","Strike_R","Strike_R+1","Strike_R","Strike_R","Defend_R","Defend_R","Defend_R","Defend_R","Bash","Entrench","Shrug It Off","Body Slam+1","Rampage+1","Entrench","Power Through","Impervious+1","Parasite","Iron Wave","Impervious+1","Anger","Ghostly Armor+1"],"max_hp_per_floor":[80,80,80,80,80,80,80,80,80,80,80,80,80,80,80,80,80,80,80,80],"relics":["Black Blood","Vajra","Pen Nib","Toxic Egg 2","Whetstone"],"card_choices":[{"not_picked":["Wild Strike","Flex"],"picked":"Entrench","floor":0},{"not_picked":["Shockwave","Headbutt"],"picked":"Shrug It Off","floor":1},{"not_picked":["Flex","Feel No Pain"],"picked":"Body Slam","floor":2},{"not_picked":["Spot Weakness","Armaments"],"picked":"Rampage","floor":3},{"not_picked":["Power Through","Reckless Charge"],"picked":"Entrench","floor":5},{"not_picked":["Sword Boomerang","Hemokinesis"],"picked":"Power Through","floor":7},{"not_picked":["Twin Strike","Exhume"],"picked":"Impervious","floor":10},{"not_picked":["Pommel Strike","Heavy Blade"],"picked":"Iron Wave","floor":13},{"not_picked":["Exhume","Bludgeon"],"picked":"Impervious","floor":16},{"not_picked":["Reckless Charge","Warcry"],"picked":"Anger","floor":18},{"not_picked":["Heavy Blade","Body Slam"],"picked":"Ghostly Armor","floor":19}],"player_experience":194160,"potions_floor_usage":[7,10],"damage_taken":[{"damage":5,"enemies":"Cultist","floor":1,"turns":4},{"damage":10,"enemies":"Jaw Worm","floor":2,"turns":5},{"damage":0,"enemies":"Small Slimes","floor":3,"turns":3},{"damage":9,"enemies":"3 Louse","floor":5,"turns":3},{"damage":37,"enemies":"3 Sentries","floor":7,"turns":11},{"damage":22,"enemies":"Lagavulin","floor":10,"turns":8},{"damage":0,"enemies":"Gremlin Gang","floor":13,"turns":5},{"damage":0,"enemies":"Exordium Wildlife","floor":14,"turns":3},{"damage":60,"enemies":"Hexaghost","floor":16,"turns":14},{"damage":30,"enemies":"2 Thieves","floor":18,"turns":4},{"damage":7,"enemies":"Shell Parasite","floor":19,"turns":7},{"damage":66,"enemies":"Centurion and Healer","floor":20,"turns":13}],"event_choices":[{"event_name":"World of Goop","player_choice":"Gather Gold","floor":4,"damage_taken":0},{"event_name":"Mushrooms","player_choice":"Healed and dodged fight","floor":11,"damage_taken":0},{"event_name":"Big Fish","player_choice":"Banana","floor":12,"damage_taken":0}],"boss_relics":[{"not_picked":["Lizard Tail","Calling Bell"],"picked":"Black Blood"}],"potions_floor_spawned":[1,7,16,19],"seed_played":"2728672272309267938","killed_by":"Centurion and Healer","ascension_level":1,"is_trial":false}