{"path_per_floor":["M","M","M","?","?","R","M","?","T","R","E","R","$","E","R","B",null,"M","M","M","?"],"character_chosen":"IRONCLAD","items_purchased":["Regal Pillow"],"gold_per_floor":[110,120,140,140,140,140,163,163,163,163,199,199,52,92,92,212,212,230,253,276,276],"floor_reached":22,"campfire_rested":2,"playtime":1106,"current_hp_per_floor":[83,86,89,89,67,89,88,88,88,88,87,87,87,63,98,39,101,101,55,36,36],"items_purged":[],"gold":276,"score":219,"play_id":"d80f7fc5-34d0-4d3a-ab92-3379251010d8","local_time":"20180322184635","is_prod":false,"is_daily":false,"is_ascension_mode":false,"campfire_upgraded":2,"timestamp":1521737195,"path_taken":["M","M","M","?","?","R","M","?","T","R","E","R","$","E","R","BOSS","M","M","M","?","M"],"build_version":"2018-03-15v3","purchased_purges":0,"victory":false,"master_deck":["Strike_R","Strike_R","Strike_R","Strike_R","Strike_R","Defend_R","Defend_R","Defend_R","Defend_R","Bash+1","Feed","Feel No Pain","Shrug It Off+1","Juggernaut+1","Pommel Strike","Havoc","Exhume","Battle Trance","Anger+1","Shrug It Off","Anger+1","Sentinel","Dual Wield","Barricade","Rampage+1"],"max_hp_per_floor":[83,86,89,89,89,89,92,92,92,92,95,95,95,98,98,101,101,104,104,104,104],"relics":["Burning Blood","Golden Idol","Vajra","Lantern","Regal Pillow","Molten Egg 2","Orrery"],"card_choices":[{"not_picked":["Iron Wave","Twin Strike"],"picked":"Feel No Pain"},{"not_picked":["Perfected Strike","Sword Boomerang"],"picked":"Shrug It Off"},{"not_picked":["Warcry","Anger"],"picked":"Juggernaut"},{"not_picked":["Berserk","Heavy Blade"],"picked":"Pommel Strike"},{"not_picked":["Shockwave","Warcry"],"picked":"Havoc"},{"not_picked":["Dark Embrace","Impervious"],"picked":"Exhume"},{"not_picked":["Spot Weakness","Clash"],"picked":"Battle Trance"},{"not_picked":["Evolve","Pummel"],"picked":"Anger"},{"not_picked":["Blood for Blood","Dual Wield"],"picked":"Shrug It Off"},{"not_picked":["Sword Boomerang","Havoc"],"picked":"Anger"},{"not_picked":["Bloodletting","Wild Strike"],"picked":"Sentinel"},{"not_picked":["Sword Boomerang","Wild Strike"],"picked":"Dual Wield"},{"not_picked":["Warcry","Shrug It Off"],"picked":"Barricade"},{"not_picked":["Warcry","Dropkick"],"picked":"Rampage"}],"player_experience":169216,"potions_floor_usage":[11,11,11,16,20,22],"damage_taken":[{"damage":1,"enemies":"Cultist","floor":1,"turns":3},{"damage":6,"enemies":"Jaw Worm","floor":2,"turns":6},{"damage":0,"enemies":"Small Slimes","floor":3,"turns":3},{"damage":10,"enemies":"Exordium Thugs","floor":7,"turns":7},{"damage":10,"enemies":"Lagavulin","floor":11,"turns":6},{"damage":33,"enemies":"Gremlin Nob","floor":14,"turns":5},{"damage":68,"enemies":"Slime Boss","floor":16,"turns":15},{"damage":9,"enemies":"Shell Parasite","floor":18,"turns":6},{"damage":52,"enemies":"Chosen","floor":19,"turns":7},{"damage":25,"enemies":"Centurion and Healer","floor":20,"turns":8},{"damage":41,"enemies":"Cultist and Chosen","floor":22,"turns":6}],"event_choices":[{"event_name":"Living Wall","player_choice":"Grow","floor":4,"damage_taken":0},{"event_name":"Golden Idol","player_choice":"Take Damage","floor":5,"damage_taken":0},{"event_name":"The Lab","player_choice":"Got Potions","floor":8,"damage_taken":0},{"event_name":"Cursed Tome","player_choice":"Ignored","floor":21,"damage_taken":0}],"boss_relics":[{"not_picked":["Calling Bell","Runic Cube"],"picked":"Orrery"}],"potions_floor_spawned":[1,11,19,20],"seed_played":"-6343838486264552296","killed_by":"Cultist and Chosen","ascension_level":0,"is_trial":false}