{"gold_per_floor":[117,117,127,202,215,246,246,83,83,43,54,87,97,97,97,171,171,186,186],"floor_reached":19,"playtime":818,"items_purged":["Strike_B"],"score":336,"play_id":"d84000a6-6fd8-42b9-a8a1-6ea130c049e5","local_time":"20181224235157","is_ascension_mode":true,"campfire_choices":[{"floor":7,"key":"REST"},{"floor":15,"key":"REST"}],"neow_cost":"NONE","seed_source_timestamp":418876222946577,"circlet_count":0,"master_deck":["AscendersBane","Strike_B","Strike_B","Strike_B","Defend_B","Defend_B","Defend_B","Defend_B","Zap","Dualcast","White Noise","Streamline","Glacier","Cold Snap","Capacitor","Loop","Steam","Rip and Tear","Chill","Amplify","Reinforced Body"],"relics":["Cracked Core","NeowsBlessing","Bird Faced Urn","Mercury Hourglass","PreservedInsect","Philosopher\u0027s Stone"],"potions_floor_usage":[6,12,18,19],"damage_taken":[{"damage":0,"enemies":"Small Slimes","floor":1,"turns":1},{"damage":0,"enemies":"Jaw Worm","floor":3,"turns":1},{"damage":0,"enemies":"2 Louse","floor":5,"turns":1},{"damage":38,"enemies":"Lagavulin","floor":6,"turns":10},{"damage":0,"enemies":"Looter","floor":11,"turns":4},{"damage":16,"enemies":"3 Sentries","floor":12,"turns":5},{"damage":0,"enemies":"Blue Slaver","floor":13,"turns":4},{"damage":43,"enemies":"Hexaghost","floor":16,"turns":13},{"damage":17,"enemies":"Chosen","floor":18,"turns":5},{"damage":52,"enemies":"3 Byrds","floor":19,"turns":4}],"seed_played":"-2292229061561701281","potions_obtained":[{"floor":3,"key":"Swift Potion"},{"floor":11,"key":"Fire Potion"},{"floor":13,"key":"SteroidPotion"},{"floor":16,"key":"Swift Potion"}],"is_trial":false,"path_per_floor":["M","?","M","?","M","E","R","$","T","$","M","E","M","?","R","B",null,"M","M"],"character_chosen":"DEFECT","items_purchased":["Capacitor","Loop"],"campfire_rested":2,"item_purchase_floors":[8,10],"current_hp_per_floor":[64,53,53,42,42,4,25,25,25,25,31,21,27,27,48,11,56,45,0],"gold":186,"neow_bonus":"THREE_ENEMY_KILL","is_prod":false,"is_daily":false,"chose_seed":false,"campfire_upgraded":0,"win_rate":0,"timestamp":1545713517,"path_taken":["M","?","M","?","M","E","R","$","T","$","M","E","?","?","R","BOSS","M","M"],"build_version":"2018-12-20","purchased_purges":1,"victory":false,"max_hp_per_floor":[71,71,71,71,71,71,71,71,71,71,71,71,71,71,71,71,71,71,71],"card_choices":[{"not_picked":["Cold Snap","Aggregate"],"picked":"White Noise","floor":1},{"not_picked":["Stack","Darkness"],"picked":"Streamline","floor":3},{"not_picked":["Aggregate","Hologram"],"picked":"Glacier","floor":5},{"not_picked":["Rebound","Skim"],"picked":"Cold Snap","floor":6},{"not_picked":["Blizzard","Beam Cell"],"picked":"Steam","floor":11},{"not_picked":["Skim","Gash"],"picked":"Rip and Tear","floor":12},{"not_picked":["Cold Snap","Skim"],"picked":"Chill","floor":13},{"not_picked":["Thunder Strike","Rainbow"],"picked":"Amplify","floor":16},{"not_picked":["Sunder","Rebound"],"picked":"Reinforced Body","floor":18}],"player_experience":1956965,"relics_obtained":[{"floor":6,"key":"Bird Faced Urn"},{"floor":9,"key":"Mercury Hourglass"},{"floor":12,"key":"PreservedInsect"}],"event_choices":[{"damage_healed":0,"gold_gain":0,"player_choice":"Fled","damage_taken":11,"max_hp_gain":0,"max_hp_loss":0,"event_name":"Scrap Ooze","floor":2,"gold_loss":0},{"damage_healed":0,"gold_gain":75,"player_choice":"Gather Gold","damage_taken":11,"max_hp_gain":0,"max_hp_loss":0,"event_name":"World of Goop","floor":4,"gold_loss":0},{"damage_healed":0,"gold_gain":0,"player_choice":"Ignored","damage_taken":0,"max_hp_gain":0,"max_hp_loss":0,"event_name":"Liars Game","floor":14,"gold_loss":0}],"is_beta":false,"boss_relics":[{"not_picked":["Coffee Dripper","Orrery"],"picked":"Philosopher\u0027s Stone"}],"items_purged_floors":[8],"is_endless":false,"potions_floor_spawned":[3,11,13,16],"killed_by":"3 Byrds","ascension_level":18}