{"path_per_floor":["M","M","?","?","M","R","M","R","T","R","?","$","M","M","R","B",null,"M","?","?","M","?","R","M","M","T","M"],"character_chosen":"DEFECT","items_purchased":["Sweeping Beam","Sadistic Nature"],"gold_per_floor":[117,132,432,432,446,446,461,461,461,461,461,225,236,252,252,349,349,359,282,282,300,300,300,320,336,405,421,421],"floor_reached":28,"campfire_rested":2,"playtime":1896,"item_purchase_floors":[12,12],"current_hp_per_floor":[71,67,55,55,55,55,55,55,55,55,40,40,32,20,42,22,62,47,47,47,38,22,44,41,22,22,12,0],"items_purged":[],"gold":421,"score":265,"play_id":"cd55554c-1844-43b7-8e8c-f7db14e6922c","local_time":"20180616132108","is_prod":false,"is_daily":false,"chose_seed":false,"is_ascension_mode":true,"campfire_upgraded":3,"win_rate":0,"timestamp":1529169668,"campfire_choices":[{"data":"Gash","floor":6,"key":"SMITH"},{"data":"Genetic Algorithm","floor":8,"key":"SMITH"},{"data":"Rebound","floor":10,"key":"SMITH"},{"floor":15,"key":"REST"},{"floor":23,"key":"REST"}],"path_taken":["M","M","?","?","M","R","?","R","T","R","?","$","M","M","R","BOSS","M","?","?","?","?","R","M","M","T","M","M"],"build_version":"2018-06-14v2","seed_source_timestamp":207105813716665,"purchased_purges":0,"victory":false,"master_deck":["Strike_B+1","Strike_B","Strike_B","Strike_B","Defend_B+1","Defend_B","Defend_B","Defend_B","Zap","Dualcast","Genetic Algorithm+1","Gash+1","Rebound+1","Sweeping Beam","Sadistic Nature","White Noise","Go for the Eyes","Core Surge","Compile Driver","J.A.X.","Gash","Regret","FTL"],"max_hp_per_floor":[75,75,75,75,75,75,75,75,75,75,75,75,75,75,75,75,75,75,75,75,75,75,75,75,75,75,75,75],"relics":["Cursed Key","Old Coin","Thread and Needle","Nuclear Battery","Nilry\u0027s Codex","Blue Candle"],"card_choices":[{"not_picked":["Rebound","Compile Driver"],"picked":"Genetic Algorithm","floor":1},{"not_picked":["Stack","Turbo","Force Field"],"picked":"SKIP","floor":2},{"not_picked":["Compile Driver","Ball Lightning"],"picked":"Gash","floor":5},{"not_picked":["Tempest","Conserve Battery"],"picked":"Rebound","floor":7},{"not_picked":["Chaos","Stack"],"picked":"White Noise","floor":13},{"not_picked":["Turbo","Streamline"],"picked":"Go for the Eyes","floor":14},{"not_picked":["Machine Learning","Electrodynamics"],"picked":"Core Surge","floor":16},{"not_picked":["Cold Snap","Coolheaded"],"picked":"Compile Driver","floor":18},{"not_picked":["Genetic Algorithm","Turbo"],"picked":"Gash","floor":21},{"not_picked":["Cold Snap+1","Hologram","Compile Driver"],"picked":"SKIP","floor":24},{"not_picked":["Ball Lightning","Coolheaded","Scrape"],"picked":"SKIP","floor":25},{"not_picked":["Darkness+1","Streamline"],"picked":"FTL","floor":27}],"player_experience":596888,"potions_floor_usage":[16,16,24,27],"damage_taken":[{"damage":4,"enemies":"Jaw Worm","floor":1,"turns":3},{"damage":4,"enemies":"Small Slimes","floor":2,"turns":3},{"damage":0,"enemies":"Cultist","floor":5,"turns":3},{"damage":0,"enemies":"2 Fungi Beasts","floor":7,"turns":4},{"damage":8,"enemies":"Lots of Slimes","floor":13,"turns":4},{"damage":12,"enemies":"Gremlin Gang","floor":14,"turns":4},{"damage":35,"enemies":"The Guardian","floor":16,"turns":10},{"damage":15,"enemies":"Shell Parasite","floor":18,"turns":6},{"damage":9,"enemies":"Spheric Guardian","floor":21,"turns":4},{"damage":3,"enemies":"Snecko","floor":24,"turns":4},{"damage":26,"enemies":"Snake Plant","floor":25,"turns":6},{"damage":10,"enemies":"3 Cultists","floor":27,"turns":5},{"damage":27,"enemies":"Chosen and Byrds","floor":28,"turns":3}],"relics_obtained":[{"floor":9,"key":"Thread and Needle"},{"floor":22,"key":"Nilry\u0027s Codex"},{"floor":26,"key":"Blue Candle"}],"event_choices":[{"event_name":"Scrap Ooze","player_choice":"success","floor":3,"damage_taken":12},{"event_name":"The Lab","player_choice":"Got Potions","floor":4,"damage_taken":0},{"event_name":"Shining Light","player_choice":"Entered Light","floor":11,"damage_taken":0},{"event_name":"Drug Dealer","player_choice":"Got JAXXED","floor":19,"damage_taken":0},{"event_name":"Fountain of Cleansing","player_choice":"Removed Curse","floor":20,"damage_taken":0},{"event_name":"Cursed Tome","player_choice":"Obtained Book","floor":22,"damage_taken":0}],"boss_relics":[{"not_picked":["Pandora\u0027s Box","Ectoplasm"],"picked":"Nuclear Battery"}],"items_purged_floors":[],"is_endless":false,"potions_floor_spawned":[1,2,21,24],"seed_played":"-7838600194993955293","killed_by":"Chosen and Byrds","ascension_level":5,"potions_obtained":[{"floor":1,"key":"SteroidPotion"},{"floor":2,"key":"Regen Potion"},{"floor":4,"key":"PowerPotion"},{"floor":21,"key":"Weak Potion"},{"floor":24,"key":"LiquidBronze"}],"is_trial":false}