{"path_per_floor":["M","M","M","?","M","R","M","R","T","$","M","R","M","M","R","B",null,"M","M","$","?","?","T","?","R","T","?","M","R","M","$","R","B",null,"M","M","$","?"],"character_chosen":"DEFECT","items_purchased":["Strawberry","Static Discharge","FTL","Boot"],"gold_per_floor":[116,130,149,149,172,172,188,188,242,14,39,39,63,77,77,196,196,212,226,87,186,186,186,186,186,186,186,201,201,219,12,12,136,136,159,172,22,22,22],"floor_reached":39,"campfire_rested":6,"playtime":1728,"item_purchase_floors":[10,20,31,37],"current_hp_per_floor":[67,67,60,42,41,63,46,68,68,75,58,82,75,70,70,60,77,61,24,24,24,24,24,24,48,48,48,29,53,33,33,57,9,64,41,38,38,32,0],"items_purged":["Strike_B","Defend_B","Defend_B"],"gold":22,"score":680,"play_id":"1f0b3cfa-9b8a-42e9-a248-f833d4934e4f","local_time":"20180622143754","is_prod":false,"is_daily":false,"chose_seed":false,"is_ascension_mode":true,"campfire_upgraded":1,"win_rate":0,"timestamp":1529692674,"campfire_choices":[{"floor":6,"key":"REST"},{"floor":8,"key":"REST"},{"floor":12,"key":"REST"},{"data":"Gash","floor":15,"key":"SMITH"},{"floor":25,"key":"REST"},{"floor":29,"key":"REST"},{"floor":32,"key":"REST"}],"path_taken":["M","M","?","?","M","R","?","R","T","$","M","R","?","M","R","BOSS","M","M","$","?","?","?","?","R","T","?","M","R","M","?","R","BOSS","M","M","$","?","?"],"build_version":"2018-06-21","seed_source_timestamp":730227699937354,"purchased_purges":3,"circlet_count":0,"victory":false,"master_deck":["Strike_B","Strike_B","Defend_B","Defend_B","Zap","Dualcast","Fusion","Gash","Cold Snap","Chill","Gash+1","Sweeping Beam","Doom and Gloom","Defragment","Go for the Eyes","Defragment","Static Discharge","Gash+1","Go for the Eyes","FTL","Core Surge","Conserve Battery+1"],"max_hp_per_floor":[75,75,75,75,75,75,75,75,75,82,82,82,82,82,82,82,82,82,82,82,82,82,82,82,82,82,82,82,82,82,82,82,82,82,82,82,82,82,82],"relics":["Runic Pyramid","Golden Idol","Blood Vial","Strawberry","Lizard Tail","Dodecahedron","Bottled Lightning","Busted Crown","Boot","Dead Branch"],"card_choices":[{"not_picked":["Steam Power","Barrage"],"picked":"Fusion","floor":1},{"not_picked":["Barrage","Beam Cell"],"picked":"Gash","floor":2},{"not_picked":["Coolheaded","Steam"],"picked":"Cold Snap","floor":3},{"not_picked":["Streamline","Stack"],"picked":"Chill","floor":5},{"not_picked":["Cold Snap","Ball Lightning"],"picked":"Gash","floor":7},{"not_picked":["Undo","Leap"],"picked":"Sweeping Beam","floor":11},{"not_picked":["Hologram","Seek"],"picked":"Doom and Gloom","floor":13},{"not_picked":["Coolheaded","Turbo"],"picked":"Defragment","floor":14},{"not_picked":["Rebound","Turbo+1"],"picked":"Go for the Eyes","floor":18},{"not_picked":["Hologram+1","Turbo"],"picked":"Defragment","floor":19},{"not_picked":["Barrage","Chaos","Conserve Battery"],"picked":"SKIP","floor":28},{"not_picked":["Ball Lightning","Skim+1"],"picked":"Go for the Eyes","floor":30},{"not_picked":["Thunder Strike","Seek"],"picked":"Core Surge","floor":33},{"not_picked":["Static Discharge+1"],"picked":"SKIP","floor":35},{"not_picked":["Compile Driver+1"],"picked":"SKIP","floor":36},{"not_picked":[],"picked":"Conserve Battery+1","floor":38}],"player_experience":717860,"potions_floor_usage":[7,16,16,16,28,33,38],"damage_taken":[{"damage":1,"enemies":"Cultist","floor":1,"turns":3},{"damage":0,"enemies":"Small Slimes","floor":2,"turns":3},{"damage":7,"enemies":"2 Louse","floor":3,"turns":3},{"damage":1,"enemies":"2 Fungi Beasts","floor":5,"turns":4},{"damage":29,"enemies":"Gremlin Gang","floor":7,"turns":5},{"damage":19,"enemies":"Blue Slaver","floor":11,"turns":3},{"damage":7,"enemies":"Large Slime","floor":13,"turns":5},{"damage":7,"enemies":"Red Slaver","floor":14,"turns":3},{"damage":12,"enemies":"The Guardian","floor":16,"turns":9},{"damage":18,"enemies":"3 Byrds","floor":18,"turns":5},{"damage":39,"enemies":"2 Thieves","floor":19,"turns":5},{"damage":63,"enemies":"Slaver and Parasite","floor":28,"turns":6},{"damage":22,"enemies":"Centurion and Healer","floor":30,"turns":5},{"damage":50,"enemies":"Collector","floor":33,"turns":9},{"damage":25,"enemies":"Orb Walker","floor":35,"turns":3},{"damage":5,"enemies":"3 Shapes","floor":36,"turns":5},{"damage":8,"floor":38,"turns":7},{"damage":35,"enemies":"3 Darklings","floor":39,"turns":2}],"relics_obtained":[{"floor":9,"key":"Blood Vial"},{"floor":23,"key":"Dodecahedron"},{"floor":26,"key":"Bottled Lightning"},{"floor":38,"key":"Dead Branch"}],"event_choices":[{"event_name":"Golden Idol","player_choice":"Take Damage","floor":4,"damage_taken":0},{"event_name":"Nest","player_choice":"Stole From Cult","floor":21,"damage_taken":0},{"event_name":"The Lab","player_choice":"Got Potions","floor":22,"damage_taken":0},{"event_name":"Duplicator","player_choice":"One dupe","floor":24,"damage_taken":0},{"event_name":"Purifier","player_choice":"One Purge","floor":27,"damage_taken":0},{"event_name":"MindBloom","player_choice":"Fight","floor":38,"damage_taken":0}],"boss_relics":[{"not_picked":["Black Star","Velvet Choker"],"picked":"Lizard Tail"},{"not_picked":["Runic Dome","Pandora\u0027s Box"],"picked":"Busted Crown"}],"items_purged_floors":[10,20,31],"is_endless":false,"potions_floor_spawned":[1,2,5,13,33,36],"seed_played":"-4951365745213171592","killed_by":"3 Darklings","ascension_level":6,"potions_obtained":[{"floor":1,"key":"GamblersBrew"},{"floor":2,"key":"Dexterity Potion"},{"floor":5,"key":"Regen Potion"},{"floor":13,"key":"Block Potion"},{"floor":22,"key":"Energy Potion"},{"floor":22,"key":"SpeedPotion"},{"floor":22,"key":"Weak Potion"},{"floor":33,"key":"Energy Potion"},{"floor":36,"key":"SkillPotion"}],"is_trial":false}