{"gold_per_floor":[116,116,133,133,208,242,257,270,297,297,297,35,70,86,86,182,182,193,66,84,96,116,116,151,170,170,170,186,30,30,30,30,30],"floor_reached":33,"playtime":1310,"items_purged":["Pain","Regret"],"score":352,"play_id":"b285eb6c-90f2-490f-a3ab-22bb382334b5","local_time":"20180814202404","is_ascension_mode":false,"campfire_choices":[{"data":"Armaments","floor":10,"key":"SMITH"},{"data":"Flex","floor":15,"key":"SMITH"},{"data":"Perfected Strike","floor":23,"key":"SMITH"},{"data":"Flex","floor":27,"key":"SMITH"},{"data":"Flex","floor":32,"key":"SMITH"}],"neow_cost":"NONE","seed_source_timestamp":35885863436780,"circlet_count":0,"master_deck":["Strike_R","Strike_R","Strike_R","Strike_R","Strike_R","Defend_R","Defend_R","Defend_R","Defend_R","Bash","Wild Strike","Cleave","Armaments+1","Flex+1","Wild Strike","Clumsy","Injury","Perfected Strike+1","Flex+1","Cleave","Clash","Twin Strike","Clash","Thunderclap","Wild Strike","Flex+1"],"relics":["Burning Blood","Strawberry","Bag of Marbles","Red Skull","Pen Nib","Boot","Lantern","Self Forming Clay","Bronze Scales","Calling Bell","Anchor","Paper Frog","Mango","Orichalcum","The Courier","Pear"],"potions_floor_usage":[6,13,13,16,33,33],"damage_taken":[{"damage":6,"enemies":"Jaw Worm","floor":1,"turns":3},{"damage":2,"enemies":"2 Louse","floor":3,"turns":2},{"damage":34,"enemies":"3 Sentries","floor":6,"turns":7},{"damage":5,"enemies":"Small Slimes","floor":7,"turns":2},{"damage":0,"enemies":"Gremlin Gang","floor":8,"turns":1},{"damage":18,"enemies":"Gremlin Nob","floor":13,"turns":4},{"damage":9,"enemies":"Exordium Thugs","floor":14,"turns":4},{"damage":39,"enemies":"The Guardian","floor":16,"turns":9},{"damage":1,"enemies":"Chosen","floor":18,"turns":3},{"damage":6,"enemies":"Shell Parasite","floor":20,"turns":2},{"damage":15,"enemies":"Cultist and Chosen","floor":21,"turns":4},{"damage":16,"enemies":"Snake Plant","floor":22,"turns":3},{"damage":5,"enemies":"Slavers","floor":24,"turns":5},{"damage":2,"enemies":"Chosen and Byrds","floor":25,"turns":4},{"damage":17,"enemies":"Sentry and Sphere","floor":28,"turns":4},{"damage":92,"enemies":"Automaton","floor":33,"turns":8}],"seed_played":"-5458585765978707491","potions_obtained":[{"floor":1,"key":"Poison Potion"},{"floor":7,"key":"SkillPotion"},{"floor":8,"key":"Swift Potion"},{"floor":14,"key":"BloodPotion"},{"floor":20,"key":"PowerPotion"},{"floor":21,"key":"GamblersBrew"}],"is_trial":false,"path_per_floor":["M","?","M","T","?","E","M","M","T","R","?","$","E","M","R","B",null,"M","$","M","M","M","R","E","M","T","R","M","$","?","$","R"],"character_chosen":"IRONCLAD","items_purchased":["Flex","Self Forming Clay","Flex","Wild Strike","Flex"],"campfire_rested":0,"item_purchase_floors":[12,12,19,29,29],"current_hp_per_floor":[87,75,79,79,68,40,41,47,47,47,47,47,35,32,32,7,101,101,101,101,92,82,82,83,87,87,87,76,76,86,86,86,0],"gold":30,"neow_bonus":"RANDOM_COMMON_RELIC","is_prod":false,"is_daily":false,"chose_seed":false,"campfire_upgraded":5,"win_rate":0,"timestamp":1534244044,"path_taken":["M","?","?","?","?","E","M","M","T","R","?","$","E","M","R","BOSS","M","$","M","M","M","R","E","M","T","R","M","?","?","$","R","BOSS"],"build_version":"2018-08-09","purchased_purges":2,"victory":false,"max_hp_per_floor":[87,87,87,87,87,87,87,87,87,87,87,87,87,87,87,87,101,101,101,101,101,101,101,101,101,101,101,101,101,111,111,111,111],"card_choices":[{"not_picked":["Flame Barrier","Reckless Charge"],"picked":"Wild Strike","floor":1},{"not_picked":["Flame Barrier","Anger","Warcry"],"picked":"SKIP","floor":3},{"not_picked":["Carnage","Flame Barrier","Uppercut"],"picked":"SKIP","floor":6},{"not_picked":["Shrug It Off","Heavy Blade"],"picked":"Cleave","floor":7},{"not_picked":["Bloodletting","Clothesline"],"picked":"Armaments","floor":8},{"not_picked":["Rupture","Dual Wield","Havoc"],"picked":"SKIP","floor":13},{"not_picked":["Feel No Pain","Shrug It Off"],"picked":"Wild Strike","floor":14},{"not_picked":["Thunderclap+1","Heavy Blade"],"picked":"Perfected Strike","floor":18},{"not_picked":["Demon Form","Carnage+1"],"picked":"Cleave","floor":20},{"not_picked":["Sword Boomerang","Shockwave"],"picked":"Clash","floor":21},{"not_picked":["Headbutt","Whirlwind","Combust"],"picked":"SKIP","floor":22},{"not_picked":["Clash","Metallicize"],"picked":"Twin Strike","floor":24},{"not_picked":["Clothesline+1","Body Slam+1"],"picked":"Clash","floor":25},{"not_picked":["Dropkick+1","Spot Weakness"],"picked":"Thunderclap","floor":28}],"player_experience":343594,"relics_obtained":[{"floor":4,"key":"Red Skull"},{"floor":6,"key":"Pen Nib"},{"floor":9,"key":"Boot"},{"floor":13,"key":"Bronze Scales"},{"floor":17,"key":"Anchor"},{"floor":17,"key":"Paper Frog"},{"floor":17,"key":"Mango"},{"floor":24,"key":"Orichalcum"},{"floor":26,"key":"The Courier"}],"event_choices":[{"event_name":"Scrap Ooze","player_choice":"success","floor":2,"damage_taken":12},{"event_name":"World of Goop","player_choice":"Gather Gold","floor":5,"damage_taken":0},{"event_name":"Big Fish","player_choice":"Box","floor":11,"damage_taken":0},{"event_name":"The Mausoleum","player_choice":"Yes","floor":30,"damage_taken":0}],"is_beta":false,"boss_relics":[{"not_picked":["Coffee Dripper","Empty Cage"],"picked":"Calling Bell"}],"items_purged_floors":[19,29],"is_endless":false,"potions_floor_spawned":[1,7,8,14,20,21],"killed_by":"Automaton","ascension_level":0}