{"gold_per_floor":[114,176,176,28,43,73,73,103,128,158,158,158,173,203,203,303,303,318,318,233,158,173,173,203,218,293,323,323,422,436,466,478,590,602,629,41,263,31,46,106,106,136,136,166,166,196,196,226,226,226],"floor_reached":51,"playtime":3617,"items_purged":["Shame"],"score":1121,"play_id":"4f4f7dfe-282b-4173-b66a-94c2220d99af","local_time":"20181128141342","daily_mods":["Shiny","Diverse","Elite Swarm"],"is_ascension_mode":false,"campfire_choices":[{"data":"1","floor":7.0,"key":"LIFT"},{"data":"2","floor":11.0,"key":"LIFT"},{"data":"3","floor":15.0,"key":"LIFT"},{"floor":23,"key":"DIG"},{"floor":28,"key":"REST"},{"floor":32,"key":"DIG"},{"floor":41,"key":"DIG"},{"floor":47,"key":"DIG"},{"floor":49,"key":"DIG"}],"neow_cost":"","seed_source_timestamp":0,"circlet_count":0,"master_deck":["Multi-Cast","Hyperbeam","Thunder Strike","Biased Cognition","Machine Learning","Electrodynamics","Buffer","Rainbow","Seek+1","Meteor Strike","Echo Form","All For One","Reboot","Amplify","Creative AI","Fission","Core Surge","Venomology","Corpse Explosion","Malaise","Phantasmal Killer","Die Die Die","Adrenaline","Envenom","Doppelganger","Burst","Wraith Form v2","Tools of the Trade","Night Terror","Unload","After Image","Bullet Time","Storm of Steel","Glass Knife","A Thousand Cuts","Grand Finale","Double Tap","Demon Form","Bludgeon","Feed","Limit Break","Barricade","Fiend Fire","Dark Embrace","Berserk","Impervious","Juggernaut","Brutality","Reaper","Exhume","Offering","Immolate","Shrug It Off","Recycle","Acrobatics","Cold Snap","Glacier","Malaise","All For One","Clumsy","Regret","BootSequence","Exhume","Noxious Fumes+1","Adrenaline","PiercingWail+1","Riddle With Holes","Core Surge","Armaments+1","Cloak And Dagger","Self Repair","Seek","Electrodynamics","A Thousand Cuts"],"special_seed":17862,"relics":["Cracked Core","Girya","Juzu Bracelet","Bronze Scales","Vajra","Torii","Calling Bell","Oddly Smooth Stone","Shuriken","Shovel","Dream Catcher","Bag of Marbles","Omamori","Pocketwatch","Pantograph","Calipers","Red Mask","MawBank","Anchor","Cursed Key","Ancient Tea Set","Sling","Blue Candle","Potion Belt","Tiny Chest","Incense Burner","Lantern","Cables","Ginger","Dodecahedron","Centennial Puzzle","Darkstone Periapt","Unceasing Top"],"potions_floor_usage":[25,31,39,48,50],"damage_taken":[{"damage":11.0,"enemies":"Jaw Worm","floor":1.0,"turns":2.0},{"damage":0.0,"enemies":"Small Slimes","floor":5.0,"turns":1.0},{"damage":0.0,"enemies":"Gremlin Nob","floor":6.0,"turns":2.0},{"damage":10.0,"enemies":"Lagavulin","floor":8.0,"turns":5.0},{"damage":8.0,"enemies":"Gremlin Nob","floor":10.0,"turns":5.0},{"damage":0.0,"enemies":"Cultist","floor":13.0,"turns":2.0},{"damage":6.0,"enemies":"3 Sentries","floor":14.0,"turns":2.0},{"damage":14.0,"enemies":"Hexaghost","floor":16.0,"turns":7.0},{"damage":0,"enemies":"3 Byrds","floor":18,"turns":2},{"damage":4,"enemies":"Chosen","floor":22,"turns":5},{"damage":46,"enemies":"Gremlin Leader","floor":24,"turns":7},{"damage":0,"enemies":"Shelled Parasite and Fungi","floor":25,"turns":2},{"damage":16,"enemies":"Slavers","floor":27,"turns":3},{"damage":0,"enemies":"Masked Bandits","floor":30,"turns":2},{"damage":4,"enemies":"Gremlin Leader","floor":31,"turns":7},{"damage":12,"enemies":"Champ","floor":33,"turns":13},{"damage":25,"enemies":"3 Shapes","floor":35,"turns":4},{"damage":1,"enemies":"Orb Walker","floor":39,"turns":3},{"damage":24,"enemies":"Reptomancer","floor":40,"turns":4},{"damage":13,"enemies":"Giant Head","floor":42,"turns":5},{"damage":10,"enemies":"Reptomancer","floor":44,"turns":4},{"damage":6,"enemies":"Giant Head","floor":46,"turns":5},{"damage":32,"enemies":"Nemesis","floor":48,"turns":5},{"damage":14,"enemies":"Donu and Deca","floor":50,"turns":6}],"seed_played":"1382297416292303872","potions_obtained":[{"floor":1.0,"key":"Explosive Potion"},{"floor":5.0,"key":"Weak Potion"},{"floor":10.0,"key":"Weak Potion"},{"floor":16.0,"key":"FearPotion"},{"floor":30,"key":"Swift Potion"},{"floor":31,"key":"EssenceOfSteel"},{"floor":35,"key":"Swift Potion"},{"floor":40,"key":"SkillPotion"},{"floor":48,"key":"Dexterity Potion"}],"is_trial":false,"path_per_floor":["M","?","?","$","M","E","R","E","T","E","R","?","M","E","R","B",null,"M","?","?","$","M","R","E","M","T","E","R","?","?","E","R","B",null,"M","$","?","$","M","E","R","E","T","E","?","E","R","E","R","B",null],"character_chosen":"DEFECT","items_purchased":["Recycle","Fire Potion","Acrobatics","Ancient Tea Set","Sling","Blue Candle","Potion Belt","Cloak And Dagger","Self Repair"],"campfire_rested":1,"item_purchase_floors":[4,4,4,36,36,36,38,38,38],"current_hp_per_floor":[64,64,64,64,64,64,64,57,57,49,49,54,54,51,51,37,86,86,86,86,86,82,82,36,36,36,20,45,45,48,80,80,77,89,64,64,64,64,63,46,46,52,52,86,85,85,85,84,84,74],"gold":226,"neow_bonus":"","is_prod":false,"is_daily":true,"chose_seed":false,"campfire_upgraded":0,"win_rate":0,"timestamp":1543410822,"path_taken":["M","?","?","$","M","E","R","E","T","E","R","?","M","E","R","BOSS","M","?","?","$","M","R","E","M","T","E","R","?","?","E","R","BOSS","M","$","?","$","M","E","R","E","T","E","?","E","R","E","R","BOSS"],"build_version":"2018-11-15","purchased_purges":1,"victory":true,"max_hp_per_floor":[75,75,75,75,75,75,75,78,78,78,78,83,83,86,86,86,86,86,86,86,86,86,86,86,86,86,86,86,86,89,89,89,89,89,89,89,89,89,89,89,89,89,89,89,85,85,85,88,88,88],"card_choices":[{"not_picked":["Seeing Red","Infernal Blade"],"picked":"Shrug It Off","floor":1.0},{"not_picked":["Noxious Fumes","Scrape"],"picked":"Cold Snap","floor":5.0},{"not_picked":["Juggernaut","Creative AI","Tools of the Trade"],"picked":"SKIP","floor":6.0},{"not_picked":["Juggernaut","Double Tap","Envenom"],"picked":"SKIP","floor":8.0},{"not_picked":["Bullet Time","Thunder Strike","Creative AI"],"picked":"SKIP","floor":10.0},{"not_picked":["Compile Driver","Deadly Poison"],"picked":"Glacier","floor":13.0},{"not_picked":["Multi-Cast","Bludgeon"],"picked":"Malaise","floor":14.0},{"not_picked":["Envenom","Die Die Die"],"picked":"All For One","floor":16.0},{"not_picked":["Slice","Capacitor","Rampage"],"picked":"SKIP","floor":18},{"not_picked":["Slice","Deadly Poison"],"picked":"BootSequence","floor":22},{"not_picked":["Die Die Die","All For One"],"picked":"Exhume","floor":24},{"not_picked":["Perfected Strike+1","Outmaneuver"],"picked":"Noxious Fumes+1","floor":25},{"not_picked":["Machine Learning","Seek"],"picked":"Adrenaline","floor":27},{"not_picked":["Anger","Thunderclap"],"picked":"PiercingWail+1","floor":28},{"not_picked":["Slice+1","Havoc"],"picked":"Riddle With Holes","floor":30},{"not_picked":["Venomology","Bludgeon","Brutality"],"picked":"SKIP","floor":31},{"not_picked":["Storm of Steel","Envenom"],"picked":"Core Surge","floor":33},{"not_picked":["Leap","Terror"],"picked":"Armaments+1","floor":35},{"not_picked":["Cleave","PiercingWail+1","Anger+1"],"picked":"SKIP","floor":39},{"not_picked":["Barricade","Creative AI","Thunder Strike"],"picked":"SKIP","floor":40},{"not_picked":["A Thousand Cuts","Demon Form"],"picked":"Seek","floor":42},{"not_picked":["Bludgeon","Amplify","Tools of the Trade"],"picked":"SKIP","floor":44},{"not_picked":["Dark Embrace","Die Die Die"],"picked":"Electrodynamics","floor":46},{"not_picked":["Machine Learning","Night Terror"],"picked":"A Thousand Cuts","floor":48}],"player_experience":1748134,"relics_obtained":[{"floor":6.0,"key":"Girya"},{"floor":8.0,"key":"Juzu Bracelet"},{"floor":9.0,"key":"Bronze Scales"},{"floor":10.0,"key":"Vajra"},{"floor":14.0,"key":"Torii"},{"floor":17,"key":"Oddly Smooth Stone"},{"floor":17,"key":"Shuriken"},{"floor":17,"key":"Shovel"},{"floor":23,"key":"Omamori"},{"floor":24,"key":"Pocketwatch"},{"floor":26,"key":"Pantograph"},{"floor":27,"key":"Calipers"},{"floor":30,"key":"Red Mask"},{"floor":31,"key":"MawBank"},{"floor":32,"key":"Anchor"},{"floor":40,"key":"Tiny Chest"},{"floor":41,"key":"Incense Burner"},{"floor":42,"key":"Lantern"},{"floor":43,"key":"Cables"},{"floor":44,"key":"Ginger"},{"floor":46,"key":"Dodecahedron"},{"floor":47,"key":"Centennial Puzzle"},{"floor":48,"key":"Darkstone Periapt"},{"floor":49,"key":"Unceasing Top"}],"event_choices":[{"damage_healed":0.0,"max_hp_gain":0.0,"max_hp_loss":0.0,"gold_gain":62.0,"event_name":"Golden Wing","player_choice":"Gained Gold","floor":2.0,"gold_loss":0.0,"damage_taken":0.0},{"damage_healed":0.0,"max_hp_gain":0.0,"max_hp_loss":0.0,"gold_gain":0.0,"event_name":"Upgrade Shrine","player_choice":"Upgraded","floor":3.0,"gold_loss":0.0,"damage_taken":0.0,"cards_upgraded":["Seek"]},{"damage_healed":0.0,"max_hp_gain":5.0,"max_hp_loss":0.0,"gold_gain":0.0,"event_name":"Big Fish","player_choice":"Donut","floor":12.0,"gold_loss":0.0,"damage_taken":0.0},{"damage_healed":0,"gold_gain":0,"player_choice":"Opened","damage_taken":0,"relics_obtained":["Dream Catcher"],"max_hp_gain":0,"max_hp_loss":0,"event_name":"The Mausoleum","floor":19,"gold_loss":0},{"damage_healed":0,"gold_gain":0,"player_choice":"Obtained Relic","damage_taken":0,"relics_obtained":["Bag of Marbles"],"max_hp_gain":0,"max_hp_loss":0,"event_name":"Addict","floor":20,"gold_loss":85},{"damage_healed":0,"gold_gain":99,"player_choice":"Stole From Cult","damage_taken":0,"max_hp_gain":0,"max_hp_loss":0,"event_name":"Nest","floor":29,"gold_loss":0},{"damage_healed":0,"gold_gain":0,"player_choice":"Fought Bandits","damage_taken":0,"max_hp_gain":0,"max_hp_loss":0,"event_name":"Masked Bandits","floor":30,"gold_loss":0},{"damage_healed":0,"gold_gain":222,"player_choice":"Wore Mask","damage_taken":0,"max_hp_gain":0,"max_hp_loss":0,"event_name":"Tomb of Lord Red Mask","floor":37,"gold_loss":0},{"damage_healed":0,"gold_gain":0,"player_choice":"Max HP","damage_taken":0,"max_hp_gain":0,"max_hp_loss":4,"event_name":"Winding Halls","floor":45,"gold_loss":0}],"is_beta":false,"boss_relics":[{"not_picked":["White Beast Statue","Runic Pyramid"],"picked":"Calling Bell"},{"not_picked":["Velvet Choker","Fusion Hammer"],"picked":"Cursed Key"}],"items_purged_floors":[21],"is_endless":false,"potions_floor_spawned":[1,5,10,13,16,18,30,31,33,35,40,48],"ascension_level":0}