{"gold_per_floor":[119,119,119,194,207,207,222,222,293,316,329,329,397,420,420,546,546,546,546,546,546,26,26,26,26,26,26,26,26,26,26,26,26,26,26,26,26,26,26,26,26,26,26,26,26,26,26,26,26,26],"floor_reached":51,"playtime":4611,"items_purged":[],"score":1248,"play_id":"c4c96abf-47bd-4e19-b7d5-da58e26d6236","local_time":"20180804033325","is_ascension_mode":true,"campfire_choices":[{"data":"Footwork","floor":6.0,"key":"SMITH"},{"data":"Dodge and Roll","floor":8.0,"key":"SMITH"},{"data":"Footwork","floor":12.0,"key":"SMITH"},{"floor":15,"key":"REST"},{"data":"Noxious Fumes","floor":24,"key":"SMITH"},{"data":"Crippling Poison","floor":28,"key":"SMITH"},{"data":"Crippling Poison","floor":32,"key":"SMITH"},{"data":"A Thousand Cuts","floor":40,"key":"SMITH"},{"floor":49,"key":"REST"}],"neow_cost":"NONE","seed_source_timestamp":300962027281772,"circlet_count":0,"master_deck":["Defend_G","Defend_G","Defend_G","Defend_G","Defend_G","Strike_G+1","Survivor","Neutralize+1","AscendersBane","Footwork+1","Dodge and Roll+1","Escape Plan","Infinite Blades","Footwork+1","Crippling Poison+1","Crippling Poison+1","Noxious Fumes+1","Cloak And Dagger","Caltrops+1","Escape Plan+1","PiercingWail+1","A Thousand Cuts+1","Dodge and Roll+1","Backflip+1","Backflip+1","Dash+1","Backflip+1","Caltrops","Bouncing Flask+1","Dash","Injury"],"special_seed":0,"relics":["Ring of the Snake","Bloody Idol","Shuriken","Tiny Chest","Ectoplasm","Mummified Hand","Lee\u0027s Waffle","Bronze Scales","Singing Bowl","Happy Flower","Toxic Egg 2","Blood Vial","Empty Cage","Pantograph","Whetstone","Art of War","Bird Faced Urn"],"potions_floor_usage":[25,25,29,33,50,50],"damage_taken":[{"damage":7.0,"enemies":"Jaw Worm","floor":1.0,"turns":6.0},{"damage":0.0,"enemies":"2 Louse","floor":5.0,"turns":4.0},{"damage":0.0,"enemies":"Cultist","floor":7.0,"turns":8.0},{"damage":0.0,"enemies":"2 Fungi Beasts","floor":10.0,"turns":5.0},{"damage":4.0,"enemies":"Exordium Wildlife","floor":11.0,"turns":7.0},{"damage":10,"enemies":"Gremlin Nob","floor":13,"turns":7},{"damage":0,"enemies":"Large Slime","floor":14,"turns":9},{"damage":26,"enemies":"Slime Boss","floor":16,"turns":20},{"damage":12,"enemies":"3 Byrds","floor":18,"turns":9},{"damage":5,"enemies":"Spheric Guardian","floor":20,"turns":8},{"damage":0,"enemies":"Book of Stabbing","floor":23,"turns":8},{"damage":11,"enemies":"Slavers","floor":25,"turns":5},{"damage":0,"enemies":"Book of Stabbing","floor":27,"turns":6},{"damage":5,"enemies":"Slavers","floor":29,"turns":5},{"damage":0,"enemies":"Snake Plant","floor":30,"turns":4},{"damage":43,"enemies":"Collector","floor":33,"turns":11},{"damage":0,"enemies":"3 Darklings","floor":35,"turns":3},{"damage":0,"enemies":"Orb Walker","floor":36,"turns":4},{"damage":6,"enemies":"Sphere and 2 Shapes","floor":37,"turns":5},{"damage":8,"enemies":"3 Darklings","floor":39,"turns":4},{"damage":14,"enemies":"2 Orb Walkers","floor":41,"turns":5},{"damage":0,"enemies":"Flame Bruiser 2 Orb","floor":42,"turns":5},{"damage":0,"enemies":"Maw","floor":44,"turns":8},{"damage":3,"enemies":"3 Darklings","floor":45,"turns":6},{"damage":7,"enemies":"Transient","floor":46,"turns":5},{"damage":14,"enemies":"Giant Head","floor":47,"turns":9},{"damage":11,"enemies":"Time Eater","floor":50,"turns":9}],"seed_played":"3148539687420988225","potions_obtained":[{"floor":1.0,"key":"Fruit Juice"},{"floor":5.0,"key":"AttackPotion"},{"floor":7.0,"key":"AttackPotion"},{"floor":16,"key":"EssenceOfSteel"},{"floor":25,"key":"Fire Potion"},{"floor":29,"key":"AttackPotion"},{"floor":36,"key":"Ancient Potion"},{"floor":41,"key":"Weak Potion"},{"floor":42,"key":"AttackPotion"}],"is_trial":false,"path_per_floor":["M","?","?","?","M","R","M","R","T","M","M","R","E","M","R","B",null,"M","?","M","?","$","E","R","E","T","E","R","E","M","?","R","B",null,"M","M","M","T","M","R","E","M","T","M","M","M","E","?","R","B"],"character_chosen":"THE_SILENT","items_purchased":["Noxious Fumes","Mummified Hand","Lee\u0027s Waffle"],"campfire_rested":2,"item_purchase_floors":[22,22,22],"current_hp_per_floor":[56,39,44,33,33,33,33,33,33,33,29,29,19,19,41,15,60,48,48,43,43,82,82,82,71,71,71,71,68,70,70,70,29,70,72,74,70,70,66,66,54,56,56,58,57,52,42,42,68,88],"gold":26,"neow_bonus":"REMOVE_CARD","is_prod":false,"is_daily":false,"chose_seed":false,"campfire_upgraded":7,"win_rate":0,"timestamp":1533346405,"path_taken":["M","?","?","?","?","R","?","R","T","M","M","R","E","M","R","BOSS","M","?","?","?","?","E","R","E","T","E","R","E","M","?","R","BOSS","M","M","M","?","M","R","E","M","T","?","M","M","E","?","R","BOSS"],"build_version":"2018-08-01","purchased_purges":0,"victory":true,"max_hp_per_floor":[70,70,75,75,75,75,75,75,75,75,75,75,75,75,75,75,75,75,75,75,75,82,82,82,82,82,82,82,84,84,84,84,84,84,84,84,84,84,86,86,86,86,86,86,86,86,88,88,88,88],"card_choices":[{"not_picked":["Dash","Heel Hook"],"picked":"Footwork","floor":1.0},{"not_picked":["Acrobatics","Sucker Punch"],"picked":"Dodge and Roll","floor":5.0},{"not_picked":["Dagger Spray","Dagger Throw"],"picked":"Escape Plan","floor":7.0},{"not_picked":["Concentrate","Blade Dance"],"picked":"Infinite Blades","floor":10.0},{"not_picked":["Distraction","PiercingWail"],"picked":"Footwork","floor":11.0},{"not_picked":["Blade Dance","Bane"],"picked":"Crippling Poison","floor":13},{"not_picked":["Underhanded Strike","Deadly Poison","Deflect"],"picked":"SKIP","floor":14},{"not_picked":["Flying Knee","Dagger Spray+1"],"picked":"Crippling Poison","floor":18},{"not_picked":["Bane","Acrobatics+1","Calculated Gamble"],"picked":"SKIP","floor":20},{"not_picked":["Slice+1","Catalyst"],"picked":"Cloak And Dagger","floor":23},{"not_picked":["PiercingWail","Outmaneuver"],"picked":"Caltrops","floor":25},{"not_picked":["Outmaneuver+1","Venomology"],"picked":"Escape Plan","floor":27},{"not_picked":["Eviscerate","Finisher","Slice"],"picked":"Singing Bowl","floor":29},{"not_picked":["Setup+1","Acrobatics+1"],"picked":"PiercingWail+1","floor":30},{"not_picked":["Wraith Form v2","Doppelganger+1"],"picked":"A Thousand Cuts","floor":33},{"not_picked":["Quick Slash","Flechettes+1"],"picked":"Dodge and Roll+1","floor":35},{"not_picked":["Deadly Poison+1","Quick Slash"],"picked":"Backflip+1","floor":36},{"not_picked":["Poisoned Stab","Bane"],"picked":"Backflip+1","floor":37},{"not_picked":["Flying Knee+1","Concentrate+1","Reflex+1"],"picked":"Singing Bowl","floor":39},{"not_picked":["Underhanded Strike","Sucker Punch"],"picked":"Dash+1","floor":41},{"not_picked":["Setup+1","Quick Slash+1"],"picked":"Backflip+1","floor":42},{"not_picked":["Dodge and Roll+1","Prepared+1"],"picked":"Caltrops","floor":44},{"not_picked":["Concentrate+1","Quick Slash"],"picked":"Bouncing Flask+1","floor":45},{"not_picked":["Storm of Steel+1","Cloak And Dagger+1"],"picked":"Dash","floor":46},{"not_picked":["Quick Slash+1","Deadly Poison+1","Endless Agony"],"picked":"Singing Bowl","floor":47}],"player_experience":386614,"relics_obtained":[{"floor":9.0,"key":"Shuriken"},{"floor":13,"key":"Tiny Chest"},{"floor":23,"key":"Bronze Scales"},{"floor":25,"key":"Singing Bowl"},{"floor":26,"key":"Happy Flower"},{"floor":27,"key":"Toxic Egg 2"},{"floor":29,"key":"Blood Vial"},{"floor":38,"key":"Pantograph"},{"floor":41,"key":"Whetstone"},{"floor":43,"key":"Art of War"},{"floor":47,"key":"Bird Faced Urn"}],"event_choices":[{"event_name":"Golden Idol","player_choice":"Take Damage","floor":2.0,"damage_taken":0.0},{"event_name":"Living Wall","player_choice":"Forget","floor":3.0,"damage_taken":0.0},{"event_name":"World of Goop","player_choice":"Gather Gold","floor":4.0,"damage_taken":0.0},{"event_name":"Forgotten Altar","player_choice":"Gave Idol","floor":19,"damage_taken":0},{"event_name":"Addict","player_choice":"Ignored","floor":21,"damage_taken":0},{"event_name":"Drug Dealer","player_choice":"Ignored","floor":31,"damage_taken":0},{"event_name":"Accursed Blacksmith","player_choice":"Forge","floor":48,"damage_taken":0}],"is_beta":true,"boss_relics":[{"not_picked":["Busted Crown","Ring of the Serpent"],"picked":"Ectoplasm"},{"not_picked":["Runic Pyramid","Pandora\u0027s Box"],"picked":"Empty Cage"}],"items_purged_floors":[],"is_endless":false,"potions_floor_spawned":[1,5,7,16,23,25,29,36,41,42,45,46],"ascension_level":11}