{"gold_per_floor":[114,129,129,144,159,189,204,234,309,309,324,339,3,18,18,118,118,133,148,163,178,193,223,223,253,303,315,327,354,35,50,50,150,150,165,165,15,30,7,37,112,127,152,167,197,212,212,212,212,212],"floor_reached":51,"playtime":1269,"items_purged":[],"score":1090,"play_id":"ed454960-868f-4364-9e01-dbdba919d6e3","local_time":"20181224085446","daily_mods":["Insanity","Colorless Cards","Lethality"],"is_ascension_mode":false,"campfire_choices":[{"data":"Mind Blast","floor":10,"key":"SMITH"},{"data":"Mind Blast","floor":15,"key":"SMITH"},{"data":"Backstab","floor":24,"key":"SMITH"},{"data":"Armaments","floor":27,"key":"SMITH"},{"data":"Malaise","floor":32,"key":"SMITH"},{"floor":47,"key":"REST"},{"floor":49,"key":"REST"}],"neow_cost":"","seed_source_timestamp":0,"circlet_count":0,"master_deck":["PiercingWail+1","Sucker Punch+1","Quick Slash+1","Finisher+1","Concentrate+1","Setup+1","Dagger Spray+1","PiercingWail+1","Poisoned Stab+1","Reflex+1","Underhanded Strike+1","Blind+1","Dark Shackles+1","Expertise+1","Dodge and Roll+1","Concentrate+1","Catalyst+1","Mind Blast+1","Terror+1","Reflex+1","Discovery+1","Flying Knee+1","Concentrate+1","Deadly Poison+1","Sucker Punch+1","Sucker Punch+1","Acrobatics+1","Bane+1","Escape Plan+1","PiercingWail+1","PiercingWail+1","Skewer+1","Dagger Spray+1","Leg Sweep+1","Poisoned Stab+1","Flash of Steel+1","Flying Knee+1","Blade Dance+1","Slice+1","Dagger Spray+1","Backflip+1","All Out Attack+1","Acrobatics+1","Accuracy+1","Dagger Throw+1","PiercingWail+1","Cloak And Dagger+1","Masterful Stab+1","Setup+1","Deflect+1","Choke+1","Die Die Die+1","Bouncing Flask+1","Predator+1","Dagger Spray+1","Mind Blast+1","All Out Attack+1","Poisoned Stab+1","Dash+1","Backstab+1","Footwork+1","Clothesline+1","Malaise+1","Rage+1","Glacier+1","Blade Dance+1","Stack+1","Shrug It Off+1","Madness+1","Armaments+1","Cloak And Dagger+1","Crippling Poison+1","Footwork+1","Underhanded Strike+1","Cleave+1","Impervious+1","Coolheaded+1","Corpse Explosion+1","Masterful Stab+1","Dodge and Roll+1","Distraction+1","Blur+1","Armaments+1","Stack+1","Bane+1"],"special_seed":17889,"relics":["Ring of the Snake","Blood Vial","Darkstone Periapt","Singing Bowl","PrismaticShard","Runic Dome","Shuriken","Matryoshka","Mummified Hand","MawBank","PreservedInsect","Fusion Hammer","Bag of Preparation","Meat on the Bone","Boot","Bronze Scales","Centennial Puzzle","Mark of the Bloom"],"potions_floor_usage":[6,8,16,23,33,33,50,50],"damage_taken":[{"damage":0,"enemies":"2 Louse","floor":1,"turns":3},{"damage":0,"enemies":"Cultist","floor":2,"turns":1},{"damage":0,"enemies":"Small Slimes","floor":4,"turns":2},{"damage":7,"enemies":"Gremlin Gang","floor":5,"turns":2},{"damage":12,"enemies":"3 Sentries","floor":6,"turns":5},{"damage":0,"enemies":"Exordium Wildlife","floor":7,"turns":2},{"damage":0,"enemies":"Lagavulin","floor":8,"turns":1},{"damage":0,"enemies":"Large Slime","floor":11,"turns":1},{"damage":0,"enemies":"2 Fungi Beasts","floor":12,"turns":1},{"damage":0,"enemies":"Lots of Slimes","floor":14,"turns":1},{"damage":9,"enemies":"Hexaghost","floor":16,"turns":4},{"damage":0,"enemies":"2 Thieves","floor":18,"turns":1},{"damage":0,"enemies":"Spheric Guardian","floor":19,"turns":1},{"damage":0,"enemies":"Snake Plant","floor":20,"turns":1},{"damage":0,"enemies":"Centurion and Healer","floor":21,"turns":1},{"damage":0,"enemies":"Shelled Parasite and Fungi","floor":22,"turns":1},{"damage":0,"enemies":"Book of Stabbing","floor":23,"turns":2},{"damage":0,"enemies":"Slavers","floor":25,"turns":2},{"damage":0,"enemies":"Snake Plant","floor":29,"turns":1},{"damage":0,"enemies":"Chosen and Byrds","floor":31,"turns":1},{"damage":0,"enemies":"Collector","floor":33,"turns":3},{"damage":0,"enemies":"3 Darklings","floor":35,"turns":2},{"damage":0,"enemies":"Orb Walker","floor":38,"turns":1},{"damage":0,"enemies":"Nemesis","floor":40,"turns":1},{"damage":0,"enemies":"Sphere and 2 Shapes","floor":42,"turns":1},{"damage":0,"enemies":"3 Darklings","floor":44,"turns":1},{"damage":16,"enemies":"Giant Head","floor":45,"turns":2},{"damage":0,"enemies":"Maw","floor":46,"turns":4},{"damage":0,"enemies":"Donu and Deca","floor":50,"turns":2}],"seed_played":"9132729475110724367","potions_obtained":[{"floor":2,"key":"Regen Potion"},{"floor":3,"key":"AttackPotion"},{"floor":3,"key":"Regen Potion"},{"floor":4,"key":"Poison Potion"},{"floor":7,"key":"Energy Potion"},{"floor":11,"key":"EssenceOfSteel"},{"floor":16,"key":"SkillPotion"},{"floor":19,"key":"GhostInAJar"},{"floor":29,"key":"SkillPotion"},{"floor":40,"key":"GhostInAJar"},{"floor":44,"key":"Energy Potion"},{"floor":46,"key":"AttackPotion"}],"is_trial":false,"path_per_floor":["M","M","?","M","M","E","M","E","T","R","M","M","$","M","R","B",null,"M","M","M","M","M","E","R","E","T","R","$","M","$","M","R","B",null,"M","?","$","M","$","E","?","M","T","M","E","M","R","?","R","B",null],"character_chosen":"THE_SILENT","items_purchased":["Backstab","PrismaticShard","Footwork","PreservedInsect","Crippling Poison","Footwork","Underhanded Strike","Bag of Preparation","Dodge and Roll"],"campfire_rested":2,"item_purchase_floors":[13,13,13,30,30,30,30,37,39],"current_hp_per_floor":[70,70,70,70,63,63,65,67,67,67,69,70,70,70,70,61,70,70,70,70,70,70,70,70,70,70,70,70,70,70,70,70,70,70,70,70,70,70,70,70,63,65,65,67,53,55,70,70,70,70],"gold":212,"neow_bonus":"","is_prod":false,"is_daily":true,"chose_seed":false,"campfire_upgraded":5,"win_rate":0,"timestamp":1545638086,"path_taken":["M","M","?","M","?","E","?","E","T","R","M","M","$","M","R","BOSS","M","M","M","M","M","E","R","E","T","R","$","M","$","M","R","BOSS","M","?","$","?","$","E","?","?","T","M","E","M","R","?","R","BOSS"],"build_version":"2018-12-20","purchased_purges":0,"victory":true,"max_hp_per_floor":[70,70,70,70,70,70,70,70,70,70,70,70,70,70,70,70,70,70,70,70,70,70,70,70,70,70,70,70,70,70,70,70,70,70,70,70,70,70,70,70,70,70,70,70,70,70,70,70,70,70],"card_choices":[{"not_picked":["Backflip","Deflect"],"picked":"Choke","floor":1},{"not_picked":["Quick Slash","Eviscerate"],"picked":"Die Die Die","floor":2},{"not_picked":["Sucker Punch","Prepared"],"picked":"Bouncing Flask","floor":4},{"not_picked":["Dagger Spray","Flechettes"],"picked":"Predator","floor":5},{"not_picked":["Sucker Punch","Poisoned Stab"],"picked":"Dagger Spray","floor":6},{"not_picked":["Dramatic Entrance","Prepared"],"picked":"Mind Blast","floor":7},{"not_picked":["Underhanded Strike","Bane"],"picked":"All Out Attack","floor":8},{"not_picked":["Deadly Poison","Acrobatics"],"picked":"Poisoned Stab","floor":11},{"not_picked":["Deflect","Panacea"],"picked":"Dash","floor":12},{"not_picked":["Gash","Warcry"],"picked":"Clothesline","floor":14},{"not_picked":["Impervious","Violence"],"picked":"Malaise","floor":16},{"not_picked":["Slice","Bane"],"picked":"Rage","floor":18},{"not_picked":["Cleave","Distraction"],"picked":"Glacier","floor":19},{"not_picked":["Heel Hook","Bloodletting"],"picked":"Blade Dance+1","floor":20},{"not_picked":["Deflect","Body Slam"],"picked":"Stack","floor":21},{"not_picked":["Anger","Cold Snap+1"],"picked":"Shrug It Off+1","floor":22},{"not_picked":["Second Wind","Armaments"],"picked":"Madness","floor":23},{"not_picked":["A Thousand Cuts","Twin Strike"],"picked":"Armaments","floor":25},{"not_picked":["Terror","Sword Boomerang"],"picked":"Cloak And Dagger","floor":29},{"not_picked":["All Out Attack","Redo"],"picked":"Cleave+1","floor":31},{"not_picked":["Exhume","Sadistic Nature"],"picked":"Impervious","floor":33},{"not_picked":["Clash+1","Beam Cell"],"picked":"Coolheaded+1","floor":35},{"not_picked":["Turbo","Flying Knee+1"],"picked":"Masterful Stab","floor":38},{"not_picked":["Seeing Red+1","Heavy Blade"],"picked":"Distraction","floor":40},{"not_picked":["Redo","Gash+1"],"picked":"Blur+1","floor":42},{"not_picked":["Go for the Eyes","Calculated Gamble"],"picked":"Armaments+1","floor":44},{"not_picked":["Ball Lightning+1","Trip"],"picked":"Stack+1","floor":45},{"not_picked":["Hemokinesis+1","Self Repair"],"picked":"Bane","floor":46}],"player_experience":1806399,"relics_obtained":[{"floor":6,"key":"Blood Vial"},{"floor":8,"key":"Darkstone Periapt"},{"floor":9,"key":"Singing Bowl"},{"floor":23,"key":"Shuriken"},{"floor":25,"key":"Matryoshka"},{"floor":26,"key":"Mummified Hand"},{"floor":26,"key":"MawBank"},{"floor":40,"key":"Meat on the Bone"},{"floor":43,"key":"Boot"},{"floor":43,"key":"Bronze Scales"},{"floor":45,"key":"Centennial Puzzle"}],"event_choices":[{"damage_healed":0,"gold_gain":0,"player_choice":"Got Potions","damage_taken":0,"max_hp_gain":0,"max_hp_loss":0,"event_name":"Lab","floor":3,"gold_loss":0},{"damage_healed":0,"gold_gain":0,"player_choice":"1 cards matched","damage_taken":0,"max_hp_gain":0,"max_hp_loss":0,"event_name":"Match and Keep!","floor":36,"gold_loss":0,"cards_obtained":["Corpse Explosion"]},{"damage_healed":0,"gold_gain":75,"player_choice":"Touch","damage_taken":7,"max_hp_gain":0,"max_hp_loss":0,"event_name":"FaceTrader","floor":41,"gold_loss":0},{"damage_healed":0,"gold_gain":0,"player_choice":"Upgrade","damage_taken":0,"relics_obtained":["Mark of the Bloom"],"max_hp_gain":0,"max_hp_loss":0,"event_name":"MindBloom","floor":48,"gold_loss":0,"cards_upgraded":["PiercingWail","Sucker Punch","Quick Slash","Finisher","Concentrate","Setup","Dagger Spray","PiercingWail","Poisoned Stab","Reflex","Underhanded Strike","Blind","Dark Shackles","Expertise","Dodge and Roll","Concentrate","Catalyst","Terror","Reflex","Discovery","Flying Knee","Concentrate","Deadly Poison","Sucker Punch","Sucker Punch","Acrobatics","Bane","Escape Plan","PiercingWail","PiercingWail","Skewer","Dagger Spray","Leg Sweep","Poisoned Stab","Flash of Steel","Flying Knee","Blade Dance","Slice","Dagger Spray","Backflip","All Out Attack","Acrobatics","Accuracy","Dagger Throw","PiercingWail","Cloak And Dagger","Masterful Stab","Setup","Deflect","Choke","Die Die Die","Bouncing Flask","Predator","Dagger Spray","All Out Attack","Poisoned Stab","Dash","Footwork","Clothesline","Rage","Glacier","Stack","Madness","Cloak And Dagger","Crippling Poison","Footwork","Underhanded Strike","Impervious","Corpse Explosion","Masterful Stab","Dodge and Roll","Distraction","Bane"]}],"is_beta":false,"boss_relics":[{"not_picked":["Ectoplasm","Orrery"],"picked":"Runic Dome"},{"not_picked":["WristBlade","Sozu"],"picked":"Fusion Hammer"}],"items_purged_floors":[],"is_endless":false,"potions_floor_spawned":[2,4,5,7,11,16,18,19,20,21,29,40,44,46],"ascension_level":0}