{"gold_per_floor":[166,241,27,45,63,63,76,76,99,113,132,145,155,166,166,267,267,277,277,376,376,12,44,44,62,89,109,109,109,124,48,48,48],"floor_reached":33,"playtime":838,"items_purged":[],"score":336,"play_id":"1d721469-f6fe-4b1c-b9da-e6883f3dfb93","local_time":"20180723180903","is_ascension_mode":false,"campfire_choices":[{"data":"Apotheosis","floor":6,"key":"SMITH"},{"floor":8,"key":"REST"},{"floor":15,"key":"REST"},{"floor":24,"key":"REST"},{"floor":28,"key":"REST"},{"data":"Writhe","floor":32,"key":"PURGE"}],"neow_cost":"NONE","seed_source_timestamp":347158994649556,"circlet_count":0,"master_deck":["Defend_G","Defend_G","Defend_G","Defend_G","Defend_G","Strike_G","Strike_G+1","Strike_G","Strike_G","Strike_G","Survivor","Neutralize","Dagger Spray","Footwork","Apotheosis+1","Footwork","Dagger Spray","Catalyst","Calculated Gamble","Infinite Blades","Terror","Poisoned Stab","Grand Finale","After Image","Riddle With Holes","Deflect","Deadly Poison+1","Crippling Poison"],"relics":["Tiny House","Snake Skull","Busted Crown","Lee\u0027s Waffle","Potion Belt","Blood Vial","Strawberry","Peace Pipe"],"potions_floor_usage":[16,16,23,23,27,33],"damage_taken":[{"damage":6,"enemies":"2 Louse","floor":1,"turns":2},{"damage":9,"enemies":"Cultist","floor":4,"turns":4},{"damage":6,"enemies":"Jaw Worm","floor":5,"turns":4},{"damage":5,"enemies":"2 Fungi Beasts","floor":7,"turns":3},{"damage":7,"enemies":"Lots of Slimes","floor":10,"turns":2},{"damage":9,"enemies":"Blue Slaver","floor":11,"turns":4},{"damage":8,"enemies":"Red Slaver","floor":12,"turns":5},{"damage":2,"enemies":"3 Louse","floor":13,"turns":4},{"damage":2,"enemies":"Looter","floor":14,"turns":3},{"damage":0,"enemies":"Slime Boss","floor":16,"turns":7},{"damage":32,"enemies":"Spheric Guardian","floor":18,"turns":6},{"damage":25,"enemies":"Gremlin Leader","floor":23,"turns":7},{"damage":5,"enemies":"3 Byrds","floor":25,"turns":4},{"damage":35,"enemies":"Centurion and Healer","floor":27,"turns":5},{"damage":32,"enemies":"Chosen and Byrds","floor":30,"turns":8},{"damage":49,"enemies":"Collector","floor":33,"turns":4}],"seed_played":"-7383976640889916226","potions_obtained":[{"floor":0,"key":"EssenceOfSteel"},{"floor":7,"key":"SteroidPotion"},{"floor":10,"key":"SpeedPotion"},{"floor":16,"key":"LiquidBronze"},{"floor":19,"key":"Fire Potion"},{"floor":19,"key":"Fire Potion"},{"floor":19,"key":"Energy Potion"},{"floor":25,"key":"Fire Potion"},{"floor":27,"key":"Energy Potion"}],"is_trial":false,"path_per_floor":["M","?","$","M","M","R","M","R","T","M","M","M","M","M","R","B",null,"M","?","?","?","$","E","R","M","T","M","R","?","M","$","R"],"character_chosen":"THE_SILENT","items_purchased":["Apotheosis","Footwork","Lee\u0027s Waffle","Potion Belt","Crippling Poison"],"campfire_rested":4,"item_purchase_floors":[3,3,22,22,31],"current_hp_per_floor":[69,62,62,53,47,47,42,64,64,57,48,40,38,36,58,58,75,43,43,43,36,82,57,81,77,84,51,77,77,47,47,47,0],"gold":48,"neow_bonus":"BOSS_RELIC","is_prod":false,"is_daily":false,"chose_seed":false,"campfire_upgraded":1,"win_rate":0,"timestamp":1532335143,"path_taken":["M","?","$","M","M","R","M","R","T","?","M","M","?","M","R","BOSS","M","?","?","?","$","E","R","M","T","?","R","?","?","$","R","BOSS"],"build_version":"2018-07-19v2","purchased_purges":0,"victory":false,"max_hp_per_floor":[75,75,75,75,75,75,75,75,75,75,75,75,75,75,75,75,75,75,75,75,75,82,82,82,82,89,89,89,89,89,89,89,89],"card_choices":[{"not_picked":["Cloak And Dagger","Predator"],"picked":"Dagger Spray","floor":0},{"not_picked":["Deadly Poison","Underhanded Strike"],"picked":"Footwork","floor":1},{"not_picked":["Setup","Slice"],"picked":"Dagger Spray","floor":4},{"not_picked":["Well Laid Plans","Dagger Throw"],"picked":"Catalyst","floor":5},{"not_picked":["Deadly Poison","Prepared","Underhanded Strike"],"picked":"SKIP","floor":7},{"not_picked":["Leg Sweep","PiercingWail"],"picked":"Calculated Gamble","floor":10},{"not_picked":["Flying Knee","Cloak And Dagger"],"picked":"Infinite Blades","floor":11},{"not_picked":["Deflect","Concentrate"],"picked":"Terror","floor":12},{"not_picked":["Flying Knee","Tactician"],"picked":"Poisoned Stab","floor":13},{"not_picked":["Bane","Endless Agony"],"picked":"Grand Finale","floor":14},{"not_picked":["Malaise","Doppelganger"],"picked":"After Image","floor":16},{"not_picked":["Bane"],"picked":"SKIP","floor":18},{"not_picked":[],"picked":"Riddle With Holes","floor":23},{"not_picked":["Prepared+1"],"picked":"SKIP","floor":25},{"not_picked":[],"picked":"Deflect","floor":27},{"not_picked":[],"picked":"Deadly Poison+1","floor":30}],"player_experience":243151,"relics_obtained":[{"floor":9,"key":"Snake Skull"},{"floor":23,"key":"Blood Vial"},{"floor":26,"key":"Strawberry"}],"event_choices":[{"event_name":"FaceTrader","player_choice":"Touch","floor":2,"damage_taken":0},{"event_name":"The Lab","player_choice":"Got Potions","floor":19,"damage_taken":0},{"event_name":"Nest","player_choice":"Stole From Cult","floor":20,"damage_taken":0},{"event_name":"Wheel of Change","player_choice":"Damage","floor":21,"damage_taken":0},{"event_name":"The Mausoleum","player_choice":"Yes","floor":29,"damage_taken":0}],"is_beta":false,"boss_relics":[{"not_picked":["Empty Cage","WristBlade"],"picked":"Busted Crown"}],"items_purged_floors":[],"is_endless":false,"potions_floor_spawned":[7,10,13,14,16,25,27],"killed_by":"Collector","ascension_level":0}