{"gold_per_floor":[109,124,124,124,140,140,140,140,440,454,11,42,55,5,5,101,101,116,16,27,127,139,139,23,23,48,78,90,90,90,101,101,199,199,212,228,228,246,262,287,301,330,379,379,409,136,136,136,136,136,136,136,55,82,82],"floor_reached":56,"playtime":3494,"items_purged":["Pain","Strike_B","Strike_B"],"score":1405,"play_id":"6dc638f5-7bf9-4187-a98f-88800fb5b3ac","local_time":"20190208184402","is_ascension_mode":false,"campfire_choices":[{"data":"Defragment","floor":6,"key":"SMITH"},{"data":"Sweeping Beam","floor":8,"key":"SMITH"},{"data":"Coolheaded","floor":15,"key":"SMITH"},{"data":"Hologram","floor":23,"key":"SMITH"},{"floor":29,"key":"REST"},{"floor":32,"key":"REST"},{"data":"Buffer","floor":44,"key":"SMITH"},{"floor":47,"key":"RECALL"},{"data":"Meteor Strike","floor":49,"key":"SMITH"},{"data":"Rainbow","floor":52,"key":"SMITH"}],"neow_cost":"NONE","seed_source_timestamp":373645831813159,"circlet_count":0,"master_deck":["Strike_B","Defend_B","Defend_B","Defend_B","Defend_B","Zap+1","Dualcast","Sweeping Beam+1","Defragment+1","Coolheaded+1","Undo","White Noise","Compile Driver","Seek","Hologram+1","Loop+1","Reinforced Body","Coolheaded+1","Ball Lightning","Rainbow+1","Coolheaded+1","Writhe","Electrodynamics","Meteor Strike+1","Buffer+1","Defragment","Leap+1"],"relics":["Cracked Core","WarpedTongs","Old Coin","DataDisk","Happy Flower","Blue Candle","Snecko Eye","Bronze Scales","Turnip","Orrery","Bag of Preparation","Thread and Needle","Centennial Puzzle","Orichalcum","Mummified Hand"],"potions_floor_usage":[20,33,45,54,55],"damage_taken":[{"damage":0,"enemies":"Cultist","floor":1,"turns":3},{"damage":1,"enemies":"Jaw Worm","floor":2,"turns":2},{"damage":7,"enemies":"Small Slimes","floor":5,"turns":3},{"damage":6,"enemies":"Blue Slaver","floor":10,"turns":4},{"damage":0,"enemies":"Lagavulin","floor":12,"turns":5},{"damage":0,"enemies":"Red Slaver","floor":13,"turns":3},{"damage":17,"enemies":"Hexaghost","floor":16,"turns":8},{"damage":6,"enemies":"Spheric Guardian","floor":18,"turns":4},{"damage":18,"enemies":"3 Byrds","floor":20,"turns":5},{"damage":0,"enemies":"Cultist and Chosen","floor":22,"turns":5},{"damage":26,"enemies":"Slavers","floor":27,"turns":5},{"damage":0,"enemies":"Snake Plant","floor":28,"turns":3},{"damage":17,"enemies":"Shelled Parasite and Fungi","floor":31,"turns":8},{"damage":11,"enemies":"Champ","floor":33,"turns":8},{"damage":15,"enemies":"Orb Walker","floor":35,"turns":3},{"damage":1,"enemies":"3 Shapes","floor":36,"turns":2},{"damage":14,"enemies":"Maw","floor":38,"turns":8},{"damage":1,"enemies":"Transient","floor":39,"turns":5},{"damage":1,"enemies":"Reptomancer","floor":40,"turns":3},{"damage":0,"enemies":"Sphere and 2 Shapes","floor":41,"turns":3},{"damage":1,"enemies":"Nemesis","floor":42,"turns":5},{"damage":0,"enemies":"Giant Head","floor":45,"turns":7},{"damage":0,"enemies":"Time Eater","floor":50,"turns":12},{"damage":0,"enemies":"Shield and Spear","floor":54,"turns":7},{"damage":87,"enemies":"The Heart","floor":55,"turns":12}],"seed_played":"-9065520873074368052","potions_obtained":[{"floor":1,"key":"Ancient Potion"},{"floor":16,"key":"SteroidPotion"},{"floor":18,"key":"EssenceOfSteel"},{"floor":36,"key":"SpeedPotion"},{"floor":38,"key":"FairyPotion"},{"floor":41,"key":"Energy Potion"},{"floor":45,"key":"Fruit Juice"},{"floor":54,"key":"Explosive Potion"}],"is_trial":false,"path_per_floor":["M","M","?","?","M","R","?","R","T","M","$","E","M","?","R","B",null,"M","$","M","?","M","R","$","$","T","E","M","R","?","M","R","B",null,"M","M","?","M","M","E","M","E","T","R","E","$","R","?","R","B",null,"R","$","E","B",null],"character_chosen":"DEFECT","items_purchased":["DataDisk","Happy Flower","White Noise","Reinforced Body","PowerPotion","Orichalcum","Defragment"],"campfire_rested":2,"item_purchase_floors":[11,11,11,24,24,46,53],"current_hp_per_floor":[75,74,79,79,72,72,72,72,72,66,66,66,66,66,66,49,80,74,74,56,56,56,56,56,56,56,30,30,54,54,37,61,50,80,65,64,80,66,65,64,64,63,63,63,78,78,78,78,78,78,85,85,85,85,6],"gold":82,"neow_bonus":"UPGRADE_CARD","is_prod":false,"is_daily":false,"chose_seed":false,"campfire_upgraded":7,"win_rate":0,"timestamp":1549651442,"path_taken":["M","?","?","?","?","R","?","R","T","M","$","E","M","?","R","BOSS","M","$","M","?","?","R","?","$","T","E","M","R","?","?","R","BOSS","M","M","?","M","M","E","M","E","T","R","E","$","R","?","R","BOSS","R","$","E","BOSS"],"build_version":"2019-02-06","purchased_purges":3,"victory":true,"max_hp_per_floor":[75,75,80,80,80,80,80,80,80,80,80,80,80,80,80,80,80,80,80,80,80,80,80,80,80,80,80,80,80,80,80,80,80,80,80,80,80,80,80,80,80,80,80,80,85,85,85,85,85,85,85,85,85,85,85],"card_choices":[{"not_picked":["Chaos","Coolheaded"],"picked":"Sweeping Beam","floor":1},{"not_picked":["Heatsinks","Skim"],"picked":"Defragment","floor":2},{"not_picked":["Heatsinks","Stack"],"picked":"Coolheaded","floor":5},{"not_picked":["Redo","Beam Cell"],"picked":"Undo","floor":10},{"not_picked":["Fusion","Steam","Barrage"],"picked":"SKIP","floor":12},{"not_picked":["Undo","Go for the Eyes"],"picked":"Compile Driver","floor":13},{"not_picked":["Thunder Strike","Fission"],"picked":"Seek","floor":16},{"not_picked":["Aggregate+1","Redo"],"picked":"Hologram","floor":18},{"not_picked":["Reprogram","Streamline+1","Hello World"],"picked":"SKIP","floor":20},{"not_picked":["Go for the Eyes","Gash"],"picked":"Loop+1","floor":22},{"not_picked":["Defragment","Go for the Eyes"],"picked":"Coolheaded+1","floor":27},{"not_picked":["Barrage+1","Hologram","Steam Power"],"picked":"SKIP","floor":28},{"not_picked":["Beam Cell","Leap"],"picked":"Ball Lightning","floor":31},{"not_picked":["Seek","Machine Learning"],"picked":"Rainbow","floor":33},{"not_picked":["Stack","Darkness+1"],"picked":"Coolheaded+1","floor":34},{"not_picked":["Hologram","Sweeping Beam+1","White Noise"],"picked":"SKIP","floor":35},{"not_picked":["Conserve Battery","Turbo","Steam+1"],"picked":"SKIP","floor":36},{"not_picked":["Conserve Battery+1","Gash+1"],"picked":"Electrodynamics","floor":38},{"not_picked":["Redo+1","Cold Snap"],"picked":"Meteor Strike","floor":39},{"not_picked":["Storm","Rainbow"],"picked":"Buffer","floor":40},{"not_picked":["Streamline+1","Hologram+1","Rip and Tear"],"picked":"SKIP","floor":41},{"not_picked":["Redo+1","Hologram"],"picked":"Self Repair+1","floor":42},{"not_picked":["FTL+1","Fusion","Recycle+1"],"picked":"SKIP","floor":45},{"not_picked":["Gash","Turbo"],"picked":"Leap+1","floor":54}],"player_experience":863730,"relics_obtained":[{"floor":9,"key":"Old Coin"},{"floor":12,"key":"Blue Candle"},{"floor":26,"key":"Bronze Scales"},{"floor":27,"key":"Turnip"},{"floor":40,"key":"Bag of Preparation"},{"floor":42,"key":"Thread and Needle"},{"floor":45,"key":"Centennial Puzzle"},{"floor":54,"key":"Mummified Hand"}],"event_choices":[{"damage_healed":0,"gold_gain":0,"player_choice":"Donut","damage_taken":0,"max_hp_gain":5,"max_hp_loss":0,"event_name":"Big Fish","floor":3,"gold_loss":0},{"damage_healed":0,"gold_gain":0,"player_choice":"Rummage","damage_taken":0,"relics_obtained":["WarpedTongs"],"max_hp_gain":0,"max_hp_loss":0,"event_name":"Accursed Blacksmith","floor":4,"gold_loss":0,"cards_obtained":["Pain"]},{"damage_healed":0,"gold_gain":0,"player_choice":"Ignored","damage_taken":0,"max_hp_gain":0,"max_hp_loss":0,"event_name":"Liars Game","floor":7,"gold_loss":0},{"cards_removed":["Strike_B"],"damage_healed":0,"gold_gain":0,"player_choice":"Card Removal","damage_taken":0,"max_hp_gain":0,"max_hp_loss":0,"event_name":"The Cleric","floor":14,"gold_loss":50},{"damage_healed":0,"gold_gain":100,"player_choice":"Pray","damage_taken":0,"max_hp_gain":0,"max_hp_loss":0,"event_name":"Golden Shrine","floor":21,"gold_loss":0},{"damage_healed":0,"gold_gain":0,"player_choice":"Ignored","damage_taken":0,"max_hp_gain":0,"max_hp_loss":0,"event_name":"Ghosts","floor":30,"gold_loss":0},{"damage_healed":20,"gold_gain":0,"player_choice":"Writhe","damage_taken":0,"max_hp_gain":0,"max_hp_loss":0,"event_name":"Winding Halls","floor":37,"gold_loss":0,"cards_obtained":["Writhe"]},{"cards_removed":["Self Repair"],"damage_healed":0,"gold_gain":0,"player_choice":"Removed Power","damage_taken":0,"max_hp_gain":0,"max_hp_loss":0,"event_name":"Falling","floor":48,"gold_loss":0}],"is_beta":true,"boss_relics":[{"not_picked":["Calling Bell","Busted Crown"],"picked":"Snecko Eye"},{"not_picked":["Lizard Tail","Empty Cage"],"picked":"Orrery"}],"items_purged_floors":[11,19,46],"is_endless":false,"potions_floor_spawned":[1,16,18,28,36,38,41,42,45,54],"ascension_level":0}