{"path_per_floor":["M","?","$","M","M","E","R","?","T","R","?","M","R","T","R","B",null,"M","$","?","M","?","R"],"character_chosen":"DEFECT","items_purchased":["Darkness","Self Repair","Bottled Flame","Melter+1","Steam"],"gold_per_floor":[111,111,32,47,61,93,93,268,268,268,343,356,356,433,433,537,537,549,75,75,59,59,59,59],"floor_reached":24,"campfire_rested":3,"playtime":1486,"item_purchase_floors":[3,19,19,19,19],"current_hp_per_floor":[73,73,73,73,73,52,74,74,74,74,63,42,64,64,64,41,75,53,53,37,14,14,36,0],"items_purged":["Strike_B"],"gold":59,"score":221,"play_id":"7e7349c5-7a6c-4958-b696-36a9ebc8c073","local_time":"20180610165203","is_prod":false,"is_daily":false,"chose_seed":false,"is_ascension_mode":true,"campfire_upgraded":2,"win_rate":0,"timestamp":1528663923,"campfire_choices":[{"floor":7,"key":"REST"},{"data":"Loop","floor":10,"key":"SMITH"},{"floor":13,"key":"REST"},{"data":"Darkness","floor":15,"key":"SMITH"},{"floor":23,"key":"REST"}],"path_taken":["M","?","$","M","M","E","R","?","T","R","?","M","R","?","R","BOSS","M","$","?","M","?","R","E"],"build_version":"2018-06-07v3","seed_source_timestamp":336781376318151,"purchased_purges":1,"victory":false,"master_deck":["Strike_B","Strike_B","Strike_B","Defend_B","Defend_B","Defend_B","Defend_B","Zap","Dualcast","Cold Snap","Darkness+1","Capacitor","Consume","Loop+1","Doubt","Coolheaded","Fission","Glacier","Self Repair","Melter+1","Steam","Stack","Writhe"],"max_hp_per_floor":[75,75,75,75,75,75,75,75,75,75,75,75,75,75,75,75,75,75,75,75,75,75,75,75],"relics":["Cracked Core","Singing Bowl","Smiling Mask","Calipers","Molten Egg 2","Philosopher\u0027s Stone","Bottled Flame","Enchiridion","Mummified Hand"],"card_choices":[{"not_picked":["Hologram","Go for the Eyes"],"picked":"Cold Snap","floor":1},{"not_picked":["Conserve Battery","Go for the Eyes"],"picked":"Capacitor","floor":4},{"not_picked":["Gash","Rip and Tear"],"picked":"Consume","floor":5},{"not_picked":["Compile Driver","Beam Cell"],"picked":"Loop","floor":6},{"not_picked":["Ball Lightning","Beam Cell"],"picked":"Coolheaded","floor":12},{"not_picked":["Biased Cognition","Meteor Strike+1"],"picked":"Fission","floor":16},{"not_picked":["Defragment","Beam Cell+1"],"picked":"Glacier","floor":18},{"not_picked":["Auto Shields","Sweeping Beam+1"],"picked":"Stack","floor":21}],"player_experience":460063,"potions_floor_usage":[6,6,6,16],"damage_taken":[{"damage":2,"enemies":"2 Louse","floor":1,"turns":4},{"damage":0,"enemies":"Cultist","floor":4,"turns":4},{"damage":0,"enemies":"Small Slimes","floor":5,"turns":3},{"damage":21,"enemies":"Gremlin Nob","floor":6,"turns":4},{"damage":21,"enemies":"Blue Slaver","floor":12,"turns":5},{"damage":23,"enemies":"The Guardian","floor":16,"turns":8},{"damage":22,"enemies":"Spheric Guardian","floor":18,"turns":4},{"damage":30,"enemies":"2 Thieves","floor":21,"turns":4},{"damage":51,"enemies":"Gremlin Leader","floor":24,"turns":4}],"relics_obtained":[{"floor":6,"key":"Smiling Mask"},{"floor":9,"key":"Calipers"},{"floor":14,"key":"Molten Egg 2"},{"floor":20,"key":"Enchiridion"}],"event_choices":[{"event_name":"The Lab","player_choice":"Got Potions","floor":2,"damage_taken":0},{"event_name":"Liars Game","player_choice":"agreed","floor":8,"damage_taken":0},{"event_name":"World of Goop","player_choice":"Gather Gold","floor":11,"damage_taken":0},{"event_name":"Cursed Tome","player_choice":"Obtained Book","floor":20,"damage_taken":0},{"event_name":"The Mausoleum","player_choice":"Yes","floor":22,"damage_taken":0}],"boss_relics":[{"not_picked":["Busted Crown","Black Star"],"picked":"Philosopher\u0027s Stone"}],"items_purged_floors":[19],"potions_floor_spawned":[4,5,6,12],"seed_played":"7485116588221531567","killed_by":"Gremlin Leader","ascension_level":3,"potions_obtained":[{"floor":2,"key":"GamblersBrew"},{"floor":2,"key":"Dexterity Potion"},{"floor":2,"key":"EssenceOfSteel"},{"floor":4,"key":"AttackPotion"},{"floor":5,"key":"Fire Potion"},{"floor":6,"key":"SpeedPotion"},{"floor":12,"key":"LiquidBronze"}],"is_trial":false}