{"gold_per_floor":[116,116,116,291,291,291,320,332,332,357,12,12,12,30,30,30],"floor_reached":16,"playtime":915,"items_purged":["Doubt"],"score":122,"play_id":"1f5a084b-ad31-4d5f-8328-d191c071bbe1","local_time":"20180713220241","is_ascension_mode":true,"campfire_choices":[{"data":"Unload","floor":6,"key":"SMITH"},{"data":"Night Terror","floor":12,"key":"SMITH"},{"floor":15,"key":"REST"}],"neow_cost":"NONE","seed_source_timestamp":172818972130033,"circlet_count":0,"master_deck":["Defend_G","Defend_G","Defend_G","Defend_G+1","Defend_G","Strike_G","Strike_G","Survivor","Neutralize","Quick Slash","Unload+1","Prepared+1","Deadly Poison","Night Terror+1","Backstab","Poisoned Stab"],"relics":["Black Star","Bag of Marbles","War Paint","Orichalcum","The Courier","Bottled Lightning","Toolbox","Oddly Smooth Stone"],"potions_floor_usage":[7,10],"damage_taken":[{"damage":6,"enemies":"Jaw Worm","floor":1,"turns":7},{"damage":34,"enemies":"3 Sentries","floor":7,"turns":13},{"damage":0,"enemies":"Cultist","floor":8,"turns":4},{"damage":6,"enemies":"Gremlin Nob","floor":10,"turns":5},{"damage":0,"enemies":"Small Slimes","floor":14,"turns":2},{"damage":47,"enemies":"Slime Boss","floor":16,"turns":11}],"seed_played":"-3072552166827610373","potions_obtained":[{"floor":1,"key":"Fruit Juice"},{"floor":7,"key":"GhostInAJar"}],"is_trial":false,"path_per_floor":["M","?","?","?","?","R","E","M","T","E","$","R","$","M","R"],"character_chosen":"THE_SILENT","items_purchased":["Toolbox","Oddly Smooth Stone"],"campfire_rested":1,"item_purchase_floors":[11,11],"current_hp_per_floor":[64,64,57,57,57,57,28,28,28,22,22,22,22,22,44,0],"gold":30,"neow_bonus":"BOSS_RELIC","is_prod":false,"is_daily":false,"chose_seed":false,"campfire_upgraded":2,"win_rate":0,"timestamp":1531485161,"path_taken":["M","?","?","?","?","R","E","M","T","E","?","R","$","?","R","BOSS"],"build_version":"2018-07-12","purchased_purges":1,"victory":false,"max_hp_per_floor":[70,70,70,70,70,70,75,75,75,75,75,75,75,75,75,75],"card_choices":[{"not_picked":["Skewer","Outmaneuver"],"picked":"Quick Slash","floor":1},{"not_picked":["Dodge and Roll","Flechettes"],"picked":"Deadly Poison","floor":7},{"not_picked":["Slice","Acrobatics"],"picked":"Night Terror","floor":8},{"not_picked":["Masterful Stab","Dagger Spray"],"picked":"Backstab","floor":10},{"not_picked":["Deflect","Deadly Poison"],"picked":"Poisoned Stab","floor":14}],"player_experience":113649,"relics_obtained":[{"floor":7,"key":"Bag of Marbles"},{"floor":7,"key":"War Paint"},{"floor":9,"key":"Orichalcum"},{"floor":10,"key":"The Courier"},{"floor":10,"key":"Bottled Lightning"}],"event_choices":[{"event_name":"Transmorgrifier","player_choice":"Transform","floor":2,"damage_taken":0},{"event_name":"Golden Wing","player_choice":"Card Removal","floor":3,"damage_taken":0},{"event_name":"Liars Game","player_choice":"agreed","floor":4,"damage_taken":0},{"event_name":"Living Wall","player_choice":"Change","floor":5,"damage_taken":0}],"boss_relics":[],"items_purged_floors":[11],"is_endless":false,"potions_floor_spawned":[1,7],"killed_by":"Slime Boss","ascension_level":3}