{"gold_per_floor":[217,22,22,41,61,86,86,100,125,137,169,181,207,229,241,253],"floor_reached":16,"playtime":547,"items_purged":["Strike_B"],"score":198,"play_id":"79a1546d-cb9d-40d8-a067-d1928c609e41","local_time":"20181224084803","is_ascension_mode":true,"campfire_choices":[{"floor":7.0,"key":"REST"},{"floor":12.0,"key":"REST"},{"floor":15,"key":"REST"}],"neow_cost":"NONE","seed_source_timestamp":364873260462547,"circlet_count":0,"master_deck":["AscendersBane","Strike_B","Strike_B","Defend_B","Defend_B","Defend_B","Defend_B","Zap","Dualcast","Heatsinks","Loop","FTL","Compile Driver","Cold Snap","Sunder","Barrage","Leap","Chill","Coolheaded","Beam Cell","Coolheaded","Gash"],"special_seed":0,"relics":["Cracked Core","Art of War","Dream Catcher","MawBank"],"potions_floor_usage":[16],"damage_taken":[{"damage":2.0,"enemies":"Jaw Worm","floor":1.0,"turns":3.0},{"damage":1.0,"enemies":"Cultist","floor":4.0,"turns":3.0},{"damage":11.0,"enemies":"Small Slimes","floor":5.0,"turns":3.0},{"damage":31.0,"enemies":"Gremlin Nob","floor":6.0,"turns":4.0},{"damage":11.0,"enemies":"Looter","floor":8.0,"turns":2.0},{"damage":7.0,"enemies":"Exordium Wildlife","floor":11.0,"turns":3.0},{"damage":12,"enemies":"2 Fungi Beasts","floor":13,"turns":3},{"damage":11,"enemies":"3 Louse","floor":14,"turns":3},{"damage":37,"enemies":"The Guardian","floor":16,"turns":5}],"seed_played":"-7880930058578449611","potions_obtained":[{"floor":1.0,"key":"Ancient Potion"},{"floor":4.0,"key":"PowerPotion"},{"floor":8.0,"key":"Poison Potion"}],"is_trial":false,"path_per_floor":["M","$","?","M","M","E","R","M","T","?","M","R","M","M","R","B"],"character_chosen":"DEFECT","items_purchased":["Loop","FTL"],"campfire_rested":3,"item_purchase_floors":[2,2],"current_hp_per_floor":[62,62,62,61,50,19,40,29,29,22,15,36,24,13,34,0],"gold":253,"neow_bonus":"HUNDRED_GOLD","is_prod":false,"is_daily":false,"chose_seed":false,"campfire_upgraded":0,"win_rate":0,"timestamp":1545659283,"path_taken":["M","$","?","M","?","E","R","M","T","?","M","R","M","M","R","BOSS"],"build_version":"2018-12-20","purchased_purges":1,"victory":false,"max_hp_per_floor":[71,71,71,71,71,71,71,71,71,71,71,71,71,71,71,71],"card_choices":[{"not_picked":["Chaos","Stack"],"picked":"Heatsinks","floor":1.0},{"not_picked":["Beam Cell","Steam"],"picked":"Compile Driver","floor":4.0},{"not_picked":["Rebound","Barrage"],"picked":"Cold Snap","floor":5.0},{"not_picked":["Sweeping Beam","Multi-Cast"],"picked":"Sunder","floor":6.0},{"not_picked":["Ball Lightning","Chaos"],"picked":"Barrage","floor":7.0},{"not_picked":["Steam Power","Go for the Eyes"],"picked":"Leap","floor":8.0},{"not_picked":["Steam","Darkness"],"picked":"Chill","floor":11.0},{"not_picked":["Stack","Lockon"],"picked":"Coolheaded","floor":12.0},{"not_picked":["Gash","Coolheaded"],"picked":"Beam Cell","floor":13},{"not_picked":["Hologram","Aggregate"],"picked":"Coolheaded","floor":14},{"not_picked":["Biased Cognition","Beam Cell"],"picked":"Gash","floor":15}],"player_experience":1951740,"relics_obtained":[{"floor":6.0,"key":"Dream Catcher"},{"floor":9.0,"key":"MawBank"}],"event_choices":[{"damage_healed":0.0,"max_hp_gain":0.0,"max_hp_loss":0.0,"gold_gain":0.0,"event_name":"WeMeetAgain","player_choice":"Gave Potion","floor":3.0,"gold_loss":0.0,"damage_taken":0.0,"relics_obtained":["Art of War"]},{"cards_removed":["Strike_B"],"damage_healed":0.0,"max_hp_gain":0.0,"max_hp_loss":0.0,"gold_gain":0.0,"event_name":"Golden Wing","player_choice":"Card Removal","floor":10.0,"gold_loss":0.0,"damage_taken":7.0}],"is_beta":false,"boss_relics":[],"items_purged_floors":[2],"is_endless":false,"potions_floor_spawned":[1,4,8],"killed_by":"The Guardian","ascension_level":18}