{"gold_per_floor":[112,112,112,362,250,284,107,107,134,153,165,185,200,235,235,313,313,331,331,331,341,40,40,40],"floor_reached":24,"playtime":763,"items_purged":["Regret"],"score":401,"play_id":"be6e02a0-d923-4b65-aaa8-985008d8bd9e","local_time":"20180706160750","is_ascension_mode":true,"campfire_choices":[{"data":"Neutralize","floor":8,"key":"SMITH"},{"floor":15,"key":"REST"},{"floor":23,"key":"REST"}],"neow_cost":"NONE","seed_source_timestamp":874068299171477,"circlet_count":0,"master_deck":["Defend_G","Defend_G","Defend_G","Defend_G","Defend_G","Strike_G+1","Strike_G","Strike_G","Strike_G","Survivor","Neutralize+1","AscendersBane","Cloak And Dagger","Reflex","Predator","Sucker Punch+1","Cloak And Dagger","Malaise","Dash","Storm of Steel","Skewer","Dagger Spray"],"relics":["Ring of the Snake","NeowsBlessing","Matryoshka","Vajra","Whetstone","Boot","Letter Opener","Runic Pyramid","Shovel"],"potions_floor_usage":[12,16,18,21],"damage_taken":[{"damage":0,"enemies":"Cultist","floor":1,"turns":1},{"damage":0,"enemies":"Lagavulin","floor":6,"turns":1},{"damage":0,"enemies":"Jaw Worm","floor":10,"turns":1},{"damage":0,"enemies":"2 Louse","floor":11,"turns":2},{"damage":8,"enemies":"Exordium Thugs","floor":12,"turns":4},{"damage":0,"enemies":"2 Fungi Beasts","floor":13,"turns":3},{"damage":26,"enemies":"Gremlin Nob","floor":14,"turns":5},{"damage":42,"enemies":"Slime Boss","floor":16,"turns":13},{"damage":22,"enemies":"2 Thieves","floor":18,"turns":5},{"damage":5,"enemies":"3 Byrds","floor":21,"turns":5},{"damage":43,"enemies":"Book of Stabbing","floor":24,"turns":8}],"seed_played":"-7185676906070984174","potions_obtained":[{"floor":10,"key":"GhostInAJar"},{"floor":11,"key":"GamblersBrew"},{"floor":14,"key":"EntropicBrew"},{"floor":21,"key":"Fire Potion"}],"is_trial":false,"path_per_floor":["M","?","?","?","$","E","$","R","T","M","M","M","M","E","R","B",null,"M","?","?","M","$","R"],"character_chosen":"THE_SILENT","items_purchased":["Predator","Vajra","Cloak And Dagger","Shovel"],"campfire_rested":2,"item_purchase_floors":[5,7,7,22],"current_hp_per_floor":[59,59,59,59,59,59,59,59,59,59,59,51,51,25,44,2,50,28,28,28,23,23,42,0],"gold":40,"neow_bonus":"THREE_ENEMY_KILL","is_prod":false,"is_daily":false,"chose_seed":false,"campfire_upgraded":1,"win_rate":0,"timestamp":1530886070,"path_taken":["M","?","?","?","$","E","?","R","T","M","M","?","?","E","R","BOSS","M","?","?","M","$","R","E"],"build_version":"2018-07-05","purchased_purges":1,"victory":false,"max_hp_per_floor":[66,66,66,66,66,66,66,66,66,66,66,66,66,66,66,66,66,66,66,66,66,66,66,66],"card_choices":[{"not_picked":["Dagger Throw","Blade Dance"],"picked":"Cloak And Dagger","floor":1},{"not_picked":["All Out Attack","Caltrops"],"picked":"Sucker Punch","floor":6},{"not_picked":["Distraction","Prepared","Underhanded Strike"],"picked":"SKIP","floor":10},{"not_picked":["Well Laid Plans","Accuracy"],"picked":"Malaise","floor":11},{"not_picked":["Slice","Acrobatics","Flying Knee"],"picked":"SKIP","floor":12},{"not_picked":["Sucker Punch","Acrobatics"],"picked":"Dash","floor":13},{"not_picked":["Backflip","Sucker Punch","Quick Slash"],"picked":"SKIP","floor":14},{"not_picked":["Bullet Time","Grand Finale"],"picked":"Storm of Steel","floor":16},{"not_picked":["Outmaneuver+1","Slice"],"picked":"Skewer","floor":18},{"not_picked":["Masterful Stab","Quick Slash"],"picked":"Dagger Spray","floor":21}],"player_experience":983248,"relics_obtained":[{"floor":6,"key":"Matryoshka"},{"floor":9,"key":"Whetstone"},{"floor":9,"key":"Boot"},{"floor":14,"key":"Letter Opener"}],"event_choices":[{"event_name":"Golden Wing","player_choice":"Ignored","floor":2,"damage_taken":0},{"event_name":"Transmorgrifier","player_choice":"Transform","floor":3,"damage_taken":0},{"event_name":"Golden Shrine","player_choice":"Desecrate","floor":4,"damage_taken":0},{"event_name":"The Mausoleum","player_choice":"No","floor":19,"damage_taken":0},{"event_name":"Vampires","player_choice":"Ignored","floor":20,"damage_taken":0}],"boss_relics":[{"not_picked":["Runic Dome","Tiny House"],"picked":"Runic Pyramid"}],"items_purged_floors":[5],"is_endless":false,"potions_floor_spawned":[10,11,14,21],"killed_by":"Book of Stabbing","ascension_level":15}