{"gold_per_floor":[110,127,75,75,75,106,106,156,156,206,269,269,285,335,335,424,424,418,442,39,89,102,102,102],"floor_reached":24,"playtime":914,"items_purged":["Regret"],"score":340,"play_id":"a00801a2-c82a-4d82-b4db-b27f29127769","local_time":"20180717204012","is_ascension_mode":true,"campfire_choices":[{"floor":7,"key":"REST"},{"floor":12,"key":"REST"},{"data":"Dagger Spray","floor":15,"key":"SMITH"},{"floor":23,"key":"REST"}],"neow_cost":"NONE","seed_source_timestamp":593342374369975,"circlet_count":0,"master_deck":["Defend_G","Defend_G","Defend_G","Defend_G","Defend_G","Strike_G","Strike_G","Strike_G","Strike_G","Strike_G","Survivor","Neutralize+1","AscendersBane","Dagger Spray+1","Cloak And Dagger","Deflect","Injury","Cloak And Dagger","Deadly Poison","Unload","Burst","Decay","Injury","Skewer+1","Infinite Blades","Footwork","Deflect"],"relics":["Ring of the Snake","Golden Idol","SsserpentHead","Centennial Puzzle","Art of War","Calling Bell","Bag of Marbles","Dodecahedron","Gambling Chip","Ninja Scroll"],"potions_floor_usage":[6,6,19,24],"damage_taken":[{"damage":12,"enemies":"Jaw Worm","floor":1,"turns":6},{"damage":2,"enemies":"Small Slimes","floor":2,"turns":3},{"damage":42,"enemies":"Gremlin Nob","floor":6,"turns":6},{"damage":0,"enemies":"Cultist","floor":11,"turns":4},{"damage":1,"enemies":"Looter","floor":13,"turns":4},{"damage":24,"enemies":"The Guardian","floor":16,"turns":17},{"damage":24,"enemies":"2 Thieves","floor":18,"turns":4},{"damage":3,"enemies":"3 Byrds","floor":19,"turns":4},{"damage":8,"enemies":"Centurion and Healer","floor":22,"turns":8},{"damage":50,"enemies":"Book of Stabbing","floor":24,"turns":6}],"seed_played":"6702692733105102901","potions_obtained":[{"floor":11,"key":"FairyPotion"},{"floor":18,"key":"LiquidBronze"},{"floor":19,"key":"Strength Potion"}],"is_trial":false,"path_per_floor":["M","M","$","?","?","E","R","?","T","?","M","R","M","?","R","B",null,"M","M","$","?","M","R"],"character_chosen":"THE_SILENT","items_purchased":["Deflect","Ninja Scroll","Footwork"],"campfire_rested":3,"item_purchase_floors":[3,20,20],"current_hp_per_floor":[47,45,45,45,45,3,22,22,22,22,22,41,40,40,40,16,54,30,27,27,27,19,38,0],"gold":102,"neow_bonus":"THREE_SMALL_POTIONS","is_prod":false,"is_daily":false,"chose_seed":false,"campfire_upgraded":1,"win_rate":0,"timestamp":1531852812,"path_taken":["M","M","$","?","?","E","R","?","T","?","?","R","M","?","R","BOSS","M","M","$","?","M","R","E"],"build_version":"2018-07-12","purchased_purges":1,"victory":false,"max_hp_per_floor":[66,66,66,66,66,66,66,66,66,66,66,66,66,66,66,66,66,66,66,66,66,66,66,66],"card_choices":[{"not_picked":["Terror","Sucker Punch"],"picked":"Dagger Spray","floor":1},{"not_picked":["Riddle With Holes","Expertise"],"picked":"Cloak And Dagger","floor":2},{"not_picked":["Tools of the Trade","Calculated Gamble","Backflip"],"picked":"SKIP","floor":6},{"not_picked":["Crippling Poison","Riddle With Holes"],"picked":"Cloak And Dagger","floor":11},{"not_picked":["Deflect","Calculated Gamble"],"picked":"Deadly Poison","floor":13},{"not_picked":["Doppelganger","Wraith Form v2"],"picked":"Burst","floor":16},{"not_picked":["Flying Knee","Masterful Stab+1"],"picked":"Skewer+1","floor":18},{"not_picked":["PiercingWail","Terror"],"picked":"Infinite Blades","floor":19},{"not_picked":["Outmaneuver+1","Dagger Spray"],"picked":"Deflect","floor":22}],"player_experience":1073146,"relics_obtained":[{"floor":6,"key":"Centennial Puzzle"},{"floor":9,"key":"Art of War"},{"floor":17,"key":"Bag of Marbles"},{"floor":17,"key":"Dodecahedron"},{"floor":17,"key":"Gambling Chip"}],"event_choices":[{"event_name":"Golden Idol","player_choice":"Take Wound","floor":4,"damage_taken":0},{"event_name":"FaceTrader","player_choice":"Trade","floor":5,"damage_taken":0},{"event_name":"Shining Light","player_choice":"Ignored","floor":8,"damage_taken":0},{"event_name":"Living Wall","player_choice":"Grow","floor":10,"damage_taken":0},{"event_name":"Match and Keep!","player_choice":"1 cards matched","floor":14,"damage_taken":0},{"event_name":"The Mausoleum","player_choice":"No","floor":21,"damage_taken":0}],"boss_relics":[{"not_picked":["Ring of the Serpent","Velvet Choker"],"picked":"Calling Bell"}],"items_purged_floors":[20],"is_endless":false,"potions_floor_spawned":[1,11,18,19],"killed_by":"Book of Stabbing","ascension_level":15}