{"gold_per_floor":[109,119,129,204,218,218,238,238,238,118,118,138,166,180,180,280,280,290,389,43,43,43,60,60,94,119,119,136,136,36,64,64,64],"floor_reached":33,"playtime":2320,"items_purged":["Strike_B","Strike_B+1"],"score":367,"play_id":"82786273-9d36-42bd-a86e-3fdf518ecb18","local_time":"20190209211741","is_ascension_mode":true,"campfire_choices":[{"data":"Dualcast","floor":6,"key":"SMITH"},{"data":"Hologram","floor":8,"key":"SMITH"},{"data":"Capacitor","floor":15,"key":"SMITH"},{"data":"Apotheosis","floor":24,"key":"SMITH"},{"floor":27,"key":"RECALL"},{"data":"BootSequence","floor":32,"key":"SMITH"}],"neow_cost":"NONE","seed_source_timestamp":2750750058093374,"circlet_count":0,"master_deck":["Strike_B+1","Defend_B+1","Defend_B+1","Defend_B+1","Defend_B+1","Zap+1","Dualcast+1","Loop","Hologram+1","All For One","Conserve Battery","Steam Power","Conserve Battery","Cold Snap","Capacitor+1","Loop","Apotheosis+1","FTL+1","Ball Lightning+1","Darkness+1","BootSequence+1"],"relics":["Cracked Core","Mango","Meat on the Bone","Coffee Dripper","Strawberry","Thread and Needle","Potion Belt","Orichalcum"],"potions_floor_usage":[13,13,16,25,33,33],"damage_taken":[{"damage":0,"enemies":"Small Slimes","floor":1,"turns":3},{"damage":1,"enemies":"Cultist","floor":2,"turns":3},{"damage":3,"enemies":"2 Louse","floor":3,"turns":3},{"damage":2,"enemies":"2 Fungi Beasts","floor":5,"turns":4},{"damage":0,"enemies":"3 Louse","floor":7,"turns":2},{"damage":1,"enemies":"Looter","floor":12,"turns":2},{"damage":13,"enemies":"Gremlin Nob","floor":13,"turns":3},{"damage":6,"enemies":"Large Slime","floor":14,"turns":5},{"damage":30,"enemies":"Slime Boss","floor":16,"turns":11},{"damage":4,"enemies":"Spheric Guardian","floor":18,"turns":3},{"damage":0,"enemies":"Chosen","floor":23,"turns":4},{"damage":27,"enemies":"Book of Stabbing","floor":25,"turns":5},{"damage":7,"enemies":"Snake Plant","floor":28,"turns":5},{"damage":29,"enemies":"Slavers","floor":31,"turns":5},{"damage":53,"enemies":"Collector","floor":33,"turns":6}],"seed_played":"-6097968477809955876","potions_obtained":[{"floor":3,"key":"Fire Potion"},{"floor":12,"key":"Poison Potion"},{"floor":13,"key":"Explosive Potion"},{"floor":16,"key":"SkillPotion"},{"floor":23,"key":"GamblersBrew"},{"floor":25,"key":"Explosive Potion"}],"is_trial":false,"path_per_floor":["M","M","M","?","M","R","M","R","T","$","?","M","E","M","R","B",null,"M","?","$","?","?","M","R","E","T","R","M","?","$","E","R","B"],"character_chosen":"DEFECT","items_purchased":["Conserve Battery","Apotheosis","Strawberry"],"campfire_rested":0,"item_purchase_floors":[10,20,20],"current_hp_per_floor":[75,74,71,60,58,58,58,58,72,72,72,71,58,52,52,34,89,85,85,92,92,92,92,92,65,65,65,58,58,58,41,41,0],"gold":64,"neow_bonus":"UPGRADE_CARD","is_prod":false,"is_daily":false,"chose_seed":false,"campfire_upgraded":5,"win_rate":0,"timestamp":1549768661,"path_taken":["M","M","M","?","M","R","M","R","T","$","?","?","E","M","R","BOSS","M","?","$","?","?","M","R","E","T","R","M","?","?","E","R","BOSS"],"build_version":"2019-02-06","purchased_purges":2,"victory":false,"max_hp_per_floor":[75,75,75,75,75,75,75,75,89,89,89,89,89,89,89,89,89,89,89,96,96,96,96,96,96,96,96,96,96,96,96,96,96],"card_choices":[{"not_picked":["Ball Lightning","Steam Power"],"picked":"Loop","floor":1},{"not_picked":["Steam","Sweeping Beam","Chaos"],"picked":"SKIP","floor":2},{"not_picked":["Streamline","Redo"],"picked":"Hologram","floor":3},{"not_picked":["Scrape","Streamline"],"picked":"All For One","floor":5},{"not_picked":["Stack","Sweeping Beam","Hello World"],"picked":"SKIP","floor":7},{"not_picked":["Hologram","Beam Cell"],"picked":"Conserve Battery","floor":12},{"not_picked":["Ball Lightning","Reboot"],"picked":"Cold Snap","floor":13},{"not_picked":["Stack","Hologram"],"picked":"Capacitor","floor":14},{"not_picked":["Leap","Sweeping Beam"],"picked":"Loop","floor":18},{"not_picked":["Compile Driver+1","Capacitor+1"],"picked":"FTL+1","floor":23},{"not_picked":["Loop","Sweeping Beam+1"],"picked":"Ball Lightning+1","floor":25},{"not_picked":["Stack","Beam Cell"],"picked":"Darkness+1","floor":28},{"not_picked":["Barrage","Rip and Tear"],"picked":"BootSequence","floor":31}],"player_experience":94257,"relics_obtained":[{"floor":9,"key":"Mango"},{"floor":13,"key":"Meat on the Bone"},{"floor":25,"key":"Thread and Needle"},{"floor":31,"key":"Orichalcum"}],"event_choices":[{"damage_healed":0,"gold_gain":75,"player_choice":"Gather Gold","damage_taken":11,"max_hp_gain":0,"max_hp_loss":0,"event_name":"World of Goop","floor":4,"gold_loss":0},{"damage_healed":0,"gold_gain":0,"cards_transformed":["Strike_B"],"player_choice":"Transformed","damage_taken":0,"max_hp_gain":0,"max_hp_loss":0,"event_name":"Transmorgrifier","floor":11,"gold_loss":0,"cards_obtained":["Steam Power"]},{"damage_healed":0,"gold_gain":99,"player_choice":"Stole From Cult","damage_taken":0,"max_hp_gain":0,"max_hp_loss":0,"event_name":"Nest","floor":19,"gold_loss":0},{"damage_healed":0,"gold_gain":0,"player_choice":"Simplicity","damage_taken":0,"max_hp_gain":0,"max_hp_loss":0,"event_name":"Back to Basics","floor":21,"gold_loss":0,"cards_upgraded":["Strike_B","Strike_B","Defend_B","Defend_B","Defend_B","Defend_B"]},{"damage_healed":0,"gold_gain":0,"player_choice":"Ignored","damage_taken":0,"max_hp_gain":0,"max_hp_loss":0,"event_name":"Vampires","floor":22,"gold_loss":0},{"damage_healed":0,"gold_gain":0,"player_choice":"Opened","damage_taken":0,"relics_obtained":["Potion Belt"],"max_hp_gain":0,"max_hp_loss":0,"event_name":"The Mausoleum","floor":29,"gold_loss":0}],"is_beta":true,"boss_relics":[{"not_picked":["Tiny House","Velvet Choker"],"picked":"Coffee Dripper"}],"items_purged_floors":[10,30],"is_endless":false,"potions_floor_spawned":[3,12,13,16,23,25],"killed_by":"Collector","ascension_level":4}