{"gold_per_floor":[116,116,116,131,56,56,390,57,81,28,53,53,53,66,66,192,192,211,211,236,335,358,358,374,415,415,415,438,438,438],"floor_reached":30,"playtime":1438,"items_purged":["Strike_B"],"score":329,"play_id":"5b9e434b-e026-4bc1-bbb3-9ecbb31ccbf0","local_time":"20180625140113","is_ascension_mode":true,"campfire_choices":[{"floor":6,"key":"REST"},{"floor":12,"key":"REST"},{"data":"Streamline","floor":15,"key":"SMITH"},{"floor":23,"key":"REST"},{"floor":27,"key":"REST"},{"floor":29,"key":"REST"}],"neow_cost":"NONE","seed_source_timestamp":65334759978606,"circlet_count":0,"master_deck":["Strike_B","Strike_B","Strike_B","Defend_B","Defend_B","Defend_B","Defend_B","Zap","Dualcast","Cold Snap","Leap","Capacitor","Ball Lightning","Cold Snap","Streamline+1","Glacier","Reboot","Glacier","Capacitor","Consume+1","Hologram+1","Redo","Barrage"],"relics":["Cracked Core","NeowsBlessing","Golden Idol","Old Coin","Cables","Regal Pillow","Question Card","Lizard Tail","Red Mask","Darkstone Periapt"],"potions_floor_usage":[16,28],"damage_taken":[{"damage":0,"enemies":"Jaw Worm","floor":1,"turns":1},{"damage":0,"enemies":"Small Slimes","floor":4,"turns":1},{"damage":0,"enemies":"3 Sentries","floor":7,"turns":1},{"damage":13,"enemies":"2 Louse","floor":11,"turns":2},{"damage":4,"enemies":"Exordium Wildlife","floor":14,"turns":2},{"damage":18,"enemies":"Slime Boss","floor":16,"turns":11},{"damage":27,"enemies":"2 Thieves","floor":18,"turns":4},{"damage":16,"enemies":"Spheric Guardian","floor":20,"turns":7},{"damage":19,"enemies":"Centurion and Healer","floor":22,"turns":14},{"damage":0,"enemies":"Snecko","floor":24,"turns":5},{"damage":47,"floor":25,"turns":6},{"damage":59,"enemies":"3 Cultists","floor":28,"turns":8},{"damage":65,"enemies":"Cultist and Chosen","floor":30,"turns":5}],"seed_played":"-231053552642012128","potions_obtained":[{"floor":4,"key":"Energy Potion"},{"floor":7,"key":"SkillPotion"},{"floor":24,"key":"SteroidPotion"},{"floor":25,"key":"GamblersBrew"},{"floor":28,"key":"SpeedPotion"}],"is_trial":false,"path_per_floor":["M","?","?","M","$","R","E","$","T","$","M","R","T","M","R","B",null,"M","?","M","?","M","R","M","?","T","R","M","R"],"character_chosen":"DEFECT","items_purchased":["Capacitor","Cables","Cold Snap"],"campfire_rested":5,"item_purchase_floors":[5,8,10],"current_hp_per_floor":[68,68,50,50,50,72,72,72,72,72,59,75,75,71,71,53,70,43,43,27,27,8,45,45,37,37,74,15,52,0],"gold":438,"neow_bonus":"THREE_ENEMY_KILL","is_prod":false,"is_daily":false,"chose_seed":false,"campfire_upgraded":1,"win_rate":0,"timestamp":1529949673,"path_taken":["M","?","?","M","$","R","E","$","T","$","M","R","?","M","R","BOSS","M","?","M","?","M","R","M","?","T","R","?","R","M"],"build_version":"2018-06-21v2","purchased_purges":1,"victory":false,"max_hp_per_floor":[75,75,75,75,75,75,75,75,75,75,75,75,75,75,75,75,75,75,75,75,75,75,75,75,75,75,75,75,75,75],"card_choices":[{"not_picked":["Streamline","Coolheaded"],"picked":"Cold Snap","floor":1},{"not_picked":["Rainbow","Redo"],"picked":"Leap","floor":4},{"not_picked":["Steam","FTL"],"picked":"Ball Lightning","floor":7},{"not_picked":["Beam Cell","Reinforced Body"],"picked":"Streamline","floor":11},{"not_picked":["Compile Driver","Genetic Algorithm","Go for the Eyes"],"picked":"Glacier","floor":14},{"not_picked":["Meteor Strike","All For One","Multi-Cast"],"picked":"Reboot","floor":16},{"not_picked":["Conserve Battery","Melter","Chaos+1"],"picked":"Glacier","floor":18},{"not_picked":["Go for the Eyes+1","Chill","Sunder"],"picked":"Capacitor","floor":20},{"not_picked":["Beam Cell","Gash","Redo"],"picked":"Consume+1","floor":22},{"not_picked":["FTL","Compile Driver","Barrage"],"picked":"Hologram+1","floor":24},{"not_picked":["Rip and Tear+1","Seek","Barrage+1"],"picked":"Redo","floor":25},{"not_picked":["Turbo+1","Leap+1","Cold Snap"],"picked":"Barrage","floor":28}],"player_experience":747236,"relics_obtained":[{"floor":7,"key":"Old Coin"},{"floor":9,"key":"Regal Pillow"},{"floor":13,"key":"Question Card"},{"floor":25,"key":"Red Mask"},{"floor":26,"key":"Darkstone Periapt"}],"event_choices":[{"event_name":"Liars Game","player_choice":"disagreed","floor":2,"damage_taken":0},{"event_name":"Golden Idol","player_choice":"Take Damage","floor":3,"damage_taken":0},{"event_name":"Vampires","player_choice":"Ignored","floor":19,"damage_taken":0},{"event_name":"Nest","player_choice":"Stole From Cult","floor":21,"damage_taken":0},{"event_name":"Masked Bandits","player_choice":"Fought over 374 gold","floor":25,"damage_taken":0}],"boss_relics":[{"not_picked":["Busted Crown","Runic Dome"],"picked":"Lizard Tail"}],"items_purged_floors":[8],"is_endless":false,"potions_floor_spawned":[4,7,24,25,28],"killed_by":"Cultist and Chosen","ascension_level":6}