{"gold_per_floor":[110,6,6,21,31,64,64,93,93,93],"floor_reached":10,"playtime":665,"items_purged":[],"score":141,"play_id":"3a4bf1ad-17da-4857-a248-d39dcefe79ac","local_time":"20190212192744","is_ascension_mode":true,"campfire_choices":[{"floor":7.0,"key":"REST"}],"neow_cost":"NONE","seed_source_timestamp":0,"circlet_count":0,"master_deck":["AscendersBane","Strike_R","Strike_R","Strike_R","Strike_R","Strike_R","Defend_R","Defend_R","Defend_R","Defend_R","Bash","Feel No Pain","Corruption","True Grit","Armaments","Disarm","Barricade","True Grit"],"special_seed":0,"relics":["Burning Blood","Ancient Tea Set","CultistMask","Anchor","Champion Belt","Dodecahedron"],"potions_floor_usage":[8],"damage_taken":[{"damage":6.0,"enemies":"Cultist","floor":1.0,"turns":3.0},{"damage":13.0,"enemies":"Small Slimes","floor":4.0,"turns":4.0},{"damage":7.0,"enemies":"2 Louse","floor":5.0,"turns":6.0},{"damage":52.0,"enemies":"Gremlin Nob","floor":6.0,"turns":6.0},{"damage":32,"enemies":"3 Sentries","floor":8,"turns":14},{"damage":12,"enemies":"Blue Slaver","floor":10,"turns":7}],"seed_played":"8004013486683082995","potions_obtained":[{"floor":4.0,"key":"Block Potion"},{"floor":6.0,"key":"Fire Potion"}],"is_trial":false,"path_per_floor":["M","$","?","M","M","E","R","E","T","M"],"character_chosen":"IRONCLAD","items_purchased":["Corruption","True Grit"],"campfire_rested":1,"item_purchase_floors":[2,2],"current_hp_per_floor":[68,68,68,61,60,14,36,10,10,0],"gold":93,"neow_bonus":"RANDOM_COMMON_RELIC","is_prod":false,"is_daily":false,"chose_seed":false,"campfire_upgraded":0,"win_rate":0,"timestamp":1550017664,"path_taken":["M","?","?","M","M","E","R","E","T","?"],"build_version":"2019-01-23","purchased_purges":0,"victory":false,"max_hp_per_floor":[75,75,75,75,75,75,75,75,75,75],"card_choices":[{"not_picked":["Twin Strike","Searing Blow"],"picked":"Feel No Pain","floor":1.0},{"not_picked":["Rage","Thunderclap"],"picked":"Armaments","floor":4.0},{"not_picked":["Havoc","Perfected Strike"],"picked":"Disarm","floor":5.0},{"not_picked":["Clash","Entrench"],"picked":"Barricade","floor":6.0},{"not_picked":["Sword Boomerang","Anger"],"picked":"True Grit","floor":8}],"player_experience":2418014,"relics_obtained":[{"floor":6.0,"key":"Anchor"},{"floor":8,"key":"Champion Belt"},{"floor":9,"key":"Dodecahedron"}],"event_choices":[{"damage_healed":0.0,"max_hp_gain":0.0,"max_hp_loss":0.0,"gold_gain":0.0,"event_name":"FaceTrader","player_choice":"Trade","floor":3.0,"gold_loss":0.0,"damage_taken":0.0,"relics_obtained":["CultistMask"]}],"is_beta":false,"boss_relics":[],"items_purged_floors":[],"is_endless":false,"potions_floor_spawned":[4,6],"killed_by":"Blue Slaver","ascension_level":17}