{"gold_per_floor":[115,126,201,25,39,39,71,71,71,89,105,30,30,61,61,152,152,177,193,193,218,168,168,211,211,265,288,32,32,68,88,88,178,178,192,210,226,226,247,247,282,282,308,333,333,233,6,6,6,6,6],"floor_reached":52,"playtime":4263,"items_purged":["Strike_G","Normality","Decay"],"score":1906,"play_id":"9ba60b6c-d45a-4441-965e-8278a03f5ef7","local_time":"20181115164617","is_ascension_mode":true,"campfire_choices":[{"data":"Dagger Spray","floor":6.0,"key":"SMITH"},{"data":"Wraith Form v2","floor":8.0,"key":"SMITH"},{"data":"Night Terror","floor":15.0,"key":"SMITH"},{"floor":23.0,"key":"REST"},{"data":"Finisher","floor":29.0,"key":"SMITH"},{"data":"Well Laid Plans","floor":32.0,"key":"SMITH"},{"floor":40.0,"key":"REST"},{"floor":42.0,"key":"REST"},{"data":"Acrobatics","floor":45.0,"key":"SMITH"},{"floor":49.0,"key":"REST"}],"neow_cost":"NONE","seed_source_timestamp":0,"circlet_count":0,"master_deck":["AscendersBane","Defend_G","Defend_G","Defend_G","Defend_G","Strike_G","Strike_G","Strike_G","Strike_G","Survivor","Neutralize+1","Noxious Fumes+1","Endless Agony","Backstab","Dash","Dagger Spray+1","Wraith Form v2+1","Crippling Poison","Cloak And Dagger","Night Terror+1","Venomology","Acrobatics+1","Finisher+1","Poisoned Stab+1","Prepared+1","Well Laid Plans+1","Dash+1","Backstab+1","Parasite","Panacea"],"special_seed":0,"relics":["Ring of the Snake","Bottled Flame","Bag of Marbles","Golden Idol","Orichalcum","Cursed Key","Enchiridion","Gremlin Horn","Potion Belt","The Courier","Busted Crown","Bag of Preparation","Bronze Scales","PreservedInsect","Shuriken"],"potions_floor_usage":[50,51],"damage_taken":[{"damage":0.0,"enemies":"2 Louse","floor":1.0,"turns":4.0},{"damage":2.0,"enemies":"Jaw Worm","floor":2.0,"turns":6.0},{"damage":0.0,"enemies":"Cultist","floor":5.0,"turns":3.0},{"damage":0.0,"enemies":"Gremlin Nob","floor":7.0,"turns":3.0},{"damage":0.0,"enemies":"3 Louse","floor":10.0,"turns":1.0},{"damage":0.0,"enemies":"Blue Slaver","floor":11.0,"turns":1.0},{"damage":8.0,"enemies":"3 Sentries","floor":14.0,"turns":5.0},{"damage":15.0,"enemies":"Hexaghost","floor":16.0,"turns":10.0},{"damage":3.0,"enemies":"Chosen","floor":18.0,"turns":4.0},{"damage":0.0,"enemies":"3 Byrds","floor":19.0,"turns":3.0},{"damage":0.0,"enemies":"Centurion and Healer","floor":21.0,"turns":8.0},{"damage":0.0,"enemies":"Gremlin Leader","floor":24.0,"turns":6.0},{"damage":5.0,"enemies":"Sentry and Sphere","floor":27.0,"turns":3.0},{"damage":0.0,"enemies":"Slavers","floor":30.0,"turns":4.0},{"damage":0.0,"enemies":"Snake Plant","floor":31.0,"turns":3.0},{"damage":37.0,"enemies":"Automaton","floor":33.0,"turns":11.0},{"damage":0.0,"enemies":"Orb Walker","floor":35.0,"turns":1.0},{"damage":4.0,"enemies":"3 Shapes","floor":36.0,"turns":7.0},{"damage":25.0,"enemies":"Maw","floor":37.0,"turns":7.0},{"damage":4.0,"enemies":"Sphere and 2 Shapes","floor":39.0,"turns":6.0},{"damage":3.0,"enemies":"Giant Head","floor":41.0,"turns":11.0},{"damage":18,"enemies":"Donu and Deca","floor":50,"turns":12},{"damage":33,"enemies":"Time Eater","floor":51,"turns":14}],"seed_played":"6667616858016946186","potions_obtained":[{"floor":1.0,"key":"Fire Potion"},{"floor":7.0,"key":"Regen Potion"},{"floor":19.0,"key":"AttackPotion"},{"floor":24.0,"key":"Poison Potion"},{"floor":33.0,"key":"Explosive Potion"}],"is_trial":false,"path_per_floor":["M","M","?","$","M","R","E","R","T","M","M","$","?","E","R","B",null,"M","M","?","M","?","R","E","$","T","M","$","R","E","M","R","B",null,"M","M","M","?","M","R","E","R","T","T","R","$","$","?","R","B","B",null],"character_chosen":"THE_SILENT","items_purchased":["Backstab","Dash","AttackPotion","GhostInAJar","GhostInAJar","Shuriken"],"campfire_rested":4,"item_purchase_floors":[4,4,4,28,28,47],"current_hp_per_floor":[59,57,46,46,46,46,46,46,46,46,46,46,46,53,53,38,55,52,52,31,31,31,49,49,49,49,44,44,44,44,44,44,7,47,47,43,18,18,14,32,29,47,47,47,47,47,47,47,60,42,9],"gold":6,"neow_bonus":"UPGRADE_CARD","is_prod":false,"is_daily":false,"chose_seed":false,"campfire_upgraded":6,"win_rate":0,"timestamp":1542296777,"path_taken":["M","M","?","?","?","R","E","R","T","M","M","$","?","E","R","BOSS","M","M","?","M","?","R","E","$","T","M","$","R","E","M","R","BOSS","M","?","M","?","M","R","E","R","T","?","R","?","$","?","R","BOSS","BOSS"],"build_version":"2018-11-08","purchased_purges":3,"victory":true,"max_hp_per_floor":[66,66,66,66,66,66,66,66,66,66,66,66,60,60,60,60,60,60,60,60,60,60,60,60,60,60,60,60,60,60,60,60,60,60,60,60,60,60,60,60,60,60,60,60,60,60,60,60,60,60,60],"card_choices":[{"not_picked":["Leg Sweep","Bane"],"picked":"Noxious Fumes","floor":1.0},{"not_picked":["Tactician","Quick Slash"],"picked":"Endless Agony","floor":2.0},{"not_picked":["Backflip","Dagger Throw"],"picked":"Dagger Spray","floor":5.0},{"not_picked":["All Out Attack","Calculated Gamble"],"picked":"Wraith Form v2","floor":7.0},{"not_picked":["Dagger Throw","Setup"],"picked":"Crippling Poison","floor":10.0},{"not_picked":["Blade Dance","Escape Plan"],"picked":"Cloak And Dagger","floor":11.0},{"not_picked":["PiercingWail","Backflip"],"picked":"Night Terror","floor":14.0},{"not_picked":["Night Terror","Bullet Time"],"picked":"Venomology","floor":16.0},{"not_picked":["Prepared","Setup"],"picked":"Acrobatics","floor":18.0},{"not_picked":["Quick Slash","Dagger Throw"],"picked":"Finisher","floor":19.0},{"not_picked":["Flechettes","Endless Agony"],"picked":"Poisoned Stab+1","floor":21.0},{"not_picked":["Unload","Masterful Stab"],"picked":"Prepared+1","floor":24.0},{"not_picked":["Blade Dance","Dagger Throw","Underhanded Strike"],"picked":"SKIP","floor":27.0},{"not_picked":["Outmaneuver","Dodge and Roll"],"picked":"Well Laid Plans","floor":30.0},{"not_picked":["Outmaneuver","Skewer+1","Acrobatics"],"picked":"SKIP","floor":31.0},{"not_picked":["Blade Dance"],"picked":"SKIP","floor":35.0},{"not_picked":[],"picked":"Dash+1","floor":36.0},{"not_picked":[],"picked":"Backstab+1","floor":37.0},{"not_picked":["Dagger Throw"],"picked":"SKIP","floor":39.0},{"not_picked":["Deflect"],"picked":"SKIP","floor":41.0},{"not_picked":[],"picked":"Panacea","floor":48.0}],"player_experience":1710927,"relics_obtained":[{"floor":7.0,"key":"Bottled Flame"},{"floor":9.0,"key":"Bag of Marbles"},{"floor":14.0,"key":"Orichalcum"},{"floor":20.0,"key":"Enchiridion"},{"floor":24.0,"key":"Gremlin Horn"},{"floor":26.0,"key":"Potion Belt"},{"floor":30.0,"key":"The Courier"},{"floor":41.0,"key":"Bag of Preparation"},{"floor":43.0,"key":"Bronze Scales"},{"floor":44.0,"key":"PreservedInsect"}],"event_choices":[{"damage_healed":0.0,"max_hp_gain":0.0,"max_hp_loss":0.0,"gold_gain":75.0,"event_name":"World of Goop","player_choice":"Gather Gold","floor":3.0,"gold_loss":0.0,"damage_taken":11.0},{"damage_healed":0.0,"max_hp_gain":0.0,"max_hp_loss":6.0,"gold_gain":0.0,"event_name":"Golden Idol","player_choice":"Lose Max HP","floor":13.0,"gold_loss":0.0,"damage_taken":0.0,"relics_obtained":["Golden Idol"]},{"damage_healed":0.0,"max_hp_gain":0.0,"max_hp_loss":0.0,"gold_gain":0.0,"event_name":"Cursed Tome","player_choice":"Obtained Book","floor":20.0,"gold_loss":0.0,"damage_taken":21.0},{"damage_healed":0.0,"max_hp_gain":0.0,"max_hp_loss":0.0,"gold_gain":0.0,"event_name":"Designer","player_choice":"Upgrade","floor":22.0,"gold_loss":50.0,"damage_taken":0.0,"cards_upgraded":["Noxious Fumes"]},{"cards_removed":["Defend_G"],"damage_healed":0.0,"max_hp_gain":0.0,"max_hp_loss":0.0,"gold_gain":0.0,"event_name":"Falling","player_choice":"Removed Skill","floor":38.0,"gold_loss":0.0,"damage_taken":0.0},{"damage_healed":0.0,"max_hp_gain":0.0,"max_hp_loss":0.0,"gold_gain":0.0,"event_name":"SensoryStone","player_choice":"Memory 1","floor":48.0,"gold_loss":0.0,"damage_taken":0.0}],"is_beta":false,"boss_relics":[{"not_picked":["Ring of the Serpent","Ectoplasm"],"picked":"Cursed Key"},{"not_picked":["Eternal Feather","Lizard Tail"],"picked":"Busted Crown"}],"items_purged_floors":[12,28,46],"is_endless":false,"potions_floor_spawned":[1,7,11,19,24,33,36,41],"ascension_level":20}