{"gold_per_floor":[219,219,233,36,46,46,121,121,121,135,166,185,110,125,125,230,230,242,90,122,141,141],"floor_reached":22,"playtime":1142,"items_purged":["Strike_R","Injury"],"score":242,"play_id":"d1ed970e-9107-4b09-8f8a-65b914a19216","local_time":"20180715184034","is_ascension_mode":true,"campfire_choices":[{"data":"Flame Barrier","floor":8,"key":"SMITH"},{"floor":15,"key":"REST"}],"neow_cost":"NONE","seed_source_timestamp":157783046413625,"circlet_count":0,"master_deck":["Strike_R","Strike_R","Strike_R","Strike_R","Defend_R+1","Defend_R+1","Defend_R","Bash+1","Flame Barrier+1","Blood for Blood","Havoc","Infernal Blade","Disarm","Cleave","Fiend Fire","Spot Weakness","Shrug It Off","Clothesline+1","Sever Soul"],"relics":["Burning Blood","Lee\u0027s Waffle","Meat on the Bone","War Paint","Mark of Pain","Red Mask"],"potions_floor_usage":[11,14,16,22],"damage_taken":[{"damage":6,"enemies":"2 Louse","floor":1,"turns":4},{"damage":4,"enemies":"Jaw Worm","floor":3,"turns":4},{"damage":7,"enemies":"Small Slimes","floor":5,"turns":4},{"damage":17,"enemies":"3 Louse","floor":10,"turns":4},{"damage":42,"enemies":"Lagavulin","floor":11,"turns":8},{"damage":0,"enemies":"Blue Slaver","floor":12,"turns":5},{"damage":14,"enemies":"Red Slaver","floor":14,"turns":5},{"damage":54,"enemies":"Hexaghost","floor":16,"turns":11},{"damage":51,"enemies":"3 Byrds","floor":18,"turns":6},{"damage":30,"floor":20,"turns":5},{"damage":27,"enemies":"Spheric Guardian","floor":21,"turns":4},{"damage":24,"enemies":"Snake Plant","floor":22,"turns":4}],"seed_played":"-1977794666539235031","potions_obtained":[{"floor":1,"key":"SteroidPotion"},{"floor":11,"key":"FearPotion"},{"floor":12,"key":"FearPotion"},{"floor":21,"key":"Block Potion"}],"is_trial":false,"path_per_floor":["M","?","M","$","M","?","?","R","T","M","E","M","$","M","R","B",null,"M","$","?","M"],"character_chosen":"IRONCLAD","items_purchased":["Lee\u0027s Waffle","Shrug It Off"],"campfire_rested":1,"item_purchase_floors":[4,19],"current_hp_per_floor":[72,65,67,87,86,86,75,75,75,64,40,58,58,50,76,44,76,43,43,31,22,0],"gold":141,"neow_bonus":"HUNDRED_GOLD","is_prod":false,"is_daily":false,"chose_seed":false,"campfire_upgraded":1,"win_rate":0,"timestamp":1531694434,"path_taken":["M","?","M","$","M","?","?","R","T","M","E","M","$","M","R","BOSS","M","$","?","M","M"],"build_version":"2018-07-12","purchased_purges":2,"victory":false,"max_hp_per_floor":[80,80,80,87,87,87,87,87,87,87,87,87,87,87,87,87,87,87,87,87,87,87],"card_choices":[{"not_picked":["Wild Strike","Clash"],"picked":"Flame Barrier","floor":1},{"not_picked":["Bloodletting","Twin Strike","Armaments"],"picked":"SKIP","floor":3},{"not_picked":["Wild Strike","Corruption"],"picked":"Blood for Blood","floor":5},{"not_picked":["Dual Wield","Second Wind"],"picked":"Havoc","floor":10},{"not_picked":["Headbutt","Intimidate"],"picked":"Infernal Blade","floor":11},{"not_picked":["Body Slam","Metallicize"],"picked":"Disarm","floor":12},{"not_picked":["Bloodletting","Warcry"],"picked":"Cleave","floor":14},{"not_picked":["Dark Embrace","Limit Break"],"picked":"Fiend Fire","floor":16},{"not_picked":["Wild Strike","Headbutt"],"picked":"Spot Weakness","floor":18},{"not_picked":["Fire Breathing+1","Havoc"],"picked":"Clothesline+1","floor":20},{"not_picked":["Armaments","Pommel Strike+1"],"picked":"Sever Soul","floor":21}],"player_experience":1127497,"relics_obtained":[{"floor":9,"key":"Meat on the Bone"},{"floor":11,"key":"War Paint"},{"floor":20,"key":"Red Mask"}],"event_choices":[{"event_name":"Golden Wing","player_choice":"Card Removal","floor":2,"damage_taken":0},{"event_name":"Accursed Blacksmith","player_choice":"Forge","floor":6,"damage_taken":0},{"event_name":"World of Goop","player_choice":"Gather Gold","floor":7,"damage_taken":0},{"event_name":"Masked Bandits","player_choice":"Fought over 90 gold","floor":20,"damage_taken":0}],"boss_relics":[{"not_picked":["Calling Bell","Runic Cube"],"picked":"Mark of Pain"}],"items_purged_floors":[13,19],"is_endless":false,"potions_floor_spawned":[1,11,12,21],"killed_by":"Snake Plant","ascension_level":6}