{"gold_per_floor":[216,236,411,426,501,501,512,512,512,529,529,98,98,25,25,120,120,131,131,49,61,80,80,96,108,108,108,108,134,149,161,161,258,258,273,289,214,232,247,247,247,264,264,59,59,59,59,37,37,37],"floor_reached":51,"playtime":2161,"items_purged":["Doubt"],"score":684,"play_id":"75372447-50f6-4a70-bbe3-b1bdde1b1f5a","local_time":"20190207020101","is_ascension_mode":false,"campfire_choices":[{"data":"Zap","floor":6,"key":"SMITH"},{"data":"Go for the Eyes","floor":8,"key":"SMITH"},{"data":"White Noise","floor":13,"key":"SMITH"},{"data":"Dualcast","floor":15,"key":"SMITH"},{"data":"Fission","floor":23,"key":"SMITH"},{"floor":32,"key":"REST"},{"floor":40,"key":"REST"},{"floor":47,"key":"REST"},{"floor":49,"key":"REST"}],"neow_cost":"NONE","seed_source_timestamp":2874524311891,"circlet_count":0,"master_deck":["Strike_B","Strike_B","Strike_B","Strike_B","Defend_B","Defend_B","Zap+1","Dualcast+1","Cold Snap","Conserve Battery","Go for the Eyes+1","Coolheaded","Cold Snap","Capacitor+1","White Noise+1","Heatsinks+1","Fission+1","Necronomicurse","Loop+1","Stack+1","Fusion","Reinforced Body+1","Hello World+1","Cold Snap+1","Go for the Eyes","Self Repair+1","Creative AI+1","Compile Driver+1","Tempest+1","Hello World+1","Tempest+1","Steam Power","Self Repair+1","Ball Lightning"],"relics":["Cracked Core","Torii","Meat on the Bone","Frozen Egg 2","Nuclear Battery","Necronomicon","Calipers","Bag of Marbles","Fusion Hammer","The Courier","Mummified Hand","Pear"],"potions_floor_usage":[10,16,25,29,33,50],"damage_taken":[{"damage":6,"enemies":"Jaw Worm","floor":1,"turns":4},{"damage":0,"enemies":"Small Slimes","floor":2,"turns":4},{"damage":0,"enemies":"Cultist","floor":4,"turns":3},{"damage":0,"enemies":"Large Slime","floor":7,"turns":5},{"damage":3,"enemies":"Gremlin Gang","floor":10,"turns":5},{"damage":8,"enemies":"Slime Boss","floor":16,"turns":21},{"damage":2,"enemies":"Shell Parasite","floor":18,"turns":8},{"damage":0,"enemies":"Chosen","floor":21,"turns":7},{"damage":16,"enemies":"Centurion and Healer","floor":22,"turns":9},{"damage":0,"enemies":"Snecko","floor":24,"turns":6},{"damage":38,"enemies":"Cultist and Chosen","floor":25,"turns":9},{"damage":1,"enemies":"Book of Stabbing","floor":29,"turns":5},{"damage":15,"enemies":"Snake Plant","floor":30,"turns":6},{"damage":0,"enemies":"Centurion and Healer","floor":31,"turns":6},{"damage":7,"enemies":"Automaton","floor":33,"turns":13},{"damage":9,"enemies":"3 Shapes","floor":35,"turns":5},{"damage":1,"enemies":"Orb Walker","floor":36,"turns":4},{"damage":17,"enemies":"3 Darklings","floor":38,"turns":5},{"damage":27,"enemies":"Jaw Worm Horde","floor":39,"turns":3},{"damage":12,"enemies":"Spire Growth","floor":42,"turns":4},{"damage":57,"enemies":"Awakened One","floor":50,"turns":16}],"seed_played":"-6777588054329873736","potions_obtained":[{"floor":1,"key":"Swift Potion"},{"floor":2,"key":"EssenceOfSteel"},{"floor":16,"key":"PowerPotion"},{"floor":18,"key":"Block Potion"},{"floor":22,"key":"FocusPotion"},{"floor":29,"key":"FearPotion"},{"floor":30,"key":"FairyPotion"},{"floor":38,"key":"SpeedPotion"}],"is_trial":false,"path_per_floor":["M","M","?","M","?","R","M","R","T","M","?","$","R","$","R","B",null,"M","?","$","M","M","R","M","M","T","?","$","E","M","M","R","B",null,"M","M","$","M","M","R","?","M","T","$","?","T","R","$","R","B",null],"character_chosen":"DEFECT","items_purchased":["Frozen Egg 2","Capacitor+1","White Noise","Heatsinks+1","Loop+1","Hello World+1","Mummified Hand","Ball Lightning"],"campfire_rested":4,"item_purchase_floors":[12,12,12,14,20,37,44,48],"current_hp_per_floor":[69,69,69,69,58,58,58,58,58,55,48,48,48,48,48,40,75,73,57,57,57,41,41,41,15,15,15,15,26,23,35,57,60,75,75,74,74,67,50,72,72,70,70,70,70,80,85,85,85,50],"gold":37,"neow_bonus":"HUNDRED_GOLD","is_prod":false,"is_daily":false,"chose_seed":false,"campfire_upgraded":5,"win_rate":0,"timestamp":1549526461,"path_taken":["M","M","?","M","?","R","M","R","T","M","?","$","R","?","R","BOSS","M","?","$","M","M","R","M","M","T","?","$","E","M","M","R","BOSS","M","M","$","M","M","R","?","?","T","?","?","?","R","$","R","BOSS"],"build_version":"2019-01-23","purchased_purges":1,"victory":true,"max_hp_per_floor":[75,75,75,75,75,75,75,75,75,75,75,75,75,75,75,75,75,75,75,75,75,75,75,75,75,75,75,75,75,75,75,75,75,75,75,75,75,75,75,75,75,75,75,75,75,85,85,85,85,85],"card_choices":[{"not_picked":["Scrape","Streamline"],"picked":"Cold Snap","floor":1},{"not_picked":["Scrape","Chaos"],"picked":"Conserve Battery","floor":2},{"not_picked":["Redo","Rebound"],"picked":"Go for the Eyes","floor":4},{"not_picked":["Turbo","Rip and Tear"],"picked":"Coolheaded","floor":7},{"not_picked":["Sunder","Streamline"],"picked":"Cold Snap","floor":10},{"not_picked":["Core Surge","Reboot"],"picked":"Fission","floor":16},{"not_picked":["Gash+1","Steam","Streamline+1"],"picked":"SKIP","floor":18},{"not_picked":["Steam","Turbo","Stack"],"picked":"SKIP","floor":21},{"not_picked":["Blizzard","Gash"],"picked":"Stack+1","floor":22},{"not_picked":["Multi-Cast","Sweeping Beam"],"picked":"Fusion","floor":24},{"not_picked":["Turbo+1","Rebound+1","Barrage"],"picked":"SKIP","floor":25},{"not_picked":["Gash","Rebound"],"picked":"Cold Snap+1","floor":29},{"not_picked":["Stack","Chaos"],"picked":"Go for the Eyes","floor":30},{"not_picked":["Melter","Rainbow"],"picked":"Self Repair+1","floor":31},{"not_picked":["Biased Cognition+1","Core Surge"],"picked":"Creative AI+1","floor":33},{"not_picked":["Hologram","Leap+1"],"picked":"Compile Driver+1","floor":35},{"not_picked":["Steam+1","Fusion"],"picked":"Tempest+1","floor":36},{"not_picked":["Rebound","Double Energy+1"],"picked":"Tempest+1","floor":38},{"not_picked":["Rebound+1","Go for the Eyes+1"],"picked":"Steam Power","floor":39},{"not_picked":["Steam Power+1","Barrage+1"],"picked":"Self Repair+1","floor":42}],"player_experience":761780,"relics_obtained":[{"floor":9,"key":"Torii"},{"floor":19,"key":"Necronomicon"},{"floor":26,"key":"Calipers"},{"floor":29,"key":"Bag of Marbles"},{"floor":43,"key":"The Courier"},{"floor":46,"key":"Pear"}],"event_choices":[{"damage_healed":0,"gold_gain":175,"player_choice":"AGREE","damage_taken":0,"max_hp_gain":0,"max_hp_loss":0,"event_name":"Liars Game","floor":3,"gold_loss":0,"cards_obtained":["Doubt"]},{"damage_healed":0,"gold_gain":75,"player_choice":"Gather Gold","damage_taken":11,"max_hp_gain":0,"max_hp_loss":0,"event_name":"World of Goop","floor":5,"gold_loss":0},{"damage_healed":0,"gold_gain":0,"player_choice":"Success","damage_taken":7,"relics_obtained":["Meat on the Bone"],"max_hp_gain":0,"max_hp_loss":0,"event_name":"Scrap Ooze","floor":11,"gold_loss":0},{"damage_healed":0,"gold_gain":0,"player_choice":"Obtained Book","damage_taken":16,"max_hp_gain":0,"max_hp_loss":0,"event_name":"Cursed Tome","floor":19,"gold_loss":0},{"damage_healed":0,"gold_gain":0,"cards_transformed":["Defend_B","Defend_B"],"player_choice":"Became Test Subject","damage_taken":0,"max_hp_gain":0,"max_hp_loss":0,"event_name":"Drug Dealer","floor":27,"gold_loss":0,"cards_obtained":["Reinforced Body","Hello World"]},{"damage_healed":0,"gold_gain":0,"player_choice":"Upgraded","damage_taken":0,"max_hp_gain":0,"max_hp_loss":0,"event_name":"Upgrade Shrine","floor":41,"gold_loss":0,"cards_upgraded":["Reinforced Body"]},{"damage_healed":0,"gold_gain":0,"player_choice":"Ignored","damage_taken":0,"max_hp_gain":0,"max_hp_loss":0,"event_name":"Tomb of Lord Red Mask","floor":45,"gold_loss":0}],"is_beta":false,"boss_relics":[{"not_picked":["White Beast Statue","Lizard Tail"],"picked":"Nuclear Battery"},{"not_picked":["Astrolabe","FrozenCore"],"picked":"Fusion Hammer"}],"items_purged_floors":[12],"is_endless":false,"potions_floor_spawned":[1,2,16,18,22,29,30,38,39],"ascension_level":0}