{"path_per_floor":["M","$","M","M","M","E","R","M","T","M","R","M","?","M","R","B",null,"M","?","$","M","M"],"character_chosen":"IRONCLAD","items_purchased":["Blood for Blood","Shuriken","Metallicize","Block Potion"],"gold_per_floor":[112,35,51,64,74,108,108,120,120,139,139,159,159,183,183,304,304,244,334,2,22,35,35],"floor_reached":23,"campfire_rested":2,"playtime":1968,"current_hp_per_floor":[80,80,80,80,60,41,65,59,69,75,75,68,68,62,89,37,90,90,66,66,44,21,0],"items_purged":[],"gold":35,"score":195,"play_id":"07377d10-3698-4d50-8379-1abffbf83398","local_time":"20180521140622","is_prod":false,"is_daily":false,"chose_seed":false,"is_ascension_mode":false,"campfire_upgraded":1,"timestamp":1526925982,"campfire_choices":[{"floor":7,"key":"REST"},{"data":"Blood for Blood","floor":11,"key":"SMITH"},{"floor":15,"key":"REST"}],"path_taken":["M","$","M","M","M","E","R","M","T","M","R","M","?","M","R","BOSS","M","?","$","M","M","E"],"build_version":"2018-05-17","seed_source_timestamp":36931082079064,"purchased_purges":0,"victory":false,"master_deck":["Strike_R","Strike_R","Strike_R","Strike_R","Strike_R","Defend_R","Defend_R","Defend_R","Defend_R","Bash+1","Evolve","Blood for Blood+1","Ghostly Armor","Spot Weakness","Thunderclap","Headbutt","Whirlwind","Pommel Strike","Cleave","Injury","Pummel","Barricade","Iron Wave","Cleave","Armaments","Clothesline","Body Slam","Perfected Strike","Madness","Metallicize","Infernal Blade","Anger"],"max_hp_per_floor":[80,80,80,80,80,80,80,80,90,90,90,90,90,90,90,90,90,90,90,90,90,90,90],"relics":["Burning Blood","Anchor","Pear","Golden Idol","Orrery","Shuriken"],"card_choices":[{"not_picked":["Clash","True Grit"],"picked":"Evolve","floor":1},{"not_picked":["Shrug It Off","Disarm"],"picked":"Ghostly Armor","floor":3},{"not_picked":["Shrug It Off","Battle Trance"],"picked":"Spot Weakness","floor":4},{"not_picked":["Ghostly Armor","Spot Weakness"],"picked":"Thunderclap","floor":5},{"not_picked":["Seeing Red","Feel No Pain"],"picked":"Headbutt","floor":6},{"not_picked":["Flex","Intimidate"],"picked":"Whirlwind","floor":8},{"not_picked":["Headbutt","Heavy Blade"],"picked":"Pommel Strike","floor":10},{"not_picked":["Infernal Blade","Headbutt"],"picked":"Cleave","floor":12},{"not_picked":["Shrug It Off","Rupture"],"picked":"Pummel","floor":14},{"not_picked":["Fiend Fire","Immolate"],"picked":"Barricade","floor":16},{"not_picked":["Hemokinesis","Twin Strike"],"picked":"Iron Wave","floor":17},{"not_picked":["Warcry","Pommel Strike"],"picked":"Cleave","floor":17},{"not_picked":["Second Wind","Body Slam"],"picked":"Armaments","floor":17},{"not_picked":["Evolve","Pommel Strike"],"picked":"Clothesline","floor":17},{"not_picked":["Searing Blow","Cleave"],"picked":"Body Slam","floor":17},{"not_picked":["Armaments","Clash"],"picked":"Perfected Strike","floor":18},{"not_picked":["Sever Soul+1","Clothesline"],"picked":"Infernal Blade","floor":21},{"not_picked":["Sword Boomerang","Wild Strike"],"picked":"Anger","floor":22}],"player_experience":30914,"potions_floor_usage":[16,16,16,22,22],"damage_taken":[{"damage":0,"enemies":"Small Slimes","floor":1,"turns":3},{"damage":2,"enemies":"2 Louse","floor":3,"turns":3},{"damage":1,"enemies":"Cultist","floor":4,"turns":3},{"damage":26,"enemies":"Gremlin Gang","floor":5,"turns":5},{"damage":25,"enemies":"3 Sentries","floor":6,"turns":7},{"damage":12,"enemies":"Blue Slaver","floor":8,"turns":4},{"damage":0,"enemies":"Large Slime","floor":10,"turns":6},{"damage":13,"enemies":"Lots of Slimes","floor":12,"turns":3},{"damage":12,"enemies":"Blue Slaver","floor":14,"turns":3},{"damage":58,"enemies":"The Guardian","floor":16,"turns":10},{"damage":3,"enemies":"2 Thieves","floor":18,"turns":4},{"damage":28,"enemies":"Chosen","floor":21,"turns":5},{"damage":29,"enemies":"Snake Plant","floor":22,"turns":6},{"damage":30,"enemies":"Slavers","floor":23,"turns":3}],"relics_obtained":[{"floor":6,"key":"Anchor"},{"floor":9,"key":"Pear"}],"event_choices":[{"event_name":"Golden Idol","player_choice":"Take Wound","floor":13,"damage_taken":0},{"event_name":"Knowing Skull","player_choice":"GOLD CARD ","floor":19,"damage_taken":0}],"boss_relics":[{"not_picked":["Runic Dome","Ectoplasm"],"picked":"Orrery"}],"potions_floor_spawned":[4,6,12,14,16],"seed_played":"-4256294370214903940","killed_by":"Slavers","ascension_level":0,"potions_obtained":[{"floor":4,"key":"Dexterity Potion"},{"floor":6,"key":"Poison Potion"},{"floor":12,"key":"Weak Potion"},{"floor":16,"key":"SkillPotion"}],"is_trial":false}