{"path_per_floor":["M","M","$","?","?","E","R","M","T","M","R","M","?","M","R","B",null,"M","M","M","?","?","R","$","R","T","$","?","$","M","T","R"],"character_chosen":"IRONCLAD","items_purchased":["Armaments","Torii","Perfected Strike","Panacea"],"gold_per_floor":[361,375,16,16,16,51,51,67,137,157,157,174,130,145,145,248,248,260,274,289,315,230,230,10,10,10,10,10,10,21,96,96,96],"floor_reached":33,"campfire_rested":2,"playtime":1352,"item_purchase_floors":[3,3,24,24],"current_hp_per_floor":[72,72,72,72,72,66,66,72,72,72,72,72,72,72,72,35,72,72,72,66,50,50,71,71,71,71,71,58,58,40,40,63,0],"items_purged":["Defend_R"],"gold":96,"score":282,"play_id":"b84a75de-e6ea-47c1-be1b-8f549e65c598","local_time":"20180611102053","is_prod":false,"is_daily":false,"chose_seed":false,"is_ascension_mode":true,"campfire_upgraded":4,"win_rate":0,"timestamp":1528726853,"campfire_choices":[{"data":"Armaments","floor":7,"key":"SMITH"},{"data":"Inflame","floor":11,"key":"SMITH"},{"data":"Perfected Strike","floor":15,"key":"SMITH"},{"floor":23,"key":"REST"},{"data":"Limit Break","floor":25,"key":"SMITH"},{"floor":32,"key":"REST"}],"path_taken":["M","M","?","?","?","E","R","M","T","?","R","M","?","M","R","BOSS","M","M","?","?","?","R","$","R","T","?","?","$","?","?","R","BOSS"],"build_version":"2018-06-07v3","seed_source_timestamp":399835871493720,"purchased_purges":1,"victory":false,"master_deck":["Strike_R","Strike_R","Strike_R","Strike_R","Strike_R","Defend_R","Defend_R","Defend_R+1","Bash","Perfected Strike+1","Twin Strike","Armaments+1","Inflame+1","Pommel Strike","Perfected Strike+1","Whirlwind","Limit Break+1","Shrug It Off+1","Wild Strike","Wild Strike","Power Through+1","Perfected Strike","Panacea","Pommel Strike"],"max_hp_per_floor":[72,72,72,72,72,72,72,72,72,72,72,72,72,72,72,72,72,72,72,72,72,72,72,72,72,72,72,77,77,77,77,77,77],"relics":["Burning Blood","Torii","Anchor","Self Forming Clay","Velvet Choker","Red Mask","War Paint","Shuriken","Ornamental Fan"],"card_choices":[{"not_picked":["Metallicize","Thunderclap"],"picked":"Perfected Strike","floor":1},{"not_picked":["Whirlwind","Sword Boomerang"],"picked":"Twin Strike","floor":2},{"not_picked":["Dropkick","Feel No Pain"],"picked":"Inflame","floor":6},{"not_picked":["Sever Soul","Clothesline","Juggernaut"],"picked":"SKIP","floor":8},{"not_picked":["Sword Boomerang","Heavy Blade"],"picked":"Pommel Strike","floor":10},{"not_picked":["Thunderclap","Evolve"],"picked":"Perfected Strike","floor":12},{"not_picked":["Shrug It Off","Entrench"],"picked":"Whirlwind","floor":14},{"not_picked":["Barricade","Juggernaut"],"picked":"Limit Break","floor":16},{"not_picked":["Iron Wave","Carnage+1"],"picked":"Shrug It Off+1","floor":18},{"not_picked":["Havoc","Carnage+1"],"picked":"Wild Strike","floor":19},{"not_picked":["Fire Breathing","Burning Pact"],"picked":"Wild Strike","floor":20},{"not_picked":["Ghostly Armor","Bloodletting+1"],"picked":"Power Through","floor":21},{"not_picked":["Anger","Heavy Blade"],"picked":"Pommel Strike","floor":30}],"player_experience":474618,"potions_floor_usage":[16,16,20],"damage_taken":[{"damage":6,"enemies":"Cultist","floor":1,"turns":4},{"damage":0,"enemies":"Small Slimes","floor":2,"turns":3},{"damage":12,"enemies":"3 Sentries","floor":6,"turns":7},{"damage":0,"enemies":"2 Louse","floor":8,"turns":2},{"damage":0,"enemies":"Large Slime","floor":10,"turns":2},{"damage":1,"enemies":"Gremlin Gang","floor":12,"turns":5},{"damage":1,"enemies":"Red Slaver","floor":14,"turns":3},{"damage":43,"enemies":"Hexaghost","floor":16,"turns":9},{"damage":0,"enemies":"Chosen","floor":18,"turns":4},{"damage":6,"enemies":"3 Byrds","floor":19,"turns":5},{"damage":12,"enemies":"Sentry and Sphere","floor":20,"turns":4},{"damage":22,"floor":21,"turns":3},{"damage":24,"enemies":"Snake Plant","floor":30,"turns":4},{"damage":85,"enemies":"Automaton","floor":33,"turns":8}],"relics_obtained":[{"floor":6,"key":"Anchor"},{"floor":9,"key":"Self Forming Clay"},{"floor":21,"key":"Red Mask"},{"floor":26,"key":"Shuriken"},{"floor":31,"key":"Ornamental Fan"}],"event_choices":[{"event_name":"The Cleric","player_choice":"Leave","floor":4,"damage_taken":0},{"event_name":"Upgrade Shrine","player_choice":"Upgraded","floor":5,"damage_taken":0},{"event_name":"World of Goop","player_choice":"Left","floor":13,"damage_taken":0},{"event_name":"Masked Bandits","player_choice":"Fought over 289 gold","floor":21,"damage_taken":0},{"event_name":"Addict","player_choice":"Obtained Relic","floor":22,"damage_taken":0},{"event_name":"Forgotten Altar","player_choice":"Shed Blood","floor":28,"damage_taken":0}],"boss_relics":[{"not_picked":["Philosopher\u0027s Stone","Pandora\u0027s Box"],"picked":"Velvet Choker"}],"items_purged_floors":[24],"potions_floor_spawned":[1,8,10,14,18,20],"seed_played":"1968439941425100590","killed_by":"Automaton","ascension_level":3,"potions_obtained":[{"floor":1,"key":"Strength Potion"},{"floor":8,"key":"FairyPotion"},{"floor":10,"key":"SpeedPotion"},{"floor":18,"key":"SkillPotion"},{"floor":20,"key":"FearPotion"}],"is_trial":false}