{"path_per_floor":["M","$","?","?","M","$","R","$","T","E","R","?","M","M","R"],"character_chosen":"IRONCLAD","items_purchased":["Feel No Pain","Thunderclap"],"gold_per_floor":[113,45,145,145,159,30,30,30,53,87,87,37,48,58,58,58],"floor_reached":16,"campfire_rested":1,"playtime":750,"item_purchase_floors":[2,6],"current_hp_per_floor":[80,80,80,80,76,76,76,76,76,41,65,65,71,67,67,0],"items_purged":["Strike_R"],"gold":58,"score":98,"play_id":"e1320460-d366-4e61-93b1-44c815df8d2c","local_time":"20180612174125","is_prod":false,"is_daily":false,"chose_seed":false,"is_ascension_mode":false,"campfire_upgraded":2,"win_rate":0,"timestamp":1528839685,"campfire_choices":[{"data":"Burning Pact","floor":7,"key":"SMITH"},{"floor":11,"key":"REST"},{"data":"Seeing Red","floor":15,"key":"SMITH"}],"path_taken":["M","$","?","?","M","$","R","$","T","E","R","?","?","M","R","BOSS"],"build_version":"2018-06-07v3","seed_source_timestamp":513259618328085,"purchased_purges":1,"victory":false,"master_deck":["Strike_R","Strike_R","Strike_R","Defend_R","Defend_R","Defend_R","Bash","Dropkick","Feel No Pain","Burning Pact+1","Thunderclap","Exhume","Flex","Seeing Red+1"],"max_hp_per_floor":[80,80,80,80,80,80,80,80,80,80,80,80,80,80,80,80],"relics":["Burning Blood","Art of War","Smiling Mask"],"card_choices":[{"not_picked":["Sword Boomerang","Hemokinesis","Reckless Charge"],"picked":"SKIP","floor":1},{"not_picked":["Inflame","Disarm"],"picked":"Burning Pact","floor":5},{"not_picked":["Pommel Strike","Body Slam"],"picked":"Exhume","floor":10},{"not_picked":["Pommel Strike","Thunderclap"],"picked":"Flex","floor":13},{"not_picked":["Rage","Battle Trance"],"picked":"Seeing Red","floor":14}],"player_experience":502951,"potions_floor_usage":[16,16],"damage_taken":[{"damage":2,"enemies":"2 Louse","floor":1,"turns":3},{"damage":10,"enemies":"Cultist","floor":5,"turns":4},{"damage":41,"enemies":"Gremlin Nob","floor":10,"turns":5},{"damage":0,"enemies":"Small Slimes","floor":13,"turns":3},{"damage":10,"enemies":"Looter","floor":14,"turns":2},{"damage":70,"enemies":"Hexaghost","floor":16,"turns":12}],"relics_obtained":[{"floor":9,"key":"Art of War"},{"floor":10,"key":"Smiling Mask"}],"event_choices":[{"event_name":"Golden Shrine","player_choice":"Pray","floor":3,"damage_taken":0},{"event_name":"Accursed Blacksmith","player_choice":"Ignore","floor":4,"damage_taken":0},{"event_name":"The Cleric","player_choice":"Card Removal","floor":12,"damage_taken":0}],"boss_relics":[],"items_purged_floors":[6],"potions_floor_spawned":[5,13],"seed_played":"-3274672422854573196","killed_by":"Hexaghost","ascension_level":0,"potions_obtained":[{"floor":5,"key":"Poison Potion"},{"floor":13,"key":"SkillPotion"}],"is_trial":false}