{"gold_per_floor":[117,42,42,53,63,63,96,115,115,115,130,130,145,159,159,234,234,247,247,262,273,77,77,77],"floor_reached":24,"playtime":1503,"items_purged":[],"score":360,"play_id":"83cd153f-7999-4de9-bc82-7ac160f16ec5","local_time":"20181109083807","is_ascension_mode":true,"campfire_choices":[{"data":"White Noise","floor":6,"key":"SMITH"},{"floor":10,"key":"REST"},{"floor":12,"key":"REST"},{"floor":15,"key":"REST"},{"floor":23,"key":"REST"}],"neow_cost":"NONE","seed_source_timestamp":299421758823625,"circlet_count":0,"master_deck":["AscendersBane","Zap","Dualcast","Leap","Rebound","Streamline","White Noise+1","Leap","Ball Lightning","Genetic Algorithm","Skim","Steam","Conserve Battery","Auto Shields","Compile Driver","Machine Learning","Gash","Turbo","Force Field","Cold Snap","Defragment","Conserve Battery","Cold Snap","Rip and Tear","Coolheaded","Buffer","Capacitor","Genetic Algorithm","Go for the Eyes"],"relics":["Orrery","NlothsMask","Bag of Preparation","Pandora\u0027s Box"],"potions_floor_usage":[7,8,11,16,21,24,24],"damage_taken":[{"damage":13,"enemies":"2 Louse","floor":1,"turns":2},{"damage":3,"enemies":"Jaw Worm","floor":4,"turns":3},{"damage":6,"enemies":"Cultist","floor":5,"turns":3},{"damage":34,"enemies":"3 Sentries","floor":7,"turns":9},{"damage":10,"enemies":"2 Fungi Beasts","floor":8,"turns":3},{"damage":1,"enemies":"Exordium Thugs","floor":11,"turns":6},{"damage":2,"enemies":"Red Slaver","floor":13,"turns":3},{"damage":5,"enemies":"Exordium Wildlife","floor":14,"turns":5},{"damage":33,"enemies":"The Guardian","floor":16,"turns":14},{"damage":57,"enemies":"3 Byrds","floor":18,"turns":7},{"damage":0,"enemies":"Shell Parasite","floor":20,"turns":6},{"damage":0,"enemies":"Shelled Parasite and Fungi","floor":21,"turns":9},{"damage":32,"enemies":"Snecko","floor":24,"turns":8}],"seed_played":"8396550177820018186","potions_obtained":[{"floor":4,"key":"SpeedPotion"},{"floor":7,"key":"Regen Potion"},{"floor":8,"key":"Energy Potion"},{"floor":11,"key":"EssenceOfSteel"},{"floor":20,"key":"Fire Potion"},{"floor":21,"key":"EntropicBrew"}],"is_trial":false,"path_per_floor":["M","?","?","M","M","R","E","M","T","R","M","R","M","M","R","B",null,"M","?","M","M","$","R","M"],"character_chosen":"DEFECT","items_purchased":["Capacitor","Genetic Algorithm","Go for the Eyes"],"campfire_rested":4,"item_purchase_floors":[22,22,22],"current_hp_per_floor":[51,51,51,48,42,42,8,7,7,28,27,48,46,41,62,29,61,4,4,4,4,4,25,0],"gold":77,"neow_bonus":"BOSS_RELIC","is_prod":false,"is_daily":false,"chose_seed":false,"campfire_upgraded":1,"win_rate":0,"timestamp":1541770687,"path_taken":["M","?","?","?","M","R","E","M","T","R","M","R","M","M","R","BOSS","M","?","M","M","$","R","M"],"build_version":"2018-11-08","purchased_purges":0,"victory":false,"max_hp_per_floor":[71,71,71,71,71,71,71,71,71,71,71,71,71,71,71,71,71,71,71,71,71,71,71,71],"card_choices":[{"not_picked":["Beam Cell","Static Discharge"],"picked":"Leap","floor":0},{"not_picked":["Sweeping Beam","Stack"],"picked":"Rebound","floor":0},{"not_picked":["Barrage","Skim"],"picked":"Streamline","floor":0},{"not_picked":["Blizzard","Compile Driver"],"picked":"White Noise","floor":0},{"not_picked":["Streamline","Conserve Battery"],"picked":"Leap","floor":0},{"not_picked":["Reinforced Body","Multi-Cast"],"picked":"Ball Lightning","floor":1},{"not_picked":["Cold Snap","Sunder"],"picked":"Genetic Algorithm","floor":4},{"not_picked":["Reinforced Body","Blizzard","Rebound"],"picked":"SKIP","floor":5},{"not_picked":["Rebound","Rip and Tear"],"picked":"Skim","floor":7},{"not_picked":["Beam Cell","Consume"],"picked":"Steam","floor":8},{"not_picked":["Aggregate","Tempest"],"picked":"Conserve Battery","floor":11},{"not_picked":["Sweeping Beam","Gash"],"picked":"Auto Shields","floor":13},{"not_picked":["Beam Cell","Rip and Tear"],"picked":"Compile Driver","floor":14},{"not_picked":["Hyperbeam","Amplify"],"picked":"Machine Learning","floor":16},{"not_picked":["Hologram","Rebound"],"picked":"Cold Snap","floor":18},{"not_picked":["Sweeping Beam","Redo"],"picked":"Coolheaded","floor":20},{"not_picked":["Redo","Stack"],"picked":"Buffer","floor":21}],"player_experience":1668481,"relics_obtained":[{"floor":7,"key":"Bag of Preparation"}],"event_choices":[{"cards_removed":["Strike_B"],"damage_healed":0,"gold_gain":0,"player_choice":"Card Removal","damage_taken":0,"max_hp_gain":0,"max_hp_loss":0,"event_name":"The Cleric","floor":2,"gold_loss":75},{"damage_healed":0,"gold_gain":0,"player_choice":"Trade","damage_taken":0,"relics_obtained":["NlothsMask"],"max_hp_gain":0,"max_hp_loss":0,"event_name":"FaceTrader","floor":3,"gold_loss":0},{"damage_healed":0,"gold_gain":0,"cards_transformed":["Undo"],"player_choice":"Transformed","damage_taken":0,"max_hp_gain":0,"max_hp_loss":0,"event_name":"Transmorgrifier","floor":19,"gold_loss":0,"cards_obtained":["Rip and Tear"]}],"is_beta":false,"boss_relics":[{"not_picked":["Ectoplasm","Busted Crown"],"picked":"Pandora\u0027s Box"}],"items_purged_floors":[],"is_endless":false,"potions_floor_spawned":[4,7,8,11,20,21],"killed_by":"Snecko","ascension_level":16}