{"gold_per_floor":[114,129,129,139,139,139,139,155,455,530,546,561,576,596,596,722,722,736,736,12,28,41,41,41,41,41,41,62,116,139,157,157,157],"floor_reached":33,"playtime":1244,"items_purged":[],"score":268,"play_id":"77a9cbcf-2c1d-4154-86fa-12b74363f2ba","local_time":"20190214235349","is_ascension_mode":false,"campfire_choices":[{"data":"Spot Weakness","floor":6,"key":"SMITH"},{"floor":15,"key":"REST"},{"data":"Apotheosis","floor":23,"key":"SMITH"},{"floor":25,"key":"REST"},{"floor":32,"key":"REST"}],"neow_cost":"TEN_PERCENT_HP_LOSS","seed_source_timestamp":4884248996112,"circlet_count":0,"master_deck":["Strike_R","Strike_R+1","Defend_R","Defend_R","Defend_R","Defend_R","Bash","Master of Strategy","Panacea","Wild Strike","Spot Weakness+1","Uppercut+1","Injury","Cleave","Armaments","Sword Boomerang","Wild Strike","Metallicize","Immolate","Hemokinesis+1","Havoc+1","Anger+1","Cleave+1","Flex","Apotheosis+1","Flex","Uppercut+1","Fire Breathing","Shame","Cleave","Disarm+1","Warcry"],"relics":["Burning Blood","Nunchaku","Golden Idol","Old Coin","Astrolabe","Dead Branch","Brimstone","PreservedInsect","Bottled Lightning","Pen Nib"],"potions_floor_usage":[13,13,18,28,33],"damage_taken":[{"damage":10,"enemies":"Cultist","floor":1,"turns":4},{"damage":2,"enemies":"2 Louse","floor":2,"turns":3},{"damage":0,"enemies":"Small Slimes","floor":4,"turns":4},{"damage":5,"enemies":"3 Louse","floor":8,"turns":4},{"damage":4,"enemies":"2 Fungi Beasts","floor":11,"turns":2},{"damage":14,"enemies":"Blue Slaver","floor":12,"turns":5},{"damage":16,"enemies":"Gremlin Gang","floor":13,"turns":3},{"damage":1,"enemies":"2 Fungi Beasts","floor":14,"turns":2},{"damage":34,"enemies":"Slime Boss","floor":16,"turns":10},{"damage":0,"enemies":"Shell Parasite","floor":18,"turns":2},{"damage":39,"enemies":"3 Byrds","floor":21,"turns":3},{"damage":8,"enemies":"Cultist and Chosen","floor":22,"turns":2},{"damage":0,"enemies":"Snecko","floor":28,"turns":2},{"damage":15,"enemies":"Chosen and Byrds","floor":30,"turns":2},{"damage":31,"enemies":"Shelled Parasite and Fungi","floor":31,"turns":4},{"damage":103,"enemies":"Automaton","floor":33,"turns":8}],"seed_played":"-2655913597103468346","potions_obtained":[{"floor":1,"key":"Strength Potion"},{"floor":2,"key":"FairyPotion"},{"floor":4,"key":"Regen Potion"},{"floor":16,"key":"SkillPotion"},{"floor":22,"key":"AttackPotion"},{"floor":28,"key":"FearPotion"},{"floor":31,"key":"Weak Potion"}],"is_trial":false,"path_per_floor":["M","M","?","M","?","R","?","M","T","?","M","M","M","M","R","B",null,"M","?","$","M","M","R","?","R","T","$","M","T","M","M","R","B"],"character_chosen":"IRONCLAD","items_purchased":["Dead Branch","Brimstone","Apotheosis","Flex"],"campfire_rested":3,"item_purchase_floors":[20,20,20,20],"current_hp_per_floor":[68,72,65,71,57,57,57,58,58,47,49,41,40,45,66,38,72,72,72,72,39,37,37,37,58,58,58,64,64,55,30,51,0],"gold":157,"neow_bonus":"RANDOM_COLORLESS_2","is_prod":false,"is_daily":false,"chose_seed":false,"campfire_upgraded":2,"win_rate":0,"timestamp":1550210029,"path_taken":["M","M","?","M","?","R","?","M","T","?","M","M","M","M","R","BOSS","M","?","$","M","M","R","?","R","T","$","M","?","M","M","R","BOSS"],"build_version":"2019-01-23","purchased_purges":0,"victory":false,"max_hp_per_floor":[72,72,72,72,72,72,72,72,72,72,72,72,72,72,72,72,72,72,72,72,72,72,72,72,72,72,72,72,72,72,72,72,72],"card_choices":[{"not_picked":["Clothesline","Perfected Strike"],"picked":"Wild Strike","floor":1},{"not_picked":["Clothesline","Carnage"],"picked":"Spot Weakness","floor":2},{"not_picked":["Warcry","Wild Strike"],"picked":"Uppercut","floor":4},{"not_picked":["Warcry","Headbutt"],"picked":"Cleave","floor":8},{"not_picked":["Thunderclap","Iron Wave"],"picked":"Armaments","floor":11},{"not_picked":["Second Wind","Pommel Strike"],"picked":"Sword Boomerang","floor":12},{"not_picked":["Sword Boomerang","Body Slam"],"picked":"Wild Strike","floor":13},{"not_picked":["Infernal Blade","True Grit"],"picked":"Metallicize","floor":14},{"not_picked":["Offering","Feed"],"picked":"Immolate","floor":16},{"not_picked":["Armaments","Havoc+1"],"picked":"Cleave+1","floor":18},{"not_picked":["Power Through","Armaments"],"picked":"Uppercut+1","floor":21},{"not_picked":["Combust","Second Wind"],"picked":"Fire Breathing","floor":22},{"not_picked":["Body Slam","Twin Strike"],"picked":"Cleave","floor":28},{"not_picked":["Pommel Strike","Clash"],"picked":"Disarm+1","floor":30},{"not_picked":["Fire Breathing","Pommel Strike"],"picked":"Warcry","floor":31}],"player_experience":813265,"relics_obtained":[{"floor":9,"key":"Old Coin"},{"floor":26,"key":"Bottled Lightning"},{"floor":29,"key":"Pen Nib"}],"event_choices":[{"damage_healed":0,"gold_gain":0,"player_choice":"Success","damage_taken":7,"relics_obtained":["Nunchaku"],"max_hp_gain":0,"max_hp_loss":0,"event_name":"Scrap Ooze","floor":3,"gold_loss":0},{"damage_healed":0,"gold_gain":0,"player_choice":"Entered Light","damage_taken":14,"max_hp_gain":0,"max_hp_loss":0,"event_name":"Shining Light","floor":5,"gold_loss":0,"cards_upgraded":["Uppercut","Strike_R"]},{"damage_healed":0,"gold_gain":0,"player_choice":"Take Wound","damage_taken":0,"relics_obtained":["Golden Idol"],"max_hp_gain":0,"max_hp_loss":0,"event_name":"Golden Idol","floor":7,"gold_loss":0,"cards_obtained":["Injury"]},{"damage_healed":0,"gold_gain":75,"player_choice":"Gather Gold","damage_taken":11,"max_hp_gain":0,"max_hp_loss":0,"event_name":"World of Goop","floor":10,"gold_loss":0},{"damage_healed":0,"gold_gain":0,"player_choice":"Read","damage_taken":0,"max_hp_gain":0,"max_hp_loss":0,"event_name":"The Library","floor":19,"gold_loss":0,"cards_obtained":["Flex"]},{"damage_healed":0,"gold_gain":0,"player_choice":"Stole Relic","damage_taken":0,"relics_obtained":["PreservedInsect"],"max_hp_gain":0,"max_hp_loss":0,"event_name":"Addict","floor":24,"gold_loss":0,"cards_obtained":["Shame"]}],"is_beta":false,"boss_relics":[{"not_picked":["Black Star","Lizard Tail"],"picked":"Astrolabe"}],"items_purged_floors":[],"is_endless":false,"potions_floor_spawned":[1,2,4,16,22,28,31],"killed_by":"Automaton","ascension_level":0}