{"path_per_floor":["M","M","T","M","M","$","M","M","T","M","M","M","?","$","R","B",null,"M","M","?","T","?","E","M","$","T","R","?","E"],"character_chosen":"DEFECT","items_purchased":["Melter","Chill","Streamline","Redo","Apotheosis"],"gold_per_floor":[111,130,130,142,159,50,60,79,103,122,134,148,148,47,47,145,145,161,177,205,205,205,239,251,58,58,58,58,85,85],"floor_reached":30,"campfire_rested":2,"playtime":2710,"item_purchase_floors":[6,6,14,14,25],"current_hp_per_floor":[75,74,74,72,66,66,61,61,61,60,57,57,57,57,75,75,75,50,33,28,28,28,10,5,5,5,27,11,2,0],"items_purged":[],"gold":85,"score":314,"play_id":"931d4797-9431-4ff6-85e9-9e3081be6a44","local_time":"20180602141206","is_prod":false,"is_daily":false,"chose_seed":false,"is_ascension_mode":false,"campfire_upgraded":0,"win_rate":0.0,"timestamp":1527963126,"campfire_choices":[{"floor":15,"key":"REST"},{"floor":27,"key":"REST"}],"path_taken":["M","M","?","?","M","$","M","M","T","?","M","M","?","$","R","BOSS","M","M","?","?","?","E","M","$","T","R","?","E","M"],"build_version":"2018-05-31","seed_source_timestamp":156538861454377,"purchased_purges":0,"victory":false,"master_deck":["Strike_B","Strike_B","Defend_B","Defend_B","Defend_B","Defend_B","Zap","Dualcast","Cold Snap","Ball Lightning","Conserve Battery","Conserve Battery","Redo","Melter","Chill","Biased Cognition","Darkness","Sweeping Beam","Multi-Cast","Tempest","Hello World+1","Streamline","Redo","Electrodynamics","Stack+1","Leap+1","Hologram","Writhe","Steam","Conserve Battery","Apotheosis","Writhe"],"max_hp_per_floor":[75,75,75,75,75,75,75,75,75,75,75,75,75,75,75,75,75,75,75,75,75,75,75,75,75,75,75,75,75,75],"relics":["Cracked Core","Dead Branch","Vajra","Cursed Key","Red Mask","Toolbox","Thread and Needle","Ornamental Fan","Enchiridion","Blue Candle"],"card_choices":[{"not_picked":["Sweeping Beam","Rebound"],"picked":"Ball Lightning","floor":1},{"not_picked":["Steam","Go for the Eyes"],"picked":"Conserve Battery","floor":2},{"not_picked":["Barrage","Cold Snap"],"picked":"Conserve Battery","floor":4},{"not_picked":["Rebound","Ball Lightning"],"picked":"Redo","floor":5},{"not_picked":["Tempest","Barrage"],"picked":"Biased Cognition","floor":7},{"not_picked":["Streamline","Heatsinks"],"picked":"Darkness","floor":8},{"not_picked":["Barrage","Redo"],"picked":"Sweeping Beam","floor":10},{"not_picked":["Consume","Hologram"],"picked":"Multi-Cast","floor":11},{"not_picked":["Cold Snap","Force Field"],"picked":"Tempest","floor":12},{"not_picked":["Machine Learning","Amplify"],"picked":"Electrodynamics","floor":16},{"not_picked":["Barrage","Double Energy+1"],"picked":"Stack+1","floor":18},{"not_picked":["Cold Snap","Melter"],"picked":"Leap+1","floor":19},{"not_picked":["Scrape","Steam"],"picked":"Hologram","floor":20},{"not_picked":["Glacier","Coolheaded"],"picked":"Steam","floor":23},{"not_picked":["Rebound+1","Coolheaded+1"],"picked":"Conserve Battery","floor":24},{"not_picked":["Biased Cognition","Undo","Hologram"],"picked":"SKIP","floor":29}],"player_experience":274916,"potions_floor_usage":[16,16,19,23,29,29],"damage_taken":[{"damage":0,"enemies":"Cultist","floor":1,"turns":3},{"damage":1,"enemies":"Jaw Worm","floor":2,"turns":2},{"damage":2,"enemies":"Small Slimes","floor":4,"turns":3},{"damage":6,"enemies":"2 Fungi Beasts","floor":5,"turns":3},{"damage":5,"enemies":"Blue Slaver","floor":7,"turns":3},{"damage":0,"enemies":"Large Slime","floor":8,"turns":4},{"damage":1,"enemies":"2 Fungi Beasts","floor":10,"turns":3},{"damage":3,"enemies":"Exordium Wildlife","floor":11,"turns":4},{"damage":0,"enemies":"Blue Slaver","floor":12,"turns":4},{"damage":0,"enemies":"Slime Boss","floor":16,"turns":6},{"damage":25,"enemies":"2 Thieves","floor":18,"turns":4},{"damage":17,"enemies":"Shell Parasite","floor":19,"turns":3},{"damage":5,"enemies":"Masked Bandits","floor":20,"turns":2},{"damage":18,"enemies":"Slavers","floor":23,"turns":4},{"damage":5,"enemies":"Chosen and Byrds","floor":24,"turns":4},{"damage":9,"enemies":"Gremlin Leader","floor":29,"turns":5},{"damage":9,"enemies":"Slaver and Parasite","floor":30,"turns":1}],"relics_obtained":[{"floor":3,"key":"Dead Branch"},{"floor":9,"key":"Vajra"},{"floor":20,"key":"Red Mask"},{"floor":21,"key":"Toolbox"},{"floor":23,"key":"Thread and Needle"},{"floor":26,"key":"Ornamental Fan"},{"floor":28,"key":"Enchiridion"},{"floor":29,"key":"Blue Candle"}],"event_choices":[{"event_name":"Living Wall","player_choice":"Change","floor":13,"damage_taken":0},{"event_name":"Masked Bandits","player_choice":"Fought over 177 gold","floor":20,"damage_taken":0},{"event_name":"Accursed Blacksmith","player_choice":"Forge","floor":22,"damage_taken":0},{"event_name":"Cursed Tome","player_choice":"Obtained Book","floor":28,"damage_taken":0}],"boss_relics":[{"not_picked":["Runic Dome","Runic Pyramid"],"picked":"Cursed Key"}],"items_purged_floors":[],"potions_floor_spawned":[2,5,16,18,23,24],"seed_played":"-190117775859424752","killed_by":"Slaver and Parasite","ascension_level":0,"potions_obtained":[{"floor":2,"key":"FocusPotion"},{"floor":5,"key":"LiquidBronze"},{"floor":16,"key":"FocusPotion"},{"floor":18,"key":"Fire Potion"},{"floor":23,"key":"Strength Potion"},{"floor":24,"key":"PowerPotion"}],"is_trial":false}