{"gold_per_floor":[112,132,59,76,86,86,114,114,165,165,175,175,187,202,202,202],"floor_reached":16,"playtime":869,"items_purged":[],"score":166,"play_id":"cd850bbf-c8c1-4b01-bb46-6b91dcc7337d","local_time":"20180714113951","is_ascension_mode":true,"campfire_choices":[{"data":"Zap","floor":6,"key":"SMITH"},{"floor":12,"key":"REST"},{"floor":15,"key":"REST"}],"neow_cost":"","seed_source_timestamp":46432119497029,"circlet_count":0,"master_deck":["Strike_B","Strike_B","Defend_B","Defend_B","Defend_B","Defend_B","Zap+1","Dualcast","AscendersBane","Gash","Beam Cell","Scrape","Gash","Reprogram","Go for the Eyes","Gash","Hologram","Streamline"],"relics":["Cracked Core","Letter Opener","Vajra"],"potions_floor_usage":[4,7],"damage_taken":[{"damage":7,"enemies":"Small Slimes","floor":1,"turns":3},{"damage":4,"enemies":"Jaw Worm","floor":2,"turns":4},{"damage":6,"enemies":"Cultist","floor":4,"turns":3},{"damage":0,"enemies":"Large Slime","floor":5,"turns":4},{"damage":23,"enemies":"Lagavulin","floor":7,"turns":5},{"damage":22,"enemies":"Gremlin Gang","floor":11,"turns":3},{"damage":6,"enemies":"Looter","floor":13,"turns":2},{"damage":17,"enemies":"3 Louse","floor":14,"turns":3},{"damage":36,"enemies":"The Guardian","floor":16,"turns":7}],"seed_played":"3495977891120453776","potions_obtained":[{"floor":2,"key":"Regen Potion"},{"floor":5,"key":"EssenceOfSteel"},{"floor":11,"key":"Ancient Potion"}],"is_trial":false,"path_per_floor":["M","M","$","M","M","R","E","?","T","?","M","R","M","M","R"],"character_chosen":"DEFECT","items_purchased":["Scrape"],"campfire_rested":2,"item_purchase_floors":[3],"current_hp_per_floor":[61,57,57,60,60,60,37,37,37,37,15,37,31,14,36,0],"gold":202,"neow_bonus":"","is_prod":false,"is_daily":false,"chose_seed":false,"campfire_upgraded":1,"win_rate":0,"timestamp":1531582791,"path_taken":["M","M","$","M","M","R","E","?","T","?","?","R","M","M","R","BOSS"],"build_version":"2018-07-12","purchased_purges":0,"victory":false,"max_hp_per_floor":[75,75,75,75,75,75,75,75,75,75,75,75,75,75,75,75],"card_choices":[{"not_picked":["Go for the Eyes","Compile Driver"],"picked":"Gash","floor":1},{"not_picked":["Barrage","Steam"],"picked":"Beam Cell","floor":2},{"not_picked":["Hologram","Streamline"],"picked":"Gash","floor":4},{"not_picked":["Barrage","Tempest"],"picked":"Reprogram","floor":5},{"not_picked":["Chill","Self Repair"],"picked":"Go for the Eyes","floor":7},{"not_picked":["Chaos","Go for the Eyes"],"picked":"Gash","floor":11},{"not_picked":["Loop","Static Discharge"],"picked":"Hologram","floor":13},{"not_picked":["Darkness","White Noise"],"picked":"Streamline","floor":14}],"player_experience":1093178,"relics_obtained":[{"floor":7,"key":"Letter Opener"},{"floor":9,"key":"Vajra"}],"event_choices":[{"event_name":"Living Wall","player_choice":"Forget","floor":8,"damage_taken":0},{"event_name":"Purifier","player_choice":"One Purge","floor":10,"damage_taken":0}],"boss_relics":[],"items_purged_floors":[],"is_endless":false,"potions_floor_spawned":[2,5,11],"killed_by":"The Guardian","ascension_level":12}