{"gold_per_floor":[114,129,304,319,334,364,364,379,379,7,7,7,22,37,37,137,137,152,167,182,10,10,40,40,40,65,77,22,37,52,67,67,167,167,182,282,297,640,655,655,670,670,695,55,85,100,100,115,115,115],"floor_reached":51,"playtime":1928,"items_purged":["Strike_G","Strike_G"],"score":928,"play_id":"6595f9a0-96a6-4c28-be3a-f832654b429f","local_time":"20181103115828","daily_mods":["Cursed Run","Uncertain Future","Terminal"],"is_ascension_mode":false,"campfire_choices":[{"data":"Neutralize","floor":7,"key":"SMITH"},{"data":"Neutralize","floor":12,"key":"SMITH"},{"data":"Cloak And Dagger","floor":15,"key":"SMITH"},{"data":"Skewer","floor":24,"key":"SMITH"},{"data":"Dagger Spray","floor":27,"key":"SMITH"},{"data":"Footwork","floor":32,"key":"SMITH"},{"floor":40,"key":"DIG"},{"floor":47,"key":"DIG"},{"floor":49,"key":"DIG"}],"neow_cost":"","seed_source_timestamp":0,"circlet_count":0,"master_deck":["Survivor","Neutralize+1","Poisoned Stab","Doubt","Cloak And Dagger+1","Cloak And Dagger","Dash","Clumsy","Poisoned Stab","Dark Shackles","Neutralize+1","Cloak And Dagger","Quick Slash","Shame","Die Die Die","Skewer+1","PiercingWail","Infinite Blades+1","Dash","Dagger Spray+1","Injury","Footwork+1","Blur+1","Backflip","Heel Hook+1","Writhe","Storm of Steel","Slice","Choke","Deadly Poison","Underhanded Strike","Poisoned Stab","Blade Dance","Underhanded Strike","Acrobatics","Footwork","Well Laid Plans","Cloak And Dagger","Acrobatics+1","Footwork+1","Skewer+1","Calculated Gamble+1","Writhe","Regret","Backflip","Leg Sweep","Endless Agony","Secret Weapon","Good Instincts","Prepared","Prepared","Cloak And Dagger","Parasite","Backflip+1","Shame"],"special_seed":17838,"relics":["Cursed Key","Darkstone Periapt","Du-Vu Doll","Strawberry","Bird Faced Urn","Question Card","Sozu","Tingsha","MawBank","Pandora\u0027s Box","Shovel","Old Coin","Prayer Wheel","Bag of Preparation","DollysMirror","Bronze Scales","Toxic Egg 2","Unceasing Top"],"potions_floor_usage":[38,48,50],"damage_taken":[{"damage":0,"enemies":"2 Louse","floor":1,"turns":3},{"damage":0,"enemies":"Jaw Worm","floor":2,"turns":4},{"damage":0,"enemies":"Cultist","floor":4,"turns":3},{"damage":0,"enemies":"Red Slaver","floor":5,"turns":3},{"damage":34,"enemies":"Gremlin Nob","floor":6,"turns":5},{"damage":0,"enemies":"Exordium Wildlife","floor":8,"turns":4},{"damage":2,"enemies":"Large Slime","floor":13,"turns":4},{"damage":0,"enemies":"3 Louse","floor":14,"turns":2},{"damage":17,"enemies":"Slime Boss","floor":16,"turns":12},{"damage":0,"enemies":"Shell Parasite","floor":18,"turns":4},{"damage":0,"enemies":"Spheric Guardian","floor":19,"turns":3},{"damage":0,"enemies":"Snecko","floor":20,"turns":4},{"damage":0,"enemies":"Book of Stabbing","floor":23,"turns":5},{"damage":3,"enemies":"Snake Plant","floor":29,"turns":4},{"damage":0,"enemies":"Sentry and Sphere","floor":30,"turns":4},{"damage":0,"enemies":"Cultist and Chosen","floor":31,"turns":3},{"damage":14,"enemies":"Collector","floor":33,"turns":11},{"damage":5,"enemies":"Orb Walker","floor":35,"turns":2},{"damage":9,"enemies":"Mind Bloom Boss Battle","floor":36,"turns":6},{"damage":0,"enemies":"3 Shapes","floor":37,"turns":4},{"damage":19,"enemies":"2 Orb Walkers","floor":38,"turns":3},{"damage":12,"enemies":"Spire Growth","floor":39,"turns":3},{"damage":10,"enemies":"3 Darklings","floor":41,"turns":5},{"damage":3,"enemies":"Reptomancer","floor":45,"turns":4},{"damage":5,"enemies":"Jaw Worm Horde","floor":46,"turns":3},{"damage":20,"enemies":"Writhing Mass","floor":48,"turns":3},{"damage":31,"enemies":"Awakened One","floor":50,"turns":10}],"seed_played":"-2706670259643309342","potions_obtained":[{"floor":4,"key":"Strength Potion"},{"floor":8,"key":"Weak Potion"},{"floor":14,"key":"Energy Potion"}],"is_trial":false,"path_per_floor":["M","M","?","M","M","E","R","M","T","$","?","R","M","M","R","B",null,"M","M","M","$","?","E","R","$","T","R","$","M","M","M","R","B",null,"M","?","M","?","M","R","M","?","T","$","E","M","R","M","R","B",null],"character_chosen":"THE_SILENT","items_purchased":["Poisoned Stab","Question Card","Dash","Footwork","DollysMirror","Leg Sweep","Endless Agony","Secret Weapon","Good Instincts"],"campfire_rested":0,"item_purchase_floors":[10,10,21,28,44,44,44,44,44],"current_hp_per_floor":[68,67,72,71,70,43,43,43,49,49,49,49,47,47,47,36,77,76,75,74,73,72,71,70,69,74,73,72,69,70,69,68,62,72,67,64,69,50,44,44,38,60,66,66,65,64,64,54,54,39],"gold":115,"neow_bonus":"","is_prod":false,"is_daily":true,"chose_seed":false,"campfire_upgraded":6,"win_rate":0,"timestamp":1541242708,"path_taken":["M","M","?","M","M","E","R","M","T","$","?","R","M","?","R","BOSS","M","M","M","?","?","E","R","$","T","R","?","M","M","M","R","BOSS","M","?","M","?","M","R","M","?","T","$","E","M","R","M","R","BOSS"],"build_version":"2018-11-01","purchased_purges":2,"victory":true,"max_hp_per_floor":[68,67,72,71,70,76,75,74,79,78,77,76,75,74,73,78,77,76,75,74,73,72,71,70,69,74,73,72,71,70,69,68,73,72,71,70,69,68,67,66,65,70,75,74,73,72,71,76,75,80],"card_choices":[{"not_picked":["Bane","Distraction","Eviscerate"],"picked":"SKIP","floor":1},{"not_picked":["Quick Slash","Crippling Poison"],"picked":"Poisoned Stab","floor":2},{"not_picked":["Reflex","Tactician"],"picked":"Cloak And Dagger","floor":4},{"not_picked":["Flying Knee","Dagger Throw"],"picked":"Cloak And Dagger","floor":5},{"not_picked":["Distraction","Blade Dance"],"picked":"Dash","floor":6},{"not_picked":["Outmaneuver","Deflect","Tools of the Trade"],"picked":"SKIP","floor":8},{"not_picked":["Escape Plan","Dodge and Roll","Calculated Gamble"],"picked":"Cloak And Dagger","floor":13},{"not_picked":["Catalyst","Distraction","Poisoned Stab"],"picked":"Quick Slash","floor":14},{"not_picked":["Phantasmal Killer","Storm of Steel","Venomology"],"picked":"Die Die Die","floor":16},{"not_picked":["Dagger Spray+1","Accuracy","Underhanded Strike+1"],"picked":"Skewer","floor":18},{"not_picked":["Prepared","Slice+1","Dodge and Roll"],"picked":"PiercingWail","floor":19},{"not_picked":["Distraction","Expertise","Prepared"],"picked":"Infinite Blades+1","floor":20},{"not_picked":["Prepared","Bane","Distraction+1"],"picked":"Dagger Spray","floor":23},{"not_picked":["Sucker Punch+1","Cloak And Dagger","All Out Attack"],"picked":"Blur+1","floor":29},{"not_picked":["A Thousand Cuts","Poisoned Stab","Prepared"],"picked":"Backflip","floor":30},{"not_picked":["Tactician","Outmaneuver","Flying Knee"],"picked":"Heel Hook+1","floor":31},{"not_picked":["Doppelganger","Bullet Time","Wraith Form v2"],"picked":"Storm of Steel","floor":33},{"not_picked":["Prepared","Setup+1","Dagger Spray+1"],"picked":"Footwork","floor":35},{"not_picked":["Slice","Dagger Throw","Bane"],"picked":"Well Laid Plans","floor":36},{"not_picked":["Quick Slash","Reflex+1","Heel Hook+1"],"picked":"Cloak And Dagger","floor":37},{"not_picked":["Poisoned Stab+1","Dagger Spray","Flying Knee+1"],"picked":"Acrobatics+1","floor":38},{"not_picked":["Bane+1","Backflip","Concentrate"],"picked":"Footwork+1","floor":39},{"not_picked":["Deflect","Dodge and Roll+1","Outmaneuver"],"picked":"Skewer+1","floor":41},{"not_picked":["Accuracy+1","Eviscerate+1","Slice"],"picked":"Calculated Gamble+1","floor":41},{"not_picked":["Tactician+1","Burst","Predator"],"picked":"Prepared","floor":45},{"not_picked":["Outmaneuver+1","Distraction+1","Concentrate+1"],"picked":"Prepared","floor":46},{"not_picked":["Tools of the Trade","Poisoned Stab","Distraction"],"picked":"Cloak And Dagger","floor":46},{"not_picked":["Tools of the Trade","Crippling Poison+1","Dagger Spray+1"],"picked":"Backflip+1","floor":48},{"not_picked":["Dagger Spray","Deflect+1","Deadly Poison+1","Poisoned Stab+1"],"picked":"SKIP","floor":48}],"player_experience":1577232,"relics_obtained":[{"floor":6,"key":"Strawberry"},{"floor":9,"key":"Bird Faced Urn"},{"floor":23,"key":"Tingsha"},{"floor":26,"key":"MawBank"},{"floor":36,"key":"Shovel"},{"floor":38,"key":"Old Coin"},{"floor":40,"key":"Prayer Wheel"},{"floor":43,"key":"Bag of Preparation"},{"floor":45,"key":"Bronze Scales"},{"floor":47,"key":"Toxic Egg 2"},{"floor":49,"key":"Unceasing Top"}],"event_choices":[{"damage_healed":0,"gold_gain":175,"player_choice":"AGREE","damage_taken":0,"max_hp_gain":0,"max_hp_loss":0,"event_name":"Liars Game","floor":3,"gold_loss":0,"cards_obtained":["Doubt"]},{"damage_healed":0,"gold_gain":0,"player_choice":"2 cards matched","damage_taken":0,"max_hp_gain":0,"max_hp_loss":0,"event_name":"Match and Keep!","floor":11,"gold_loss":0,"cards_obtained":["Dark Shackles","Neutralize"]},{"damage_healed":0,"gold_gain":0,"player_choice":"Ignored","damage_taken":0,"max_hp_gain":0,"max_hp_loss":0,"event_name":"Beggar","floor":22,"gold_loss":0},{"damage_healed":0,"gold_gain":0,"player_choice":"Fight","damage_taken":0,"max_hp_gain":0,"max_hp_loss":0,"event_name":"MindBloom","floor":36,"gold_loss":0},{"damage_healed":0,"gold_gain":0,"player_choice":"Fight","damage_taken":0,"max_hp_gain":0,"max_hp_loss":0,"event_name":"Mysterious Sphere","floor":38,"gold_loss":0},{"damage_healed":16,"gold_gain":0,"player_choice":"Writhe","damage_taken":0,"max_hp_gain":0,"max_hp_loss":0,"event_name":"Winding Halls","floor":42,"gold_loss":0,"cards_obtained":["Writhe"]}],"is_beta":false,"boss_relics":[{"not_picked":["Philosopher\u0027s Stone","Lizard Tail"],"picked":"Sozu"},{"not_picked":["White Beast Statue","Velvet Choker"],"picked":"Pandora\u0027s Box"}],"items_purged_floors":[10,21],"is_endless":false,"potions_floor_spawned":[4,8,14,19,30,31,36,37,45,48],"ascension_level":0}