{"gold_per_floor":[119,44,119,119,119,119,147,20,44,44,64,78,100,112,112,211,211,224,189,114,131,131,131,166,166,166,166,184,218,236,262,262,358,358,378,338,50,62,62,62,91,42,42,42,53,87,87,107,107,107],"floor_reached":51,"playtime":3552,"items_purged":["Strike_B","Regret"],"score":984,"play_id":"ffa9db9f-2f83-4c9e-ac9f-68df05983567","local_time":"20190212110048","is_ascension_mode":true,"campfire_choices":[{"floor":6.0,"key":"REST"},{"floor":10.0,"key":"REST"},{"floor":15.0,"key":"REST"},{"data":"Fission","floor":23.0,"key":"SMITH"},{"data":"Fission","floor":25.0,"key":"SMITH"},{"data":"Electrodynamics","floor":27.0,"key":"SMITH"},{"data":"Fusion","floor":32.0,"key":"SMITH"},{"data":"Coolheaded","floor":40,"key":"SMITH"},{"floor":47,"key":"REST"},{"floor":49,"key":"REST"}],"neow_cost":"PERCENT_DAMAGE","seed_source_timestamp":0,"circlet_count":0,"master_deck":["Zap","Doom and Gloom+1","Go for the Eyes","Conserve Battery","Coolheaded","Ball Lightning","Coolheaded+1","Electrodynamics+1","Tempest","Hologram","Fission+1","Fission+1","Tempest","Fusion+1","Chill+1","Core Surge","Fission+1","Defragment","Go for the Eyes+1"],"special_seed":0,"relics":["Cracked Core","FossilizedHelix","Gremlin Horn","Oddly Smooth Stone","Odd Mushroom","Pandora\u0027s Box","Blue Candle","Singing Bowl","Pantograph","Happy Flower","Philosopher\u0027s Stone","Calipers","Bronze Scales","Ornamental Fan","Question Card","Ancient Tea Set"],"potions_floor_usage":[41,41,41,48,50,50],"damage_taken":[{"damage":7.0,"enemies":"Jaw Worm","floor":1.0,"turns":2.0},{"damage":32.0,"enemies":"Gremlin Nob","floor":7.0,"turns":4.0},{"damage":0.0,"enemies":"Small Slimes","floor":11.0,"turns":1.0},{"damage":0.0,"enemies":"2 Louse","floor":12.0,"turns":2.0},{"damage":0.0,"enemies":"The Mushroom Lair","floor":13.0,"turns":2.0},{"damage":0.0,"enemies":"Blue Slaver","floor":14.0,"turns":2.0},{"damage":0.0,"enemies":"Slime Boss","floor":16.0,"turns":6.0},{"damage":0.0,"enemies":"3 Byrds","floor":18.0,"turns":3.0},{"damage":17.0,"enemies":"Shell Parasite","floor":21.0,"turns":6.0},{"damage":8.0,"enemies":"Gremlin Leader","floor":24.0,"turns":5.0},{"damage":0.0,"enemies":"Centurion and Healer","floor":28.0,"turns":3.0},{"damage":0.0,"enemies":"Slavers","floor":29.0,"turns":2.0},{"damage":0.0,"enemies":"Snake Plant","floor":30.0,"turns":2.0},{"damage":0.0,"enemies":"Gremlin Leader","floor":31.0,"turns":3.0},{"damage":53.0,"enemies":"Automaton","floor":33.0,"turns":8.0},{"damage":0,"enemies":"3 Shapes","floor":35,"turns":2},{"damage":0,"enemies":"3 Darklings","floor":38,"turns":1},{"damage":80,"enemies":"Giant Head","floor":41,"turns":10},{"damage":0,"enemies":"Writhing Mass","floor":45,"turns":3},{"damage":0,"enemies":"Reptomancer","floor":46,"turns":3},{"damage":0,"enemies":"Spire Growth","floor":48,"turns":2},{"damage":83,"enemies":"Time Eater","floor":50,"turns":13}],"seed_played":"2714590034877886033","potions_obtained":[{"floor":7.0,"key":"Fire Potion"},{"floor":11.0,"key":"Dexterity Potion"},{"floor":13.0,"key":"Ancient Potion"},{"floor":24.0,"key":"Block Potion"},{"floor":31.0,"key":"Regen Potion"},{"floor":45,"key":"EssenceOfSteel"},{"floor":46,"key":"EssenceOfSteel"}],"is_trial":false,"path_per_floor":["M","$","?","?","?","R","E","$","T","R","M","M","?","M","R","B",null,"M","$","?","M","?","R","E","R","T","R","M","E","M","E","R","B",null,"M","?","$","M","$","R","E","$","T","T","M","E","R","M","R","B",null],"character_chosen":"DEFECT","items_purchased":["Conserve Battery","Fusion","Calipers","Energy Potion"],"campfire_rested":5,"item_purchase_floors":[8,19,37,42],"current_hp_per_floor":[47,47,36,21,21,43,11,11,11,33,33,33,33,33,55,55,75,75,75,75,58,58,58,50,50,50,50,52,52,54,56,56,28,81,83,83,83,85,85,85,17,17,17,17,17,19,45,47,73,6],"gold":107,"neow_bonus":"REMOVE_TWO","is_prod":false,"is_daily":false,"chose_seed":false,"campfire_upgraded":5,"win_rate":0,"timestamp":1549931448,"path_taken":["M","$","?","?","?","R","E","?","T","R","M","?","?","M","R","BOSS","M","$","?","M","?","R","E","R","T","R","?","E","M","E","R","BOSS","M","?","$","?","?","R","E","$","T","?","M","E","R","M","R","BOSS"],"build_version":"2019-01-23","purchased_purges":2,"victory":true,"max_hp_per_floor":[75,75,75,75,75,75,75,75,75,75,75,75,75,75,75,75,75,75,75,75,75,75,75,75,75,75,75,77,77,79,81,81,81,81,83,83,83,85,85,85,85,85,85,85,85,87,87,89,89,89],"card_choices":[{"not_picked":["Leap","Steam"],"picked":"Doom and Gloom","floor":1.0},{"not_picked":["Compile Driver","Static Discharge"],"picked":"Go for the Eyes","floor":7.0},{"not_picked":["Redo","Rip and Tear"],"picked":"Coolheaded","floor":11.0},{"not_picked":["Reprogram","Hologram"],"picked":"Ball Lightning","floor":12.0},{"not_picked":["Hologram","Conserve Battery"],"picked":"Coolheaded","floor":13.0},{"not_picked":["FTL","Hologram","Melter"],"picked":"SKIP","floor":14.0},{"not_picked":["All For One","Biased Cognition"],"picked":"Electrodynamics","floor":16.0},{"not_picked":["Sweeping Beam","Chaos"],"picked":"Tempest","floor":18.0},{"not_picked":["Gash","Go for the Eyes","Rebound"],"picked":"SKIP","floor":21.0},{"not_picked":["Hello World+1","Auto Shields"],"picked":"Chill+1","floor":24.0},{"not_picked":["Lockon","Go for the Eyes","Gash"],"picked":"Singing Bowl","floor":28.0},{"not_picked":["Beam Cell","Turbo"],"picked":"Core Surge","floor":29.0},{"not_picked":["Loop","Steam","Ball Lightning"],"picked":"Singing Bowl","floor":30.0},{"not_picked":["Rip and Tear","Reprogram","Darkness"],"picked":"Singing Bowl","floor":31.0},{"not_picked":["Buffer","Rainbow"],"picked":"Fission","floor":33.0},{"not_picked":["Chaos","Ball Lightning+1","Cold Snap"],"picked":"Singing Bowl","floor":35},{"not_picked":["Cold Snap+1","Steam Power+1","Hyperbeam"],"picked":"Singing Bowl","floor":38},{"not_picked":["Consume","Leap"],"picked":"Defragment","floor":41},{"not_picked":["Rebound","Streamline","Sunder+1"],"picked":"Go for the Eyes+1","floor":45},{"not_picked":["Scrape","Hologram","Echo Form","Fusion"],"picked":"Singing Bowl","floor":46},{"not_picked":["White Noise","Coolheaded","Auto Shields+1","Steam Power"],"picked":"Singing Bowl","floor":48}],"player_experience":565545,"relics_obtained":[{"floor":7.0,"key":"Gremlin Horn"},{"floor":9.0,"key":"Oddly Smooth Stone"},{"floor":13.0,"key":"Odd Mushroom"},{"floor":24.0,"key":"Blue Candle"},{"floor":26.0,"key":"Singing Bowl"},{"floor":29.0,"key":"Pantograph"},{"floor":31.0,"key":"Happy Flower"},{"floor":41,"key":"Bronze Scales"},{"floor":43,"key":"Ornamental Fan"},{"floor":44,"key":"Question Card"},{"floor":46,"key":"Ancient Tea Set"}],"event_choices":[{"damage_healed":0.0,"max_hp_gain":0.0,"max_hp_loss":0.0,"gold_gain":75.0,"event_name":"World of Goop","player_choice":"Gather Gold","floor":3.0,"gold_loss":0.0,"damage_taken":11.0},{"damage_healed":0.0,"max_hp_gain":0.0,"max_hp_loss":0.0,"gold_gain":0.0,"event_name":"Shining Light","player_choice":"Entered Light","floor":4.0,"gold_loss":0.0,"damage_taken":15.0,"cards_upgraded":["Doom and Gloom","Strike_B"]},{"damage_healed":0.0,"max_hp_gain":0.0,"max_hp_loss":0.0,"gold_gain":0.0,"event_name":"Big Fish","player_choice":"Box","floor":5.0,"gold_loss":0.0,"damage_taken":0.0,"relics_obtained":["FossilizedHelix"],"cards_obtained":["Regret"]},{"damage_healed":0.0,"max_hp_gain":0.0,"max_hp_loss":0.0,"gold_gain":0.0,"event_name":"Mushrooms","player_choice":"Fought Mushrooms","floor":13.0,"gold_loss":0.0,"damage_taken":0.0},{"cards_removed":["Sweeping Beam"],"damage_healed":0.0,"max_hp_gain":0.0,"max_hp_loss":0.0,"gold_gain":0.0,"event_name":"Beggar","player_choice":"Gave Gold","floor":20.0,"gold_loss":75.0,"damage_taken":0.0},{"cards_removed":["Dualcast"],"damage_healed":0.0,"max_hp_gain":0.0,"max_hp_loss":0.0,"gold_gain":0.0,"event_name":"Purifier","player_choice":"Purged","floor":22.0,"gold_loss":0.0,"damage_taken":0.0},{"damage_healed":0,"gold_gain":0,"player_choice":"Upgrade","damage_taken":0,"max_hp_gain":0,"max_hp_loss":0,"event_name":"Designer","floor":36,"gold_loss":40,"cards_upgraded":["Fission"]}],"is_beta":false,"boss_relics":[{"not_picked":["FrozenCore","Snecko Eye"],"picked":"Pandora\u0027s Box"},{"not_picked":["Lizard Tail","White Beast Statue"],"picked":"Philosopher\u0027s Stone"}],"items_purged_floors":[2,8],"is_endless":false,"potions_floor_spawned":[7,11,13,24,31,33,45,46],"ascension_level":3}