{"gold_per_floor":[110,126,47,47,59,88,88,106,132,153,19,33,68,68],"floor_reached":14,"playtime":459,"items_purged":[],"score":190,"play_id":"85356ac8-8949-4a0c-867f-69a039dcb3c6","local_time":"20190101210827","is_ascension_mode":true,"campfire_choices":[{"floor":7,"key":"REST"}],"neow_cost":"NONE","seed_source_timestamp":1100437760059801,"circlet_count":0,"master_deck":["AscendersBane","Strike_B","Strike_B","Strike_B","Defend_B","Defend_B","Defend_B","Defend_B","Zap","Dualcast","Conserve Battery","White Noise","Doom and Gloom","Loop","Undo","Conserve Battery","Loop","Leap","Self Repair","Conserve Battery","Coolheaded","Capacitor"],"special_seed":0,"relics":["Cracked Core","NeowsBlessing","Happy Flower","PreservedInsect","Odd Mushroom","Art of War"],"potions_floor_usage":[13,13],"damage_taken":[{"damage":0.0,"enemies":"Jaw Worm","floor":1.0,"turns":1.0},{"damage":0.0,"enemies":"Cultist","floor":2.0,"turns":1.0},{"damage":0.0,"enemies":"Small Slimes","floor":5.0,"turns":1.0},{"damage":28,"enemies":"3 Sentries","floor":6,"turns":6},{"damage":2,"enemies":"3 Louse","floor":8,"turns":2},{"damage":16,"enemies":"The Mushroom Lair","floor":10,"turns":4},{"damage":8,"enemies":"Looter","floor":12,"turns":4},{"damage":27,"enemies":"Lagavulin","floor":13,"turns":6},{"damage":21,"enemies":"Gremlin Gang","floor":14,"turns":1}],"seed_played":"-2784330206075755530","potions_obtained":[{"floor":2.0,"key":"Ancient Potion"},{"floor":10,"key":"Energy Potion"},{"floor":13,"key":"SpeedPotion"}],"is_trial":false,"path_per_floor":["M","M","$","?","M","E","R","M","T","?","$","M","E","M"],"character_chosen":"DEFECT","items_purchased":["Doom and Gloom","Self Repair","Conserve Battery"],"campfire_rested":1,"item_purchase_floors":[3,11,11],"current_hp_per_floor":[64,64,64,64,64,36,57,55,55,39,39,38,18,0],"gold":68,"neow_bonus":"THREE_ENEMY_KILL","is_prod":false,"is_daily":false,"chose_seed":false,"campfire_upgraded":0,"win_rate":0,"timestamp":1546394907,"path_taken":["M","M","$","?","M","E","R","?","T","?","$","M","E","M"],"build_version":"2018-12-20","purchased_purges":0,"victory":false,"max_hp_per_floor":[71,71,71,71,71,71,71,71,71,71,71,71,71,71],"card_choices":[{"not_picked":["Steam","Undo"],"picked":"Conserve Battery","floor":1.0},{"not_picked":["Auto Shields","Sweeping Beam"],"picked":"White Noise","floor":2.0},{"not_picked":["Rebound","Turbo"],"picked":"Undo","floor":5.0},{"not_picked":["Reprogram","Redo"],"picked":"Conserve Battery","floor":6},{"not_picked":["Steam","Go for the Eyes"],"picked":"Loop","floor":8},{"not_picked":["Seek","Blizzard"],"picked":"Leap","floor":10},{"not_picked":["Compile Driver","Barrage"],"picked":"Coolheaded","floor":12},{"not_picked":["Gash","Thunder Strike"],"picked":"Capacitor","floor":13}],"player_experience":1984813,"relics_obtained":[{"floor":6,"key":"Happy Flower"},{"floor":9,"key":"PreservedInsect"},{"floor":10,"key":"Odd Mushroom"},{"floor":13,"key":"Art of War"}],"event_choices":[{"damage_healed":0.0,"max_hp_gain":0.0,"max_hp_loss":0.0,"gold_gain":0.0,"cards_transformed":["Strike_B"],"event_name":"Transmorgrifier","player_choice":"Transformed","floor":4.0,"gold_loss":0.0,"damage_taken":0.0,"cards_obtained":["Loop"]},{"damage_healed":0,"gold_gain":0,"player_choice":"Fought Mushrooms","damage_taken":0,"max_hp_gain":0,"max_hp_loss":0,"event_name":"Mushrooms","floor":10,"gold_loss":0}],"is_beta":false,"boss_relics":[],"items_purged_floors":[],"is_endless":false,"potions_floor_spawned":[2,10,13],"killed_by":"Gremlin Gang","ascension_level":18}