{"path_per_floor":["M","M","?","?","M","E","M","$","T","?","M","M","R","M","R","B",null,"M","$","?","M","?","R","?","R","T","M","$","$","R","M","R","B",null,"M","?","?","$","?","E","R","M","T","M","?","M","M","M","R"],"character_chosen":"THE_SILENT","items_purchased":["Noxious Fumes","Escape Plan","Flash of Steel","Slice","Flash of Steel","Noxious Fumes"],"gold_per_floor":[119,138,138,138,150,177,187,5,29,29,39,57,57,71,71,176,176,194,35,185,202,202,202,202,202,282,298,28,28,28,41,41,144,144,162,162,0,0,0,30,30,44,44,60,60,80,93,111,111,111],"floor_reached":50,"campfire_rested":5,"playtime":2913,"item_purchase_floors":[],"current_hp_per_floor":[66,64,69,69,69,53,51,51,51,51,51,41,65,52,76,72,82,69,69,69,69,53,77,77,77,77,75,75,75,75,75,75,50,82,82,82,82,82,82,52,76,73,73,47,82,60,48,45,69,0],"items_purged":["Strike_G","Strike_G"],"gold":111,"score":548,"play_id":"d2865f9e-0a77-438a-8900-da024d11ec38","local_time":"20180611134840","is_prod":false,"is_daily":false,"chose_seed":false,"is_ascension_mode":true,"campfire_upgraded":3,"win_rate":0,"timestamp":1528739320,"campfire_choices":[{"floor":13,"key":"REST"},{"floor":15,"key":"REST"},{"floor":23,"key":"REST"},{"data":"Noxious Fumes","floor":25,"key":"SMITH"},{"data":"Noxious Fumes","floor":30,"key":"SMITH"},{"data":"Choke","floor":32,"key":"SMITH"},{"floor":41,"key":"REST"},{"floor":49,"key":"REST"}],"path_taken":["M","M","?","?","M","E","M","$","T","?","?","?","R","?","R","BOSS","M","$","?","M","?","R","?","R","T","M","?","$","R","M","R","BOSS","M","?","?","$","?","E","R","M","T","M","?","?","?","M","R","BOSS"],"build_version":"2018-06-07v3","seed_source_timestamp":0,"purchased_purges":2,"victory":false,"master_deck":["Defend_G","Defend_G","Defend_G","Defend_G","Defend_G","Strike_G","Survivor","Neutralize","Dash","PiercingWail","Terror","Die Die Die","Backflip","Noxious Fumes+1","Escape Plan","Endless Agony","Deadly Poison","PiercingWail","Adrenaline","Choke","Flash of Steel","Slice","PiercingWail","Clumsy","Choke+1","Flash of Steel","Noxious Fumes+1","Backstab","Phantasmal Killer","Dagger Spray+1","Setup","Backstab","Catalyst","Blur+1","Normality","Bouncing Flask+1","After Image"],"max_hp_per_floor":[70,70,75,75,75,82,82,82,82,82,82,82,82,82,82,82,82,82,82,82,82,82,82,82,82,82,82,82,82,82,82,82,82,82,82,82,82,82,82,82,82,82,82,82,82,82,82,82,82,82],"relics":["Ring of the Snake","Art of War","Strawberry","Lantern","Cursed Key","Enchiridion","Meat on the Bone","Black Star","Red Mask","Potion Belt","Oddly Smooth Stone","Kunai"],"card_choices":[{"not_picked":["Malaise","Backflip"],"picked":"Dash","floor":1.0},{"not_picked":["Flying Knee","Dodge and Roll"],"picked":"PiercingWail","floor":2.0},{"not_picked":["Slice","Deflect"],"picked":"Terror","floor":5.0},{"not_picked":["Distraction","Underhanded Strike"],"picked":"Die Die Die","floor":6.0},{"not_picked":["Catalyst","Acrobatics"],"picked":"Backflip","floor":7.0},{"not_picked":["Finisher","Masterful Stab"],"picked":"Endless Agony","floor":11},{"not_picked":["Sucker Punch","Acrobatics"],"picked":"Deadly Poison","floor":12},{"not_picked":["Expertise","Outmaneuver"],"picked":"PiercingWail","floor":14},{"not_picked":["Burst","Venomology"],"picked":"Adrenaline","floor":16},{"not_picked":["Cloak And Dagger","Outmaneuver"],"picked":"Choke","floor":18},{"not_picked":["Dagger Spray+1","Backflip"],"picked":"PiercingWail","floor":21},{"not_picked":["Calculated Gamble","Dodge and Roll"],"picked":"Choke","floor":27},{"not_picked":["Well Laid Plans","Setup+1"],"picked":"Backstab","floor":31},{"not_picked":["Grand Finale","Night Terror"],"picked":"Phantasmal Killer","floor":33},{"not_picked":["Infinite Blades","Backflip"],"picked":"Dagger Spray+1","floor":35},{"not_picked":["Cloak And Dagger","Wraith Form v2"],"picked":"Catalyst","floor":40},{"not_picked":["Poisoned Stab+1","Quick Slash"],"picked":"Blur+1","floor":42},{"not_picked":["Poisoned Stab+1","Accuracy"],"picked":"Bouncing Flask+1","floor":44},{"not_picked":["Acrobatics","Choke+1"],"picked":"After Image","floor":46},{"not_picked":["Footwork+1","Underhanded Strike+1","Prepared+1"],"picked":"SKIP","floor":47},{"not_picked":["Dagger Spray","Flying Knee","Sucker Punch+1"],"picked":"SKIP","floor":48}],"player_experience":485173,"potions_floor_usage":[12,12,16,33,40,40,44],"damage_taken":[{"damage":4.0,"enemies":"Cultist","floor":1.0,"turns":5.0},{"damage":2.0,"enemies":"Small Slimes","floor":2.0,"turns":3.0},{"damage":0.0,"enemies":"2 Louse","floor":5.0,"turns":4.0},{"damage":23.0,"enemies":"Gremlin Nob","floor":6.0,"turns":5.0},{"damage":2.0,"enemies":"Blue Slaver","floor":7.0,"turns":3.0},{"damage":0,"enemies":"Gremlin Gang","floor":11,"turns":4},{"damage":10,"enemies":"Exordium Thugs","floor":12,"turns":3},{"damage":13,"enemies":"2 Fungi Beasts","floor":14,"turns":3},{"damage":4,"enemies":"Hexaghost","floor":16,"turns":10},{"damage":13,"enemies":"Spheric Guardian","floor":18,"turns":6},{"damage":0,"enemies":"Chosen","floor":21,"turns":4},{"damage":2,"enemies":"Centurion and Healer","floor":27,"turns":7},{"damage":0,"enemies":"Chosen and Byrds","floor":31,"turns":3},{"damage":25,"enemies":"Champ","floor":33,"turns":10},{"damage":0,"enemies":"3 Darklings","floor":35,"turns":3},{"damage":56,"enemies":"2 Orb Walkers","floor":40,"turns":7},{"damage":3,"enemies":"3 Shapes","floor":42,"turns":4},{"damage":35,"enemies":"3 Darklings","floor":44,"turns":5},{"damage":22,"enemies":"Sphere and 2 Shapes","floor":46,"turns":8},{"damage":12,"enemies":"Maw","floor":47,"turns":8},{"damage":3,"enemies":"4 Shapes","floor":48,"turns":6},{"damage":91,"enemies":"Donu and Deca","floor":50,"turns":6}],"relics_obtained":[{"floor":6.0,"key":"Strawberry"},{"floor":9.0,"key":"Lantern"},{"floor":22,"key":"Enchiridion"},{"floor":26,"key":"Meat on the Bone"},{"floor":40,"key":"Potion Belt"},{"floor":40,"key":"Oddly Smooth Stone"},{"floor":43,"key":"Kunai"}],"event_choices":[{"event_name":"Big Fish","player_choice":"Donut","floor":3.0,"damage_taken":0.0},{"event_name":"Purifier","player_choice":"One Purge","floor":4.0,"damage_taken":0.0},{"event_name":"The Cleric","player_choice":"Leave","floor":10.0,"damage_taken":0.0},{"event_name":"Nest","player_choice":"Stole From Cult","floor":20,"damage_taken":0},{"event_name":"Cursed Tome","player_choice":"Obtained Book","floor":22,"damage_taken":0},{"event_name":"Ghosts","player_choice":"Ignored","floor":24,"damage_taken":0},{"event_name":"Transmorgrifier","player_choice":"Transform","floor":36,"damage_taken":0},{"event_name":"Tomb of Lord Red Mask","player_choice":"Paid","floor":37,"damage_taken":0},{"event_name":"Duplicator","player_choice":"One dupe","floor":39,"damage_taken":0},{"event_name":"Wheel of Change","player_choice":"Full Heal","floor":45,"damage_taken":0}],"boss_relics":[{"not_picked":["Tiny House","Busted Crown"],"picked":"Cursed Key"},{"not_picked":["Philosopher\u0027s Stone","Sozu"],"picked":"Black Star"}],"items_purged_floors":[],"potions_floor_spawned":[1,6,11,14,27,31,33,35,42],"seed_played":"-5348607831676301328","killed_by":"Donu and Deca","ascension_level":1,"potions_obtained":[{"floor":1.0,"key":"EssenceOfSteel"},{"floor":6.0,"key":"LiquidBronze"},{"floor":11,"key":"LiquidBronze"},{"floor":14,"key":"Weak Potion"},{"floor":27,"key":"FairyPotion"},{"floor":31,"key":"Poison Potion"},{"floor":33,"key":"EssenceOfSteel"},{"floor":35,"key":"Regen Potion"},{"floor":42,"key":"Regen Potion"}],"is_trial":false}