{"gold_per_floor":[219,233,250,48,65,65,65,78,78,78,92,92,41,54,54,159,159,173,191,45,59,71,71,100,300,300,300,330,330,330,362,362,460,460,478,492,24,24,24],"floor_reached":39,"playtime":4859,"items_purged":["Defend_G","Strike_G"],"score":625,"play_id":"3471fa5d-6b52-4987-b523-87d3fd7f9544","local_time":"20180630174839","is_ascension_mode":true,"campfire_choices":[{"data":"Neutralize","floor":6,"key":"SMITH"},{"data":"Well Laid Plans","floor":10,"key":"SMITH"},{"data":"Backstab","floor":12,"key":"SMITH"},{"data":"Dagger Spray","floor":15,"key":"SMITH"},{"floor":23,"key":"REST"},{"floor":27,"key":"REST"},{"floor":30,"key":"REST"},{"floor":32,"key":"REST"}],"neow_cost":"NONE","seed_source_timestamp":329053715885232,"circlet_count":0,"master_deck":["Defend_G","Defend_G","Defend_G","Defend_G","Strike_G","Strike_G","Strike_G","Strike_G","Survivor","Neutralize+1","Backstab+1","Footwork+1","Well Laid Plans+1","Dagger Spray+1","Predator","Dodge and Roll","Crippling Poison","Choke","Cloak And Dagger+1","After Image","Writhe","Tools of the Trade","Envenom","Noxious Fumes","Catalyst+1"],"relics":["Ring of the Snake","Mercury Hourglass","Orrery","Orichalcum","Dead Branch","Calipers","Dodecahedron","Toolbox","Bag of Marbles","Philosopher\u0027s Stone","Ice Cream"],"potions_floor_usage":[11,14,14,16,21,22,31,33,33,35,39,39],"damage_taken":[{"damage":0,"enemies":"2 Louse","floor":1,"turns":2},{"damage":1,"enemies":"Jaw Worm","floor":2,"turns":5},{"damage":0,"enemies":"Cultist","floor":3,"turns":4},{"damage":0,"enemies":"Large Slime","floor":5,"turns":8},{"damage":2,"enemies":"Red Slaver","floor":8,"turns":4},{"damage":5,"enemies":"Lots of Slimes","floor":11,"turns":3},{"damage":20,"enemies":"Exordium Wildlife","floor":14,"turns":3},{"damage":0,"enemies":"Slime Boss","floor":16,"turns":6},{"damage":11,"enemies":"2 Thieves","floor":18,"turns":5},{"damage":0,"enemies":"3 Byrds","floor":19,"turns":3},{"damage":23,"enemies":"Snake Plant","floor":21,"turns":4},{"damage":24,"enemies":"3 Cultists","floor":22,"turns":5},{"damage":13,"enemies":"Slavers","floor":24,"turns":6},{"damage":6,"enemies":"Gremlin Leader","floor":28,"turns":11},{"damage":26,"enemies":"Slavers","floor":31,"turns":5},{"damage":27,"enemies":"Champ","floor":33,"turns":13},{"damage":45,"enemies":"3 Darklings","floor":35,"turns":7},{"damage":2,"enemies":"3 Shapes","floor":36,"turns":3},{"damage":11,"enemies":"Spire Growth","floor":39,"turns":3}],"seed_played":"-541442849304674202","potions_obtained":[{"floor":1,"key":"Energy Potion"},{"floor":5,"key":"SteroidPotion"},{"floor":11,"key":"Ancient Potion"},{"floor":19,"key":"GamblersBrew"},{"floor":21,"key":"Weak Potion"},{"floor":28,"key":"SteroidPotion"},{"floor":31,"key":"Fire Potion"},{"floor":33,"key":"Fire Potion"},{"floor":35,"key":"Ancient Potion"},{"floor":36,"key":"Fire Potion"}],"is_trial":false,"path_per_floor":["M","M","M","$","M","R","?","M","T","R","M","R","$","M","R","B",null,"M","M","$","M","M","R","E","?","T","R","E","?","R","E","R","B",null,"M","M","$","?"],"character_chosen":"THE_SILENT","items_purchased":["Regen Potion","Poison Potion","Dagger Spray","Orichalcum","Ice Cream","Catalyst"],"campfire_rested":4,"item_purchase_floors":[4,4,13,20,37,37],"current_hp_per_floor":[63,62,62,62,62,62,62,60,60,60,55,55,55,40,40,40,63,52,52,52,29,5,26,13,13,13,34,28,28,49,23,44,17,57,12,10,10,10,0],"gold":24,"neow_bonus":"HUNDRED_GOLD","is_prod":false,"is_daily":false,"chose_seed":false,"campfire_upgraded":4,"win_rate":0,"timestamp":1530398919,"path_taken":["M","M","M","$","M","R","?","?","T","R","M","R","$","M","R","BOSS","M","M","$","M","M","R","E","?","T","R","E","?","R","E","R","BOSS","M","M","$","?","M"],"build_version":"2018-06-29","purchased_purges":2,"victory":false,"max_hp_per_floor":[70,70,70,70,70,70,70,70,70,70,70,70,70,70,70,70,70,70,70,70,70,70,70,70,70,70,70,70,70,70,70,70,70,70,70,70,70,70,70],"card_choices":[{"not_picked":["Calculated Gamble","Dagger Spray"],"picked":"Backstab","floor":1},{"not_picked":["Slice","Leg Sweep"],"picked":"Footwork","floor":2},{"not_picked":["Deflect","Dagger Throw","Expertise"],"picked":"SKIP","floor":3},{"not_picked":["Outmaneuver","Prepared"],"picked":"Well Laid Plans","floor":5},{"not_picked":["Crippling Poison","Sucker Punch","Riddle With Holes"],"picked":"SKIP","floor":8},{"not_picked":["Deflect","Endless Agony","Slice"],"picked":"SKIP","floor":11},{"not_picked":["Cloak And Dagger","Phantasmal Killer"],"picked":"Predator","floor":14},{"not_picked":["Crippling Poison","Dagger Spray"],"picked":"Dodge and Roll","floor":17},{"not_picked":["Distraction","Finisher"],"picked":"Crippling Poison","floor":17},{"not_picked":["Prepared","Poisoned Stab"],"picked":"Choke","floor":17},{"not_picked":["Dash","Poisoned Stab"],"picked":"Cloak And Dagger+1","floor":18},{"not_picked":["Flechettes","Quick Slash+1","Well Laid Plans+1"],"picked":"SKIP","floor":19},{"not_picked":["Acrobatics","Outmaneuver","Cloak And Dagger"],"picked":"SKIP","floor":21},{"not_picked":["Quick Slash","All Out Attack+1","Storm of Steel"],"picked":"SKIP","floor":22},{"not_picked":["PiercingWail","Bouncing Flask"],"picked":"After Image","floor":24},{"not_picked":["Flying Knee","Choke","PiercingWail"],"picked":"SKIP","floor":28},{"not_picked":["Dodge and Roll+1","Leg Sweep+1"],"picked":"Tools of the Trade","floor":31},{"not_picked":["Grand Finale","Glass Knife"],"picked":"Envenom","floor":33},{"not_picked":["Malaise","Dagger Spray"],"picked":"Noxious Fumes","floor":35},{"not_picked":["Cloak And Dagger","Riddle With Holes+1","Quick Slash+1"],"picked":"SKIP","floor":36}],"player_experience":213860,"relics_obtained":[{"floor":9,"key":"Mercury Hourglass"},{"floor":24,"key":"Dead Branch"},{"floor":26,"key":"Calipers"},{"floor":28,"key":"Dodecahedron"},{"floor":31,"key":"Bag of Marbles"}],"event_choices":[{"event_name":"Living Wall","player_choice":"Grow","floor":7,"damage_taken":0},{"event_name":"The Joust","player_choice":"Bet on Owner","floor":25,"damage_taken":0},{"event_name":"The Mausoleum","player_choice":"Yes","floor":29,"damage_taken":0},{"event_name":"Accursed Blacksmith","player_choice":"Forge","floor":38,"damage_taken":0}],"boss_relics":[{"not_picked":["Busted Crown","Eternal Feather"],"picked":"Orrery"},{"not_picked":["Runic Pyramid","Black Star"],"picked":"Philosopher\u0027s Stone"}],"items_purged_floors":[4,37],"is_endless":false,"potions_floor_spawned":[1,5,11,19,21,28,31,33,35,36],"killed_by":"Spire Growth","ascension_level":6}