{"path_per_floor":["M","M","?","T","?","E","?","R","T","E","M","M"],"character_chosen":"DEFECT","items_purchased":[],"gold_per_floor":[111,124,89,89,44,73,73,73,98,129,142,162,162],"floor_reached":13,"campfire_rested":1,"playtime":619,"item_purchase_floors":[],"current_hp_per_floor":[54,42,60,60,60,22,22,44,44,16,16,5,0],"items_purged":[],"gold":162,"score":112,"play_id":"a144b5ee-a032-43ad-b4d3-63edb15d3174","local_time":"20180615154038","is_prod":false,"is_daily":false,"chose_seed":false,"is_ascension_mode":true,"campfire_upgraded":0,"win_rate":0,"timestamp":1529091638,"campfire_choices":[{"floor":8,"key":"REST"}],"path_taken":["M","M","?","?","?","E","?","R","T","E","M","M","?"],"build_version":"2018-06-14v2","seed_source_timestamp":130374168805931,"purchased_purges":0,"victory":false,"master_deck":["Zap","Dualcast","Gash","Storm","Hologram","Redo","Undo","Ball Lightning","Redo","Darkness","Coolheaded","Force Field","Ball Lightning","Gash","Skim","Consume"],"max_hp_per_floor":[75,75,75,75,75,75,75,75,75,75,75,75,75],"relics":["Pandora\u0027s Box","Bag of Marbles","Omamori","Dream Catcher","Boot"],"card_choices":[{"not_picked":["Conserve Battery","Redo"],"picked":"Darkness","floor":1},{"not_picked":["Beam Cell","Heatsinks"],"picked":"Coolheaded","floor":2},{"not_picked":["Tempest","Hello World"],"picked":"Force Field","floor":6},{"not_picked":["White Noise","Go for the Eyes"],"picked":"Gash","floor":10},{"not_picked":["Loop","Leap"],"picked":"Skim","floor":11},{"not_picked":["Sweeping Beam","Tempest"],"picked":"Consume","floor":12}],"player_experience":589485,"potions_floor_usage":[12,12],"damage_taken":[{"damage":21,"enemies":"2 Louse","floor":1,"turns":3},{"damage":12,"enemies":"Jaw Worm","floor":2,"turns":3},{"damage":38,"enemies":"Lagavulin","floor":6,"turns":5},{"damage":28,"enemies":"3 Sentries","floor":10,"turns":8},{"damage":0,"enemies":"Cultist","floor":11,"turns":3},{"damage":11,"enemies":"Exordium Thugs","floor":12,"turns":4},{"damage":8,"enemies":"2 Fungi Beasts","floor":13,"turns":2}],"relics_obtained":[{"floor":4,"key":"Bag of Marbles"},{"floor":6,"key":"Omamori"},{"floor":9,"key":"Dream Catcher"},{"floor":10,"key":"Boot"}],"event_choices":[{"event_name":"The Cleric","player_choice":"Healed","floor":3,"damage_taken":0},{"event_name":"World of Goop","player_choice":"Left","floor":5,"damage_taken":0},{"event_name":"Living Wall","player_choice":"Change","floor":7,"damage_taken":0}],"boss_relics":[],"items_purged_floors":[],"is_endless":false,"potions_floor_spawned":[6,10,11],"seed_played":"900804728229673889","killed_by":"2 Fungi Beasts","ascension_level":4,"potions_obtained":[{"floor":6,"key":"Block Potion"},{"floor":10,"key":"Explosive Potion"},{"floor":11,"key":"FearPotion"}],"is_trial":false}