{"gold_per_floor":[359,359,374,397,136,167,188,209,209,225,6,20,20,38,38,162,162,183,210,210,16,31,31,62,62,62,62,86,1,16,36,36,164,164,184,184,184,198,211,211,227,227,250,250,106,36,36,50,50,50],"floor_reached":50,"playtime":11206,"items_purged":["Decay","Injury"],"score":565,"play_id":"fe988d9c-e4a7-43f4-9ea8-bd3926c93763","local_time":"20181022165800","is_ascension_mode":true,"campfire_choices":[{"floor":13.0,"key":"REST"},{"data":"Chaos","floor":15.0,"key":"SMITH"},{"data":"Biased Cognition","floor":23.0,"key":"SMITH"},{"data":"Zap","floor":25.0,"key":"SMITH"},{"data":"Dualcast","floor":27.0,"key":"SMITH"},{"floor":32,"key":"REST"},{"floor":40,"key":"REST"},{"floor":49,"key":"REST"}],"neow_cost":"CURSE","seed_source_timestamp":0,"circlet_count":0,"master_deck":["Strike_B","Strike_B","Defend_B","Defend_B","Defend_B","Zap+1","Dualcast+1","Loop","Melter+1","Chill","Sweeping Beam+1","Chaos+1","Beam Cell","Glacier","Go for the Eyes","Sunder","Electrodynamics","Chill+1","Chaos+1","Biased Cognition+1","All For One","Seek","Fission+1","Amplify+1","Capacitor+1","Fusion+1","Darkness+1","Defragment+1","Undo","Secret Technique"],"special_seed":0,"relics":["Cracked Core","Golden Idol","Ornamental Fan","Sozu","Anchor","Nloth\u0027s Gift","DollysMirror","Gremlin Horn","Singing Bowl","Centennial Puzzle","Astrolabe","Art of War","Gambling Chip","Vajra"],"potions_floor_usage":[],"damage_taken":[{"damage":2.0,"enemies":"Small Slimes","floor":1.0,"turns":2.0},{"damage":4.0,"enemies":"2 Louse","floor":3.0,"turns":3.0},{"damage":3.0,"enemies":"Cultist","floor":4.0,"turns":3.0},{"damage":0.0,"enemies":"Gremlin Nob","floor":6.0,"turns":4.0},{"damage":0.0,"enemies":"2 Fungi Beasts","floor":7.0,"turns":2.0},{"damage":24.0,"enemies":"Gremlin Gang","floor":8.0,"turns":4.0},{"damage":6.0,"enemies":"Lots of Slimes","floor":10.0,"turns":3.0},{"damage":1.0,"enemies":"Large Slime","floor":12.0,"turns":3.0},{"damage":2.0,"enemies":"3 Louse","floor":14.0,"turns":2.0},{"damage":16.0,"enemies":"Slime Boss","floor":16.0,"turns":8.0},{"damage":0.0,"enemies":"Chosen","floor":18.0,"turns":4.0},{"damage":0.0,"enemies":"Spheric Guardian","floor":22.0,"turns":3.0},{"damage":24.0,"enemies":"Gremlin Leader","floor":24.0,"turns":6.0},{"damage":1.0,"enemies":"Shelled Parasite and Fungi","floor":28.0,"turns":5.0},{"damage":1,"enemies":"Snake Plant","floor":30,"turns":4},{"damage":12,"enemies":"Snecko","floor":31,"turns":4},{"damage":37,"enemies":"Automaton","floor":33,"turns":9},{"damage":9,"enemies":"3 Darklings","floor":35,"turns":4},{"damage":0,"enemies":"3 Shapes","floor":38,"turns":2},{"damage":30,"enemies":"Maw","floor":39,"turns":9},{"damage":11,"enemies":"3 Darklings","floor":41,"turns":3},{"damage":41,"enemies":"Transient","floor":48,"turns":5},{"damage":51,"enemies":"Awakened One","floor":50,"turns":12}],"seed_played":"4313356104332742040","potions_obtained":[{"floor":1.0,"key":"PowerPotion"},{"floor":3.0,"key":"PowerPotion"},{"floor":10.0,"key":"FocusPotion"},{"floor":14.0,"key":"Regen Potion"}],"is_trial":false,"path_per_floor":["M","?","M","M","$","E","M","M","T","M","$","M","R","M","R","B",null,"M","T","?","$","M","R","E","R","T","R","M","?","M","M","R","B",null,"M","?","?","M","M","R","M","?","T","T","$","$","?","M","R"],"character_chosen":"DEFECT","items_purchased":["Sweeping Beam","Chaos","Beam Cell","Sunder","Explosive Potion","DollysMirror","Vajra","Undo"],"campfire_rested":4,"item_purchase_floors":[5,5,5,11,11,21,45,46],"current_hp_per_floor":[73,73,69,66,66,66,66,42,42,36,36,35,57,55,55,39,75,75,75,75,75,75,75,63,63,63,63,64,64,65,53,76,39,79,72,72,72,72,42,66,57,57,57,57,57,57,57,18,43,0],"gold":50,"neow_bonus":"TWO_FIFTY_GOLD","is_prod":false,"is_daily":false,"chose_seed":false,"campfire_upgraded":4,"win_rate":0,"timestamp":1540245480,"path_taken":["M","?","M","M","$","E","M","M","T","M","$","M","R","M","R","BOSS","M","?","?","$","M","R","E","R","T","R","M","?","M","?","R","BOSS","M","?","?","M","M","R","?","?","T","?","?","$","?","M","R","BOSS"],"build_version":"2018-10-19","purchased_purges":2,"victory":false,"max_hp_per_floor":[75,75,75,75,75,75,75,75,75,75,75,75,75,75,75,75,75,75,75,75,75,75,75,75,75,75,75,77,77,79,79,79,79,79,81,81,81,81,81,81,83,83,83,83,83,83,83,85,85,85],"card_choices":[{"not_picked":["Redo","Sweeping Beam"],"picked":"Loop","floor":1.0},{"not_picked":["Leap","Steam"],"picked":"Melter","floor":3.0},{"not_picked":["Cold Snap","Gash"],"picked":"Chill","floor":4.0},{"not_picked":["Beam Cell","Scrape","Turbo"],"picked":"SKIP","floor":6.0},{"not_picked":["Steam","Cold Snap"],"picked":"Ball Lightning","floor":7.0},{"not_picked":["Streamline","Reboot"],"picked":"Glacier","floor":8.0},{"not_picked":["Static Discharge","Conserve Battery"],"picked":"Go for the Eyes","floor":10.0},{"not_picked":["Go for the Eyes","Redo","Barrage"],"picked":"SKIP","floor":12.0},{"not_picked":["Beam Cell","Redo","Heatsinks"],"picked":"SKIP","floor":14.0},{"not_picked":["Meteor Strike","Creative AI"],"picked":"Electrodynamics","floor":16.0},{"not_picked":["Scrape","Force Field"],"picked":"Chill+1","floor":18.0},{"not_picked":["Barrage","Chaos+1"],"picked":"Biased Cognition","floor":22.0},{"not_picked":["Cold Snap","Go for the Eyes"],"picked":"All For One","floor":24.0},{"not_picked":["Ball Lightning","Redo","Aggregate+1"],"picked":"Singing Bowl","floor":28.0},{"not_picked":["Beam Cell","Ball Lightning+1","Coolheaded+1"],"picked":"Singing Bowl","floor":30},{"not_picked":["Beam Cell","Static Discharge"],"picked":"Seek","floor":31},{"not_picked":["Core Surge","Multi-Cast"],"picked":"Fission","floor":33},{"not_picked":["Streamline","Force Field","Reinforced Body"],"picked":"Singing Bowl","floor":35},{"not_picked":["Turbo","Static Discharge+1"],"picked":"Darkness+1","floor":38},{"not_picked":["Leap","Rebound"],"picked":"Defragment+1","floor":39},{"not_picked":["Compile Driver+1","Darkness","Barrage+1"],"picked":"Singing Bowl","floor":41},{"not_picked":["Good Instincts","PanicButton"],"picked":"Secret Technique","floor":47},{"not_picked":["Ball Lightning","Force Field+1","Coolheaded"],"picked":"Singing Bowl","floor":48}],"player_experience":446436,"relics_obtained":[{"floor":6.0,"key":"Whetstone"},{"floor":9.0,"key":"Ornamental Fan"},{"floor":19.0,"key":"Anchor"},{"floor":24.0,"key":"Gremlin Horn"},{"floor":26.0,"key":"Singing Bowl"},{"floor":43,"key":"Art of War"},{"floor":44,"key":"Gambling Chip"}],"event_choices":[{"damage_healed":0.0,"max_hp_gain":0.0,"max_hp_loss":0.0,"gold_gain":0.0,"event_name":"Golden Idol","player_choice":"Take Wound","floor":2.0,"gold_loss":0.0,"damage_taken":0.0,"relics_obtained":["Golden Idol"],"cards_obtained":["Injury"]},{"damage_healed":0.0,"max_hp_gain":0.0,"max_hp_loss":0.0,"gold_gain":0.0,"event_name":"N\u0027loth","player_choice":"Traded Relic","floor":20.0,"relics_lost":["Whetstone"],"gold_loss":0.0,"damage_taken":0.0,"relics_obtained":["Nloth\u0027s Gift"]},{"damage_healed":0.0,"max_hp_gain":0.0,"max_hp_loss":0.0,"gold_gain":0.0,"event_name":"Addict","player_choice":"Obtained Relic","floor":29.0,"gold_loss":85.0,"damage_taken":0.0,"relics_obtained":["Centennial Puzzle"]},{"damage_healed":0,"gold_gain":0,"player_choice":"Ignored","damage_taken":0,"max_hp_gain":0,"max_hp_loss":0,"event_name":"Tomb of Lord Red Mask","floor":36,"gold_loss":0},{"damage_healed":0,"gold_gain":0,"player_choice":"Upgraded","damage_taken":0,"max_hp_gain":0,"max_hp_loss":0,"event_name":"Upgrade Shrine","floor":37,"gold_loss":0,"cards_upgraded":["Fission"]},{"cards_removed":["Ball Lightning"],"damage_healed":0,"gold_gain":0,"player_choice":"Removed Attack","damage_taken":0,"max_hp_gain":0,"max_hp_loss":0,"event_name":"Falling","floor":42,"gold_loss":0},{"damage_healed":0,"gold_gain":0,"player_choice":"Memory 1","damage_taken":0,"max_hp_gain":0,"max_hp_loss":0,"event_name":"SensoryStone","floor":47,"gold_loss":0}],"is_beta":true,"boss_relics":[{"not_picked":["Orrery","Velvet Choker"],"picked":"Sozu"},{"not_picked":["Calling Bell","Nuclear Battery"],"picked":"Astrolabe"}],"items_purged_floors":[5,11],"is_endless":false,"potions_floor_spawned":[1,3,10,14,24,28,38,39],"killed_by":"Awakened One","ascension_level":3}