{"gold_per_floor":[13,30,47,47,47,47,77,77,131,159,172,199,211,223,235,319,331,355,377,48,48,48],"floor_reached":22,"playtime":1208,"items_purged":[],"score":342,"play_id":"2080062f-a0ca-42dc-96a2-6e389a4f54a7","local_time":"20190117213134","is_ascension_mode":true,"campfire_choices":[{"data":"Berserk","floor":6,"key":"SMITH"},{"floor":8,"key":"REST"},{"floor":15,"key":"REST"}],"neow_cost":"NO_GOLD","seed_source_timestamp":49821509575270,"circlet_count":0,"master_deck":["AscendersBane","Strike_R","Strike_R","Strike_R","Strike_R","Defend_R","Defend_R+1","Defend_R+1","Defend_R","Bash","Dropkick","Shrug It Off","Berserk+1","Headbutt","Fiend Fire","Metallicize","Infernal Blade","Feed","Carnage","Metallicize+1","Dropkick"],"relics":["Burning Blood","Gambling Chip","Strawberry","War Paint","Dream Catcher","MawBank","Spirit Poop","Fusion Hammer","Shuriken"],"potions_floor_usage":[7,7],"damage_taken":[{"damage":15,"enemies":"Small Slimes","floor":1,"turns":4},{"damage":1,"enemies":"Cultist","floor":2,"turns":3},{"damage":2,"enemies":"2 Louse","floor":3,"turns":3},{"damage":35,"enemies":"Lagavulin","floor":7,"turns":9},{"damage":33,"enemies":"3 Sentries","floor":10,"turns":10},{"damage":9,"enemies":"Red Slaver","floor":11,"turns":4},{"damage":34,"enemies":"Gremlin Nob","floor":12,"turns":4},{"damage":27,"enemies":"Hexaghost","floor":16,"turns":13},{"damage":45,"enemies":"3 Byrds","floor":18,"turns":8},{"damage":19,"enemies":"Spheric Guardian","floor":19,"turns":4},{"damage":27,"enemies":"Snake Plant","floor":22,"turns":2}],"seed_played":"-1808134091543648024","potions_obtained":[{"floor":1,"key":"EssenceOfSteel"},{"floor":2,"key":"SkillPotion"},{"floor":16,"key":"GamblersBrew"}],"is_trial":false,"path_per_floor":["M","M","M","?","$","R","E","R","T","E","M","E","?","?","R","B",null,"M","M","$","?","M"],"character_chosen":"IRONCLAD","items_purchased":["Dropkick","Shuriken"],"campfire_rested":2,"item_purchase_floors":[20,20],"current_hp_per_floor":[59,64,68,68,68,68,46,70,70,43,40,12,32,32,55,34,68,32,19,19,19,0],"gold":48,"neow_bonus":"ONE_RARE_RELIC","is_prod":false,"is_daily":false,"chose_seed":false,"campfire_upgraded":1,"win_rate":0,"timestamp":1547778694,"path_taken":["M","M","M","?","$","R","E","R","T","E","M","E","?","?","R","BOSS","M","M","$","?","M"],"build_version":"2019-01-17","purchased_purges":0,"victory":false,"max_hp_per_floor":[75,75,75,75,75,75,82,82,82,82,82,82,82,79,79,79,79,82,82,82,82,82],"card_choices":[{"not_picked":["Evolve","Iron Wave"],"picked":"Dropkick","floor":1},{"not_picked":["Body Slam","Iron Wave"],"picked":"Shrug It Off","floor":2},{"not_picked":["Heavy Blade","Warcry"],"picked":"Berserk","floor":3},{"not_picked":["Clothesline","Armaments"],"picked":"Headbutt","floor":7},{"not_picked":["Searing Blow","Warcry","Flex"],"picked":"SKIP","floor":10},{"not_picked":["Searing Blow","Twin Strike"],"picked":"Fiend Fire","floor":11},{"not_picked":["Bloodletting","Headbutt"],"picked":"Metallicize","floor":12},{"not_picked":["Flex","Iron Wave"],"picked":"Infernal Blade","floor":15},{"not_picked":["Exhume","Reaper"],"picked":"Feed","floor":16},{"not_picked":["Warcry","Fire Breathing"],"picked":"Carnage","floor":18},{"not_picked":["Inflame","Headbutt"],"picked":"Metallicize+1","floor":19}],"player_experience":2144956,"relics_obtained":[{"floor":7,"key":"Strawberry"},{"floor":9,"key":"War Paint"},{"floor":10,"key":"Dream Catcher"},{"floor":12,"key":"MawBank"}],"event_choices":[{"cards_removed":["Strike_R"],"damage_healed":0,"gold_gain":0,"player_choice":"Forget","damage_taken":0,"max_hp_gain":0,"max_hp_loss":0,"event_name":"Living Wall","floor":4,"gold_loss":0},{"damage_healed":20,"gold_gain":0,"player_choice":"Healed and dodged fight","damage_taken":0,"max_hp_gain":0,"max_hp_loss":0,"event_name":"Mushrooms","floor":13,"gold_loss":0,"cards_obtained":["Parasite"]},{"cards_removed":["Parasite"],"damage_healed":0,"gold_gain":0,"player_choice":"Offered Curse","damage_taken":0,"relics_obtained":["Spirit Poop"],"max_hp_gain":0,"max_hp_loss":0,"event_name":"Bonfire Elementals","floor":14,"gold_loss":0},{"damage_healed":0,"gold_gain":0,"player_choice":"Ignored","damage_taken":0,"max_hp_gain":0,"max_hp_loss":0,"event_name":"Ghosts","floor":21,"gold_loss":0}],"is_beta":false,"boss_relics":[{"not_picked":["Black Blood","Runic Dome"],"picked":"Fusion Hammer"}],"items_purged_floors":[],"is_endless":false,"potions_floor_spawned":[1,2,16],"killed_by":"Snake Plant","ascension_level":14}