{"gold_per_floor":[369,114,125,138,153,153,170,199,199,199,214,233,233,248,248,344,344,354,381,13,13,13,13,28,40,65,75,75,75,85,85,85,180,180,193,205,427,427,447,447,457,484,507,507,607,607,607,624,624,624],"floor_reached":51,"playtime":2438,"items_purged":["Strike_B","Strike_B"],"score":801,"play_id":"c921fde7-fb0b-4a2b-8956-e04460b57585","local_time":"20181231081335","is_ascension_mode":true,"campfire_choices":[{"data":"Zap","floor":6,"key":"SMITH"},{"data":"Streamline","floor":10,"key":"SMITH"},{"data":"Dualcast","floor":13,"key":"SMITH"},{"data":"Auto Shields","floor":15,"key":"SMITH"},{"floor":23,"key":"REST"},{"data":"Double Energy","floor":29,"key":"SMITH"},{"floor":32,"key":"REST"},{"floor":40,"key":"REST"},{"data":"Amplify","floor":44,"key":"SMITH"},{"floor":47,"key":"REST"},{"floor":49,"key":"REST"}],"neow_cost":"TEN_PERCENT_HP_LOSS","seed_source_timestamp":457152577716825,"circlet_count":0,"master_deck":["Strike_B+1","Defend_B+1","Defend_B+1","Zap+1","Dualcast+1","Sweeping Beam","Master of Strategy","Streamline+1","BootSequence","Coolheaded","Capacitor+1","Auto Shields+1","Rebound","Echo Form+1","Double Energy+1","Ball Lightning+1","Coolheaded","Redo+1","Reinforced Body+1","Auto Shields+1","Darkness","Electrodynamics+1","Thunder Strike","Ball Lightning+1","Coolheaded+1","Heatsinks+1","Amplify+1","Redo+1"],"relics":["Cracked Core","Ice Cream","Frozen Egg 2","Philosopher\u0027s Stone","Red Mask","Mummified Hand","Blood Vial","Ornamental Fan","Pen Nib","Girya"],"potions_floor_usage":[8,8,8,16,19,19,19,25,27,30,30,42,42,42,50,50],"damage_taken":[{"damage":1,"enemies":"Cultist","floor":1,"turns":3},{"damage":0,"enemies":"Small Slimes","floor":3,"turns":2},{"damage":1,"enemies":"2 Louse","floor":4,"turns":2},{"damage":6,"enemies":"Blue Slaver","floor":5,"turns":4},{"damage":7,"enemies":"Exordium Thugs","floor":7,"turns":3},{"damage":2,"enemies":"Lagavulin","floor":8,"turns":6},{"damage":1,"enemies":"Looter","floor":11,"turns":2},{"damage":0,"enemies":"Large Slime","floor":12,"turns":4},{"damage":0,"enemies":"3 Louse","floor":14,"turns":2},{"damage":26,"enemies":"Hexaghost","floor":16,"turns":10},{"damage":12,"enemies":"Shell Parasite","floor":18,"turns":4},{"damage":53,"enemies":"Masked Bandits","floor":19,"turns":6},{"damage":0,"enemies":"Chosen","floor":24,"turns":3},{"damage":4,"enemies":"3 Cultists","floor":25,"turns":3},{"damage":2,"enemies":"Centurion and Healer","floor":27,"turns":6},{"damage":0,"enemies":"Snake Plant","floor":30,"turns":3},{"damage":18,"enemies":"Automaton","floor":33,"turns":8},{"damage":0,"enemies":"3 Shapes","floor":35,"turns":3},{"damage":23,"enemies":"Orb Walker","floor":36,"turns":4},{"damage":16,"enemies":"Maw","floor":39,"turns":7},{"damage":0,"enemies":"Jaw Worm Horde","floor":41,"turns":3},{"damage":23,"enemies":"Reptomancer","floor":42,"turns":6},{"damage":0,"enemies":"Mind Bloom Boss Battle","floor":45,"turns":4},{"damage":29,"enemies":"Spire Growth","floor":48,"turns":4},{"damage":40,"enemies":"Donu and Deca","floor":50,"turns":8}],"seed_played":"7225004303870304518","potions_obtained":[{"floor":3,"key":"Dexterity Potion"},{"floor":4,"key":"Dexterity Potion"},{"floor":7,"key":"FearPotion"},{"floor":11,"key":"EssenceOfSteel"},{"floor":12,"key":"EssenceOfSteel"},{"floor":14,"key":"PowerPotion"},{"floor":18,"key":"Poison Potion"},{"floor":19,"key":"PowerPotion"},{"floor":25,"key":"EntropicBrew"},{"floor":27,"key":"FocusPotion"},{"floor":30,"key":"GamblersBrew"},{"floor":39,"key":"Weak Potion"},{"floor":41,"key":"FocusPotion"},{"floor":42,"key":"Energy Potion"},{"floor":48,"key":"SkillPotion"}],"is_trial":false,"path_per_floor":["M","$","M","M","M","R","M","E","T","R","M","M","R","M","R","B",null,"M","?","$","?","?","R","M","M","T","M","$","R","M","?","R","B",null,"M","M","?","?","M","R","M","E","T","R","?","?","R","M","R","B",null],"character_chosen":"DEFECT","items_purchased":["Master of Strategy","Mummified Hand","Coolheaded"],"campfire_rested":5,"item_purchase_floors":[2,20,20],"current_hp_per_floor":[67,67,67,66,60,60,53,51,51,51,50,50,50,50,50,24,68,56,3,3,3,3,23,23,19,19,19,19,19,21,21,41,25,68,68,45,45,45,31,51,53,32,32,32,34,34,53,26,45,7],"gold":624,"neow_bonus":"TWO_FIFTY_GOLD","is_prod":false,"is_daily":false,"chose_seed":false,"campfire_upgraded":6,"win_rate":0,"timestamp":1546211615,"path_taken":["M","$","M","M","?","R","M","E","T","R","M","M","R","M","R","BOSS","M","?","$","?","?","R","M","M","T","M","$","R","?","?","R","BOSS","M","M","?","?","M","R","M","E","T","R","?","?","R","M","R","BOSS"],"build_version":"2018-12-20","purchased_purges":2,"victory":true,"max_hp_per_floor":[68,68,68,68,68,68,68,68,68,68,68,68,68,68,68,68,68,68,68,68,68,68,68,68,68,68,68,68,68,68,68,68,68,68,68,68,68,68,68,68,68,68,68,68,68,65,65,65,65,65],"card_choices":[{"not_picked":["Rip and Tear","Steam"],"picked":"Sweeping Beam","floor":1},{"not_picked":["Stack","Heatsinks"],"picked":"Streamline","floor":3},{"not_picked":["Go for the Eyes","Undo","Aggregate"],"picked":"SKIP","floor":4},{"not_picked":["Double Energy","Lockon"],"picked":"BootSequence","floor":5},{"not_picked":["Storm","Genetic Algorithm","Chaos"],"picked":"SKIP","floor":7},{"not_picked":["Creative AI","Chaos"],"picked":"Coolheaded","floor":8},{"not_picked":["Chill","Go for the Eyes"],"picked":"Capacitor+1","floor":11},{"not_picked":["Reprogram","Force Field"],"picked":"Auto Shields","floor":12},{"not_picked":["Scrape","Beam Cell"],"picked":"Rebound","floor":14},{"not_picked":["Meteor Strike","Seek"],"picked":"Echo Form+1","floor":16},{"not_picked":["Conserve Battery","Leap"],"picked":"Double Energy","floor":18},{"not_picked":["Streamline","Chaos"],"picked":"Ball Lightning+1","floor":19},{"not_picked":["Go for the Eyes","Gash"],"picked":"Redo+1","floor":24},{"not_picked":["Gash+1","Chaos+1"],"picked":"Reinforced Body+1","floor":25},{"not_picked":["Scrape","Genetic Algorithm+1"],"picked":"Auto Shields+1","floor":27},{"not_picked":["Coolheaded","Leap+1","Heatsinks+1"],"picked":"SKIP","floor":30},{"not_picked":["Meteor Strike","Fission"],"picked":"Thunder Strike","floor":33},{"not_picked":["Go for the Eyes","FTL+1"],"picked":"Ball Lightning+1","floor":35},{"not_picked":["Reprogram+1","Cold Snap"],"picked":"Coolheaded+1","floor":36},{"not_picked":["Gash","Barrage","Sweeping Beam+1"],"picked":"SKIP","floor":39},{"not_picked":["Go for the Eyes","Rip and Tear"],"picked":"Heatsinks+1","floor":41},{"not_picked":["Undo","Blizzard"],"picked":"Amplify","floor":42},{"not_picked":["Steam","Stack+1"],"picked":"Redo+1","floor":45},{"not_picked":["Chaos","Beam Cell","Leap+1"],"picked":"SKIP","floor":48}],"player_experience":280096,"relics_obtained":[{"floor":8,"key":"Ice Cream"},{"floor":9,"key":"Frozen Egg 2"},{"floor":19,"key":"Red Mask"},{"floor":26,"key":"Blood Vial"},{"floor":42,"key":"Ornamental Fan"},{"floor":43,"key":"Pen Nib"},{"floor":45,"key":"Girya"}],"event_choices":[{"damage_healed":0,"gold_gain":0,"player_choice":"Fought Bandits","damage_taken":0,"max_hp_gain":0,"max_hp_loss":0,"event_name":"Masked Bandits","floor":19,"gold_loss":0},{"damage_healed":0,"gold_gain":0,"player_choice":"Simplicity","damage_taken":0,"max_hp_gain":0,"max_hp_loss":0,"event_name":"Back to Basics","floor":21,"gold_loss":0,"cards_upgraded":["Strike_B","Strike_B","Defend_B","Defend_B","Defend_B","Defend_B"]},{"cards_removed":["Defend_B"],"damage_healed":0,"gold_gain":0,"player_choice":"Offered Basic","damage_taken":0,"max_hp_gain":0,"max_hp_loss":0,"event_name":"Bonfire Elementals","floor":22,"gold_loss":0},{"damage_healed":0,"gold_gain":0,"cards_transformed":["Strike_B","Defend_B"],"player_choice":"Became Test Subject","damage_taken":0,"max_hp_gain":0,"max_hp_loss":0,"event_name":"Drug Dealer","floor":31,"gold_loss":0,"cards_obtained":["Darkness","Electrodynamics"]},{"damage_healed":0,"gold_gain":222,"player_choice":"Wore Mask","damage_taken":0,"max_hp_gain":0,"max_hp_loss":0,"event_name":"Tomb of Lord Red Mask","floor":37,"gold_loss":0},{"damage_healed":0,"gold_gain":0,"player_choice":"Ignored","damage_taken":0,"max_hp_gain":0,"max_hp_loss":0,"event_name":"Mysterious Sphere","floor":38,"gold_loss":0},{"damage_healed":0,"gold_gain":0,"player_choice":"Fight","damage_taken":0,"max_hp_gain":0,"max_hp_loss":0,"event_name":"MindBloom","floor":45,"gold_loss":0},{"damage_healed":0,"gold_gain":0,"player_choice":"Max HP","damage_taken":0,"max_hp_gain":0,"max_hp_loss":3,"event_name":"Winding Halls","floor":46,"gold_loss":0}],"is_beta":false,"boss_relics":[{"not_picked":["Orrery","Black Star"],"picked":"Philosopher\u0027s Stone"},{"not_picked":["Fusion Hammer","Coffee Dripper","Calling Bell"]}],"items_purged_floors":[2,20],"is_endless":false,"potions_floor_spawned":[3,4,7,11,12,14,18,19,25,27,30,39,41,42,48],"ascension_level":3}