{"path_per_floor":["M","?","$","M","M","T","M","R","T","M","M","R","?","$","R","B",null,"M","$","?","M","?","R","$","R","T","M","M","M","$","M","R","B",null,"M","$","?","$","?","R","$","M","T","R","M","M","M","M","R"],"character_chosen":"IRONCLAD","items_purchased":["Finesse","Inflame","Whetstone"],"gold_per_floor":[113,113,21,37,53,53,71,71,71,88,106,106,106,31,31,135,135,155,55,81,96,11,11,11,11,37,52,62,79,40,56,56,156,156,171,171,171,19,241,241,116,129,129,129,142,153,168,181,181,181],"floor_reached":50,"campfire_rested":6,"playtime":2329,"item_purchase_floors":[3,30,38],"current_hp_per_floor":[78,78,78,78,70,70,49,73,73,65,60,80,80,80,80,38,80,67,67,41,36,36,75,75,75,75,62,61,32,32,25,65,49,84,79,79,48,48,48,88,88,90,90,90,90,79,56,11,54,0],"items_purged":["Strike_R","Strike_R","Strike_R"],"gold":181,"score":728,"play_id":"223ea5a1-e717-4115-93f3-da752a31717d","local_time":"20180612215158","is_prod":false,"is_daily":false,"chose_seed":false,"is_ascension_mode":true,"campfire_upgraded":3,"win_rate":0,"timestamp":1528854718,"campfire_choices":[{"floor":8,"key":"REST"},{"floor":12,"key":"REST"},{"data":"Shrug It Off","floor":15,"key":"SMITH"},{"floor":23,"key":"REST"},{"data":"Heavy Blade","floor":25,"key":"SMITH"},{"floor":32,"key":"REST"},{"floor":40,"key":"REST"},{"data":"Demon Form","floor":44,"key":"SMITH"},{"floor":49,"key":"REST"}],"path_taken":["M","?","$","?","M","?","M","R","T","M","?","R","?","$","R","BOSS","M","$","?","M","?","R","?","R","T","M","?","M","$","M","R","BOSS","M","$","?","$","?","R","?","M","T","R","M","M","M","?","R","BOSS"],"build_version":"2018-06-07v3","seed_source_timestamp":526710547264901,"purchased_purges":3,"victory":false,"master_deck":["Strike_R","Defend_R","Defend_R","Defend_R","Bash","Heavy Blade","Armaments","Finesse","Anger+1","Shrug It Off+1","Demon Form+1","Inflame","Thunderclap+1","Demon Form+1","Anger+1","Heavy Blade+1","Ghostly Armor","Heavy Blade","Inflame","Heavy Blade","Double Tap","Heavy Blade","Cleave"],"max_hp_per_floor":[80,80,80,80,80,80,80,80,80,80,80,80,80,80,80,80,80,80,80,80,80,80,80,80,80,80,80,82,84,84,84,84,84,84,86,86,88,88,88,88,88,90,90,90,90,90,92,94,94,94],"relics":["Burning Blood","Red Skull","Regal Pillow","Snecko Eye","Red Mask","Singing Bowl","Art of War","Sozu","Unceasing Top","Whetstone","Matryoshka"],"card_choices":[{"not_picked":["Pommel Strike","Clash"],"picked":"Armaments","floor":1},{"not_picked":["Twin Strike","Armaments"],"picked":"Anger","floor":4},{"not_picked":["Reckless Charge","Headbutt"],"picked":"Shrug It Off","floor":5},{"not_picked":["Pommel Strike","Havoc"],"picked":"Demon Form","floor":7},{"not_picked":["True Grit","Iron Wave"],"picked":"Inflame","floor":10},{"not_picked":["True Grit","Clash"],"picked":"Thunderclap","floor":11},{"not_picked":["Berserk","Exhume"],"picked":"Demon Form","floor":16},{"not_picked":["Iron Wave","Feel No Pain"],"picked":"Anger+1","floor":18},{"not_picked":["Anger","Sword Boomerang+1"],"picked":"Heavy Blade","floor":20},{"not_picked":["Shrug It Off","Armaments+1"],"picked":"Ghostly Armor","floor":21},{"not_picked":["Power Through+1","Body Slam"],"picked":"Heavy Blade","floor":27},{"not_picked":["Havoc","Perfected Strike","Bloodletting"],"picked":"Singing Bowl","floor":28},{"not_picked":["Body Slam+1","Burning Pact","Bloodletting"],"picked":"Singing Bowl","floor":29},{"not_picked":["Headbutt+1","Bloodletting"],"picked":"Heavy Blade","floor":31},{"not_picked":["Fiend Fire","Exhume"],"picked":"Double Tap","floor":33},{"not_picked":["Clash+1","Fire Breathing+1","Headbutt+1"],"picked":"Singing Bowl","floor":35},{"not_picked":["Pommel Strike+1","True Grit+1","Flex"],"picked":"Singing Bowl","floor":37},{"not_picked":["Twin Strike+1","Iron Wave","Uppercut+1"],"picked":"Singing Bowl","floor":42},{"not_picked":["Iron Wave","Bludgeon"],"picked":"Heavy Blade","floor":45},{"not_picked":["Flex","Seeing Red+1"],"picked":"Cleave","floor":46},{"not_picked":["Headbutt+1","Burning Pact+1","Second Wind+1"],"picked":"Singing Bowl","floor":47},{"not_picked":["Intimidate","Cleave","Headbutt"],"picked":"Singing Bowl","floor":48}],"player_experience":513081,"potions_floor_usage":[7,16,20,31,33,33],"damage_taken":[{"damage":8,"enemies":"2 Louse","floor":1,"turns":2},{"damage":6,"enemies":"Cultist","floor":4,"turns":3},{"damage":14,"enemies":"Small Slimes","floor":5,"turns":3},{"damage":27,"enemies":"Exordium Thugs","floor":7,"turns":4},{"damage":14,"enemies":"Red Slaver","floor":10,"turns":4},{"damage":11,"enemies":"Blue Slaver","floor":11,"turns":3},{"damage":48,"enemies":"Hexaghost","floor":16,"turns":7},{"damage":19,"enemies":"Spheric Guardian","floor":18,"turns":4},{"damage":32,"floor":20,"turns":5},{"damage":11,"enemies":"2 Thieves","floor":21,"turns":2},{"damage":19,"enemies":"Snake Plant","floor":27,"turns":4},{"damage":9,"enemies":"Chosen and Byrds","floor":28,"turns":4},{"damage":37,"enemies":"Sentry and Sphere","floor":29,"turns":5},{"damage":13,"enemies":"Snake Plant","floor":31,"turns":3},{"damage":22,"enemies":"Automaton","floor":33,"turns":6},{"damage":13,"enemies":"3 Shapes","floor":35,"turns":5},{"damage":39,"floor":37,"turns":5},{"damage":6,"enemies":"Orb Walker","floor":42,"turns":2},{"damage":2,"enemies":"Maw","floor":45,"turns":4},{"damage":17,"enemies":"4 Shapes","floor":46,"turns":4},{"damage":31,"enemies":"3 Darklings","floor":47,"turns":3},{"damage":53,"enemies":"Maw","floor":48,"turns":5},{"damage":55,"enemies":"Awakened One","floor":50,"turns":3}],"relics_obtained":[{"floor":6,"key":"Red Skull"},{"floor":9,"key":"Regal Pillow"},{"floor":20,"key":"Red Mask"},{"floor":26,"key":"Art of War"},{"floor":37,"key":"Unceasing Top"},{"floor":43,"key":"Matryoshka"}],"event_choices":[{"event_name":"Wheel of Change","player_choice":"Card Removal","floor":2,"damage_taken":0},{"event_name":"Upgrade Shrine","player_choice":"Upgraded","floor":13,"damage_taken":0},{"event_name":"Masked Bandits","player_choice":"Fought over 55 gold","floor":20,"damage_taken":0},{"event_name":"Addict","player_choice":"Obtained Relic","floor":22,"damage_taken":0},{"event_name":"MindBloom","player_choice":"Fight","floor":37,"damage_taken":0},{"event_name":"Tomb of Lord Red Mask","player_choice":"Wore Mask","floor":39,"damage_taken":0}],"boss_relics":[{"not_picked":["Calling Bell","Runic Pyramid"],"picked":"Snecko Eye"},{"not_picked":["Orrery","Black Blood"],"picked":"Sozu"}],"items_purged_floors":[14,19,41],"potions_floor_spawned":[5,10,16,20,27,29,37,46,48],"seed_played":"-4336350579692862116","killed_by":"Awakened One","ascension_level":3,"potions_obtained":[{"floor":5,"key":"Explosive Potion"},{"floor":10,"key":"LiquidBronze"},{"floor":16,"key":"Block Potion"},{"floor":20,"key":"Weak Potion"},{"floor":27,"key":"LiquidBronze"},{"floor":29,"key":"Poison Potion"}],"is_trial":false}