{"path_per_floor":["M","M","$","M","?","R","M","$","T","M","E","T","T","M","R","B",null,"M","?","M","$","?","R","$","?","T","M","M","M","?","T","R"],"character_chosen":"DEFECT","items_purchased":["FTL","Torii","Go for the Eyes"],"gold_per_floor":[114,127,60,79,79,79,92,17,98,116,144,220,296,308,308,412,412,425,348,362,15,15,15,15,15,15,33,52,63,63,63,63,63],"floor_reached":33,"campfire_rested":2,"playtime":1437,"item_purchase_floors":[3,21,21],"current_hp_per_floor":[75,69,69,75,75,75,69,69,69,69,56,56,56,56,82,58,87,60,60,53,53,53,53,53,53,53,51,44,43,43,43,69,0],"items_purged":["Defend_B"],"gold":63,"score":247,"play_id":"7f3b0c8b-8ee2-4311-9730-20a74e06c01a","local_time":"20180621183029","is_prod":false,"is_daily":false,"chose_seed":false,"is_ascension_mode":false,"campfire_upgraded":2,"win_rate":0,"timestamp":1529620229,"campfire_choices":[{"data":"Gash","floor":6,"key":"SMITH"},{"floor":15,"key":"REST"},{"data":"Go for the Eyes","floor":23,"key":"SMITH"},{"floor":32,"key":"REST"}],"path_taken":["M","M","$","M","?","R","M","$","T","M","E","?","?","M","R","BOSS","M","?","?","$","?","R","$","?","T","M","M","M","?","?","R","BOSS"],"build_version":"2018-06-14v2","seed_source_timestamp":658081668582413,"purchased_purges":1,"victory":false,"master_deck":["Strike_B+1","Strike_B+1","Defend_B","Defend_B","Defend_B","Zap","Dualcast","Gash+1","Self Repair","FTL","Scrape+1","Streamline","Steam","Cold Snap","Electrodynamics","J.A.X.+1","Go for the Eyes+1","Stack+1","Beam Cell","Steam+1"],"max_hp_per_floor":[75,75,75,75,75,75,80,80,80,80,87,87,87,87,87,87,87,87,87,87,87,87,87,87,87,87,87,87,87,87,87,87,87],"relics":["Cracked Core","Whetstone","Tiny Chest","Strawberry","Bottled Tornado","Toxic Egg 2","Empty Cage","Torii","Mercury Hourglass","Letter Opener"],"card_choices":[{"not_picked":["Sweeping Beam","Recycle"],"picked":"Gash","floor":1},{"not_picked":["Turbo","Hologram"],"picked":"Self Repair","floor":2},{"not_picked":["White Noise","Cold Snap"],"picked":"Scrape","floor":4},{"not_picked":["Chaos","Hologram"],"picked":"Streamline","floor":7},{"not_picked":["Defragment","Redo","Aggregate"],"picked":"SKIP","floor":10},{"not_picked":["Hologram","Stack"],"picked":"Steam","floor":11},{"not_picked":["Stack+1","Hello World"],"picked":"Cold Snap","floor":14},{"not_picked":["Rainbow+1","Meteor Strike"],"picked":"Electrodynamics","floor":16},{"not_picked":["Auto Shields+1","Static Discharge","Streamline"],"picked":"SKIP","floor":18},{"not_picked":["Chill+1","Recycle+1","Reprogram+1"],"picked":"SKIP","floor":20},{"not_picked":["Coolheaded+1","Undo+1"],"picked":"Stack+1","floor":27},{"not_picked":["Force Field+1","Rip and Tear+1"],"picked":"Beam Cell","floor":28},{"not_picked":["Stack+1","Coolheaded+1"],"picked":"Steam+1","floor":29}],"player_experience":681967,"potions_floor_usage":[7,14,16,27,33],"damage_taken":[{"damage":0,"enemies":"2 Louse","floor":1,"turns":2},{"damage":6,"enemies":"Cultist","floor":2,"turns":3},{"damage":1,"enemies":"Jaw Worm","floor":4,"turns":3},{"damage":18,"enemies":"Exordium Wildlife","floor":7,"turns":4},{"damage":0,"enemies":"Looter","floor":10,"turns":2},{"damage":27,"enemies":"3 Sentries","floor":11,"turns":5},{"damage":7,"enemies":"Blue Slaver","floor":14,"turns":2},{"damage":31,"enemies":"Slime Boss","floor":16,"turns":9},{"damage":34,"enemies":"Shell Parasite","floor":18,"turns":5},{"damage":14,"enemies":"3 Byrds","floor":20,"turns":5},{"damage":9,"enemies":"Centurion and Healer","floor":27,"turns":5},{"damage":14,"enemies":"Sentry and Sphere","floor":28,"turns":4},{"damage":8,"enemies":"3 Cultists","floor":29,"turns":4},{"damage":70,"enemies":"Automaton","floor":33,"turns":8}],"relics_obtained":[{"floor":9,"key":"Tiny Chest"},{"floor":11,"key":"Strawberry"},{"floor":12,"key":"Bottled Tornado"},{"floor":13,"key":"Toxic Egg 2"},{"floor":26,"key":"Mercury Hourglass"},{"floor":31,"key":"Letter Opener"}],"event_choices":[{"event_name":"The Lab","player_choice":"Got Potions","floor":5,"damage_taken":0},{"event_name":"Drug Dealer","player_choice":"Got JAXXED","floor":19,"damage_taken":0},{"event_name":"Upgrade Shrine","player_choice":"Upgraded","floor":22,"damage_taken":0},{"event_name":"Ghosts","player_choice":"Ignored","floor":25,"damage_taken":0},{"event_name":"Addict","player_choice":"Ignored","floor":30,"damage_taken":0}],"boss_relics":[{"not_picked":["Philosopher\u0027s Stone","Ectoplasm"],"picked":"Empty Cage"}],"items_purged_floors":[8],"is_endless":false,"potions_floor_spawned":[2,4,16,27],"seed_played":"4802516598656470414","killed_by":"Automaton","ascension_level":0,"potions_obtained":[{"floor":2,"key":"Energy Potion"},{"floor":4,"key":"FearPotion"},{"floor":5,"key":"Fruit Juice"},{"floor":16,"key":"Strength Potion"},{"floor":27,"key":"FearPotion"}],"is_trial":false}