{"gold_per_floor":[110,35,53,72,72,72,100,100,100,100,111,141,141,141],"floor_reached":14,"playtime":430,"items_purged":["Normality"],"score":167,"play_id":"95bcaf53-88c1-47e3-a782-8f57a90cc7e4","local_time":"20190118092455","is_ascension_mode":true,"campfire_choices":[{"data":"Searing Blow","floor":6,"key":"SMITH"},{"data":"Searing Blow+1","floor":8,"key":"SMITH"},{"floor":10,"key":"REST"}],"neow_cost":"CURSE","seed_source_timestamp":93399275559997,"circlet_count":0,"master_deck":["AscendersBane","Strike_R","Strike_R","Strike_R","Defend_R","Defend_R","Defend_R","Defend_R","Bash+1","Headbutt","Burning Pact","Searing Blow+2","Uppercut","Headbutt+1","Limit Break","Thunderclap","Juggernaut","Parasite"],"relics":["Burning Blood","StoneCalendar","Bottled Lightning","Gremlin Horn"],"potions_floor_usage":[3,7,12,14],"damage_taken":[{"damage":14,"enemies":"2 Louse","floor":1,"turns":3},{"damage":4,"enemies":"Jaw Worm","floor":3,"turns":3},{"damage":6,"enemies":"Cultist","floor":4,"turns":3},{"damage":18,"enemies":"Gremlin Nob","floor":7,"turns":4},{"damage":17,"enemies":"Exordium Wildlife","floor":11,"turns":3},{"damage":40,"enemies":"3 Sentries","floor":12,"turns":7},{"damage":32,"enemies":"Gremlin Nob","floor":14,"turns":4}],"seed_played":"-3994154641104976264","potions_obtained":[{"floor":1,"key":"AttackPotion"},{"floor":4,"key":"Weak Potion"},{"floor":11,"key":"Poison Potion"},{"floor":12,"key":"Ancient Potion"}],"is_trial":false,"path_per_floor":["M","$","M","M","?","R","E","R","T","R","M","E","?","E"],"character_chosen":"IRONCLAD","items_purchased":[],"campfire_rested":1,"item_purchase_floors":[],"current_hp_per_floor":[60,60,62,62,47,47,35,35,35,57,46,12,30,0],"gold":141,"neow_bonus":"TRANSFORM_TWO_CARDS","is_prod":false,"is_daily":false,"chose_seed":false,"campfire_upgraded":2,"win_rate":0,"timestamp":1547821495,"path_taken":["M","$","M","M","?","R","E","R","T","R","M","E","?","E"],"build_version":"2019-01-17v2","purchased_purges":1,"victory":false,"max_hp_per_floor":[75,75,75,75,75,75,75,75,75,75,75,75,75,75],"card_choices":[{"not_picked":["Heavy Blade","Iron Wave"],"picked":"Searing Blow","floor":1},{"not_picked":["Anger","Perfected Strike"],"picked":"Uppercut","floor":3},{"not_picked":["Uppercut","Twin Strike"],"picked":"Headbutt","floor":4},{"not_picked":["Perfected Strike","Cleave"],"picked":"Limit Break","floor":7},{"not_picked":["Iron Wave","Body Slam"],"picked":"Thunderclap","floor":11},{"not_picked":["Rupture","Warcry"],"picked":"Juggernaut","floor":12}],"player_experience":2151570,"relics_obtained":[{"floor":7,"key":"StoneCalendar"},{"floor":9,"key":"Bottled Lightning"},{"floor":12,"key":"Gremlin Horn"}],"event_choices":[{"damage_healed":0,"gold_gain":0,"player_choice":"Entered Light","damage_taken":15,"max_hp_gain":0,"max_hp_loss":0,"event_name":"Shining Light","floor":5,"gold_loss":0,"cards_upgraded":["Bash","Headbutt"]},{"damage_healed":18,"gold_gain":0,"player_choice":"Healed and dodged fight","damage_taken":0,"max_hp_gain":0,"max_hp_loss":0,"event_name":"Mushrooms","floor":13,"gold_loss":0,"cards_obtained":["Parasite"]}],"is_beta":false,"boss_relics":[],"items_purged_floors":[2],"is_endless":false,"potions_floor_spawned":[1,4,11,12],"killed_by":"Gremlin Nob","ascension_level":14}