{"gold_per_floor":[116,128,128,35,49,49,87,99,138,150,185,217,247,293,305,415,490,522,252,270,270],"floor_reached":21,"playtime":1302,"items_purged":["Strike_G"],"score":315,"play_id":"7850de92-ce26-4025-ac11-fbe244d08364","local_time":"20181115221144","is_ascension_mode":true,"campfire_choices":[{"data":"Neutralize","floor":6,"key":"SMITH"},{"floor":8,"key":"REST"},{"data":"Predator","floor":10,"key":"SMITH"},{"floor":15,"key":"REST"}],"neow_cost":"NONE","seed_source_timestamp":866720392371896,"circlet_count":0,"master_deck":["AscendersBane","Defend_G","Defend_G","Defend_G","Defend_G","Defend_G","Strike_G","Strike_G","Strike_G","Strike_G","Survivor","Neutralize+1","Backflip","Well Laid Plans","Injury","Backflip","Predator","Caltrops","Predator+1","Dodge and Roll+1","Cloak And Dagger","Dash","Envenom","Blur","Dodge and Roll","Caltrops"],"relics":["Black Star","Golden Idol","MawBank","Bronze Scales","Smiling Mask","Boot","Bag of Preparation","Tiny House","Vajra"],"potions_floor_usage":[12,14,16,21],"damage_taken":[{"damage":3,"enemies":"Cultist","floor":1,"turns":6},{"damage":0,"enemies":"Jaw Worm","floor":2,"turns":5},{"damage":7,"enemies":"Small Slimes","floor":5,"turns":4},{"damage":28,"enemies":"Lagavulin","floor":7,"turns":10},{"damage":14,"enemies":"Exordium Wildlife","floor":11,"turns":4},{"damage":11,"enemies":"Large Slime","floor":12,"turns":6},{"damage":0,"enemies":"3 Louse","floor":13,"turns":3},{"damage":12,"enemies":"Gremlin Nob","floor":14,"turns":5},{"damage":5,"enemies":"The Guardian","floor":16,"turns":11},{"damage":41,"enemies":"Spheric Guardian","floor":18,"turns":6},{"damage":6,"enemies":"Shell Parasite","floor":20,"turns":6},{"damage":22,"enemies":"Sentry and Sphere","floor":21,"turns":3}],"seed_played":"-7312708401029010386","potions_obtained":[{"floor":5,"key":"GhostInAJar"},{"floor":7,"key":"Swift Potion"},{"floor":13,"key":"Ancient Potion"},{"floor":14,"key":"Dexterity Potion"},{"floor":17,"key":"Strength Potion"}],"is_trial":false,"path_per_floor":["M","M","?","$","M","R","E","R","T","R","M","M","M","E","R","B",null,"M","$","M","M"],"character_chosen":"THE_SILENT","items_purchased":["Backflip","Predator","Vajra","Caltrops"],"campfire_rested":2,"item_purchase_floors":[4,4,19,19],"current_hp_per_floor":[60,60,60,60,53,53,25,46,46,46,32,21,21,9,30,25,64,23,23,17,0],"gold":270,"neow_bonus":"BOSS_RELIC","is_prod":false,"is_daily":false,"chose_seed":false,"campfire_upgraded":2,"win_rate":0,"timestamp":1542337904,"path_taken":["M","M","?","$","M","R","E","R","T","R","M","M","M","E","R","BOSS","M","$","M","M"],"build_version":"2018-11-15","purchased_purges":1,"victory":false,"max_hp_per_floor":[70,70,70,70,70,70,70,70,70,70,70,70,70,70,70,70,75,75,75,75,75],"card_choices":[{"not_picked":["Deflect","Choke"],"picked":"Backflip","floor":1},{"not_picked":["Flying Knee","Prepared"],"picked":"Well Laid Plans","floor":2},{"not_picked":["All Out Attack","Quick Slash"],"picked":"Caltrops","floor":5},{"not_picked":["Deadly Poison","Distraction"],"picked":"Predator","floor":7},{"not_picked":["Poisoned Stab","Acrobatics"],"picked":"Dodge and Roll","floor":11},{"not_picked":["Heel Hook","Eviscerate","Outmaneuver"],"picked":"SKIP","floor":12},{"not_picked":["Venomology","Poisoned Stab"],"picked":"Cloak And Dagger","floor":13},{"not_picked":["Footwork","Reflex"],"picked":"Dash","floor":14},{"not_picked":["Grand Finale","Malaise"],"picked":"Envenom","floor":16},{"not_picked":["Poisoned Stab","Expertise"],"picked":"Blur","floor":17},{"not_picked":["Distraction","Well Laid Plans"],"picked":"Dodge and Roll","floor":18},{"not_picked":["Underhanded Strike","Deflect","Flechettes"],"picked":"SKIP","floor":20}],"player_experience":1697635,"relics_obtained":[{"floor":7,"key":"MawBank"},{"floor":7,"key":"Bronze Scales"},{"floor":9,"key":"Smiling Mask"},{"floor":14,"key":"Boot"},{"floor":14,"key":"Bag of Preparation"}],"event_choices":[{"damage_healed":0,"gold_gain":0,"player_choice":"Take Wound","damage_taken":0,"relics_obtained":["Golden Idol"],"max_hp_gain":0,"max_hp_loss":0,"event_name":"Golden Idol","floor":3,"gold_loss":0,"cards_obtained":["Injury"]}],"is_beta":false,"boss_relics":[{"not_picked":["Pandora\u0027s Box","Astrolabe"],"picked":"Tiny House"}],"items_purged_floors":[19],"is_endless":false,"potions_floor_spawned":[5,7,11,13,14,20],"killed_by":"Sentry and Sphere","ascension_level":13}