{"gold_per_floor":[117,192,192,205,16,16,47,12,37,37,52,52,85,85],"floor_reached":14,"playtime":301,"items_purged":[],"score":230,"play_id":"9908540d-2308-48f6-a0aa-c48f9f669af0","local_time":"20181222223240","is_ascension_mode":true,"campfire_choices":[{"data":"Consume","floor":6,"key":"SMITH"},{"data":"Fusion","floor":12,"key":"SMITH"}],"neow_cost":"NONE","seed_source_timestamp":241867570985668,"circlet_count":0,"master_deck":["AscendersBane","Strike_B","Strike_B","Strike_B","Strike_B","Defend_B","Defend_B","Defend_B","Defend_B","Zap","Dualcast","Ball Lightning","Fusion+1","Capacitor","Conserve Battery","Consume+1","Creative AI+1","Sweeping Beam","Self Repair"],"relics":["Cracked Core","NeowsBlessing","Golden Idol","Anchor","Smiling Mask","Mercury Hourglass"],"potions_floor_usage":[13],"damage_taken":[{"damage":0,"enemies":"2 Louse","floor":1,"turns":1},{"damage":0,"enemies":"Jaw Worm","floor":4,"turns":1},{"damage":0,"enemies":"3 Sentries","floor":7,"turns":1},{"damage":5,"enemies":"Small Slimes","floor":11,"turns":4},{"damage":56,"enemies":"Gremlin Nob","floor":13,"turns":5},{"damage":11,"enemies":"2 Fungi Beasts","floor":14,"turns":2}],"seed_played":"1794082163068467279","potions_obtained":[{"floor":11,"key":"Swift Potion"},{"floor":13,"key":"SpeedPotion"}],"is_trial":false,"path_per_floor":["M","?","?","M","$","R","E","?","T","?","M","R","E","M"],"character_chosen":"DEFECT","items_purchased":["Capacitor","Conserve Battery","Consume"],"campfire_rested":0,"item_purchase_floors":[5,5,5],"current_hp_per_floor":[64,53,53,53,53,53,53,64,64,64,59,59,3,0],"gold":85,"neow_bonus":"THREE_ENEMY_KILL","is_prod":false,"is_daily":false,"chose_seed":false,"campfire_upgraded":2,"win_rate":0,"timestamp":1545535960,"path_taken":["M","?","?","M","$","R","E","?","T","?","M","R","E","?"],"build_version":"2018-12-20","purchased_purges":0,"victory":false,"max_hp_per_floor":[71,71,64,64,64,64,64,64,64,64,64,64,64,64],"card_choices":[{"not_picked":["Streamline","Go for the Eyes"],"picked":"Ball Lightning","floor":1},{"not_picked":["Hologram","Steam"],"picked":"Fusion","floor":4},{"not_picked":["Reprogram","Compile Driver"],"picked":"Creative AI","floor":7},{"not_picked":["Barrage","Rebound"],"picked":"Sweeping Beam","floor":11},{"not_picked":["Turbo","Steam Power"],"picked":"Self Repair","floor":13}],"player_experience":1942166,"relics_obtained":[{"floor":7,"key":"Anchor"},{"floor":9,"key":"Smiling Mask"},{"floor":13,"key":"Mercury Hourglass"}],"event_choices":[{"damage_healed":0,"gold_gain":75,"player_choice":"Gather Gold","damage_taken":11,"max_hp_gain":0,"max_hp_loss":0,"event_name":"World of Goop","floor":2,"gold_loss":0},{"damage_healed":0,"gold_gain":0,"player_choice":"Lose Max HP","damage_taken":0,"relics_obtained":["Golden Idol"],"max_hp_gain":0,"max_hp_loss":7,"event_name":"Golden Idol","floor":3,"gold_loss":0},{"damage_healed":16,"gold_gain":0,"player_choice":"Healed","damage_taken":0,"max_hp_gain":0,"max_hp_loss":0,"event_name":"The Cleric","floor":8,"gold_loss":35},{"damage_healed":0,"gold_gain":0,"player_choice":"Grow","damage_taken":0,"max_hp_gain":0,"max_hp_loss":0,"event_name":"Living Wall","floor":10,"gold_loss":0,"cards_upgraded":["Creative AI"]}],"is_beta":false,"boss_relics":[],"items_purged_floors":[],"is_endless":false,"potions_floor_spawned":[11,13],"killed_by":"2 Fungi Beasts","ascension_level":18}