{"path_per_floor":["M","$","M","M","$","?","?","R","T","M","M","M","R","?","R"],"character_chosen":"DEFECT","items_purchased":[],"gold_per_floor":[99,24,24,24,24,24,99,99,99,110,122,136,136,136,136,136],"floor_reached":16,"campfire_rested":1,"playtime":950,"item_purchase_floors":[],"current_hp_per_floor":[69,69,69,64,64,69,58,58,58,55,53,40,40,40,64,0],"items_purged":["Strike_B"],"gold":136,"score":92,"play_id":"3e5fe1aa-ca61-421b-aa0b-1d67ee310c3f","local_time":"20180619202334","is_prod":false,"is_daily":false,"chose_seed":false,"is_ascension_mode":false,"campfire_upgraded":2,"win_rate":0,"timestamp":1529432614,"campfire_choices":[{"data":"Dualcast","floor":8,"key":"SMITH"},{"data":"Zap","floor":13,"key":"SMITH"},{"floor":15,"key":"REST"}],"path_taken":["M","?","?","M","$","?","?","R","T","?","M","M","R","?","R","BOSS"],"build_version":"2018-06-14v2","seed_source_timestamp":283851669938658,"purchased_purges":1,"victory":false,"master_deck":["Strike_B","Strike_B","Strike_B","Defend_B","Defend_B","Defend_B","Defend_B","Zap+1","Dualcast+1","Biased Cognition","Turbo","Melter","Leap"],"max_hp_per_floor":[75,75,75,75,75,80,80,80,80,80,80,80,80,80,80,80],"special_seed":0,"relics":["Cracked Core","Bottled Tornado"],"card_choices":[{"not_picked":["Streamline","Barrage","Cold Snap"],"picked":"SKIP","floor":1},{"not_picked":["Gash","Fusion","Capacitor"],"picked":"SKIP","floor":3},{"not_picked":["Hologram","Consume","Redo"],"picked":"SKIP","floor":4},{"not_picked":["Multi-Cast","Glacier"],"picked":"Turbo","floor":10},{"not_picked":["Cold Snap","Static Discharge"],"picked":"Melter","floor":11},{"not_picked":["Rebound","Gash"],"picked":"Leap","floor":12}],"player_experience":135239,"potions_floor_usage":[16],"damage_taken":[{"damage":6,"enemies":"Cultist","floor":1,"turns":3},{"damage":0,"enemies":"2 Louse","floor":3,"turns":2},{"damage":5,"enemies":"Small Slimes","floor":4,"turns":3},{"damage":3,"enemies":"Exordium Wildlife","floor":10,"turns":3},{"damage":2,"enemies":"Blue Slaver","floor":11,"turns":2},{"damage":13,"enemies":"Red Slaver","floor":12,"turns":2},{"damage":79,"enemies":"Slime Boss","floor":16,"turns":9}],"relics_obtained":[{"floor":9,"key":"Bottled Tornado"}],"event_choices":[{"event_name":"Big Fish","player_choice":"Donut","floor":6,"damage_taken":0},{"event_name":"World of Goop","player_choice":"Gather Gold","floor":7,"damage_taken":0},{"event_name":"The Lab","player_choice":"Got Potions","floor":14,"damage_taken":0}],"boss_relics":[],"items_purged_floors":[2],"is_endless":false,"potions_floor_spawned":[3,10,11],"seed_played":"-6490257846295468661","killed_by":"Slime Boss","ascension_level":0,"potions_obtained":[{"floor":10,"key":"PowerPotion"},{"floor":11,"key":"Fire Potion"},{"floor":14,"key":"EssenceOfSteel"},{"floor":14,"key":"Swift Potion"}],"is_trial":false}