{"gold_per_floor":[109,109,171,185,204,204,179,179,179,191,221,243,180,212,212,212],"floor_reached":16,"playtime":595,"items_purged":["Strike_G"],"score":194,"play_id":"015acfae-6811-4ca9-a0bb-b278659c6288","local_time":"20190208010105","is_ascension_mode":true,"campfire_choices":[{"data":"Neutralize","floor":6.0,"key":"SMITH"},{"data":"Flechettes","floor":8.0,"key":"SMITH"},{"floor":10.0,"key":"REST"},{"floor":15,"key":"REST"}],"neow_cost":"NONE","seed_source_timestamp":109087268569528,"circlet_count":0,"master_deck":["AscendersBane","Defend_G","Defend_G","Defend_G","Defend_G","Defend_G","Strike_G","Strike_G","Strike_G","Strike_G","Survivor","Neutralize+1","Cloak And Dagger","Sucker Punch","Backflip","Flechettes+1","Skewer","Deadly Poison","Dash"],"special_seed":0,"relics":["Ring of the Snake","SsserpentHead","MawBank","Mercury Hourglass"],"potions_floor_usage":[14,14],"damage_taken":[{"damage":14.0,"enemies":"Cultist","floor":1.0,"turns":5.0},{"damage":3.0,"enemies":"Small Slimes","floor":3.0,"turns":4.0},{"damage":0.0,"enemies":"2 Louse","floor":4.0,"turns":4.0},{"damage":38.0,"enemies":"Exordium Thugs","floor":5.0,"turns":7.0},{"damage":0.0,"enemies":"Looter","floor":11.0,"turns":4.0},{"damage":8,"enemies":"Exordium Wildlife","floor":12,"turns":4},{"damage":16,"enemies":"3 Sentries","floor":14,"turns":11},{"damage":37,"enemies":"Slime Boss","floor":16,"turns":5}],"seed_played":"-1691173091306281300","potions_obtained":[{"floor":5.0,"key":"SteroidPotion"},{"floor":12,"key":"PowerPotion"}],"is_trial":false,"path_per_floor":["M","?","M","M","M","R","?","R","T","R","M","M","$","E","R","B"],"character_chosen":"THE_SILENT","items_purchased":[],"campfire_rested":2,"item_purchase_floors":[],"current_hp_per_floor":[51,51,48,48,10,10,10,10,10,31,31,23,23,7,28,0],"gold":212,"neow_bonus":"TEN_PERCENT_HP_BONUS","is_prod":false,"is_daily":false,"chose_seed":false,"campfire_upgraded":2,"win_rate":0,"timestamp":1549584065,"path_taken":["M","?","?","M","M","R","?","R","T","R","M","M","$","E","R","BOSS"],"build_version":"2019-01-23","purchased_purges":1,"victory":false,"max_hp_per_floor":[72,72,72,72,72,72,72,72,72,72,72,72,72,72,72,72],"card_choices":[{"not_picked":["Sucker Punch","Setup"],"picked":"Cloak And Dagger","floor":1.0},{"not_picked":["Bane","Eviscerate"],"picked":"Sucker Punch","floor":3.0},{"not_picked":["PiercingWail","Poisoned Stab"],"picked":"Backflip","floor":4.0},{"not_picked":["Well Laid Plans","Bane"],"picked":"Flechettes","floor":5.0},{"not_picked":["Reflex","Choke"],"picked":"Skewer","floor":11.0},{"not_picked":["Poisoned Stab","Choke"],"picked":"Deadly Poison","floor":12},{"not_picked":["Wraith Form v2","Riddle With Holes"],"picked":"Dash","floor":14}],"player_experience":1368318,"relics_obtained":[{"floor":9.0,"key":"MawBank"},{"floor":14,"key":"Mercury Hourglass"}],"event_choices":[{"damage_healed":0.0,"max_hp_gain":0.0,"max_hp_loss":0.0,"gold_gain":0.0,"event_name":"FaceTrader","player_choice":"Trade","floor":2.0,"gold_loss":0.0,"damage_taken":0.0,"relics_obtained":["SsserpentHead"]},{"damage_healed":0.0,"max_hp_gain":0.0,"max_hp_loss":0.0,"gold_gain":0.0,"event_name":"World of Goop","player_choice":"Left Gold","floor":7.0,"gold_loss":75.0,"damage_taken":0.0}],"is_beta":false,"boss_relics":[],"items_purged_floors":[13],"is_endless":false,"potions_floor_spawned":[5,12],"killed_by":"Slime Boss","ascension_level":18}