{"path_per_floor":["M","M","$","?","M","E","R","M","T","M","?","?","?","M","R"],"character_chosen":"THE_SILENT","items_purchased":["Catalyst","Poisoned Stab"],"gold_per_floor":[113,132,30,30,55,95,95,110,110,129,129,129,91,106,106,106],"floor_reached":16,"campfire_rested":2,"playtime":1365,"item_purchase_floors":[3,3],"current_hp_per_floor":[70,70,70,53,63,4,26,9,9,9,27,27,27,27,49,0],"items_purged":[],"gold":106,"score":102,"play_id":"76011f05-23e2-45b2-84d1-15ace52395ad","local_time":"20180601150430","is_prod":false,"is_daily":false,"chose_seed":false,"is_ascension_mode":false,"campfire_upgraded":0,"win_rate":0.0,"timestamp":1527879870,"campfire_choices":[{"floor":7,"key":"REST"},{"floor":15,"key":"REST"}],"path_taken":["M","M","$","?","M","E","R","M","T","M","?","?","?","M","R","BOSS"],"build_version":"2018-05-31","seed_source_timestamp":74494924297133,"purchased_purges":0,"victory":false,"master_deck":["Defend_G","Defend_G","Defend_G","Defend_G","Defend_G","Strike_G","Strike_G","Strike_G","Strike_G","Strike_G","Survivor","Neutralize","Venomology","PiercingWail","Dash","Catalyst","Poisoned Stab","Bane","Deadly Poison","Dodge and Roll","Catalyst","Parasite","Burst"],"max_hp_per_floor":[70,70,70,70,75,75,75,75,75,75,75,75,75,75,75,75],"relics":["Ring of the Snake","Golden Idol","Du-Vu Doll","Ginger"],"card_choices":[{"not_picked":["Bane","Accuracy"],"picked":"PiercingWail","floor":1},{"not_picked":["Quick Slash","Sucker Punch"],"picked":"Dash","floor":2},{"not_picked":["Deflect","Predator"],"picked":"Bane","floor":5},{"not_picked":["Dodge and Roll","Caltrops"],"picked":"Deadly Poison","floor":6},{"not_picked":["Flying Knee","Concentrate"],"picked":"Dodge and Roll","floor":8},{"not_picked":["Slice","Bane"],"picked":"Catalyst","floor":10},{"not_picked":["Acrobatics","Cloak And Dagger"],"picked":"Burst","floor":14}],"player_experience":260100,"potions_floor_usage":[5,5,6,6,10,16,16],"damage_taken":[{"damage":0,"enemies":"Small Slimes","floor":1,"turns":3},{"damage":0,"enemies":"Jaw Worm","floor":2,"turns":8},{"damage":0,"enemies":"2 Louse","floor":5,"turns":2},{"damage":59,"enemies":"Gremlin Nob","floor":6,"turns":6},{"damage":17,"enemies":"Exordium Wildlife","floor":8,"turns":7},{"damage":0,"enemies":"Looter","floor":10,"turns":3},{"damage":0,"enemies":"Large Slime","floor":14,"turns":6},{"damage":52,"enemies":"Slime Boss","floor":16,"turns":12}],"relics_obtained":[{"floor":6,"key":"Du-Vu Doll"},{"floor":9,"key":"Ginger"}],"event_choices":[{"event_name":"Golden Idol","player_choice":"Take Damage","floor":4,"damage_taken":0},{"event_name":"Mushrooms","player_choice":"Healed and dodged fight","floor":11,"damage_taken":0},{"event_name":"Shining Light","player_choice":"Ignored","floor":12,"damage_taken":0},{"event_name":"World of Goop","player_choice":"Left","floor":13,"damage_taken":0}],"boss_relics":[],"items_purged_floors":[],"potions_floor_spawned":[2,8],"seed_played":"7326944479274327928","killed_by":"Slime Boss","ascension_level":0,"potions_obtained":[{"floor":2,"key":"Fruit Juice"},{"floor":8,"key":"GhostInAJar"}],"is_trial":false}