{"gold_per_floor":[116,133,133,149,164,164,191,191,191,7,18,28,28,47,47,119,119,138,149,149,164,184,184,195,245,298,298,40,53,53],"floor_reached":30,"playtime":1648,"items_purged":[],"score":509,"play_id":"4b8c0650-4f4d-4d89-8757-df9c1f854dcc","local_time":"20190206211236","is_ascension_mode":true,"campfire_choices":[{"data":"Zap","floor":6,"key":"SMITH"},{"floor":15,"key":"REST"},{"data":"Defragment","floor":23,"key":"SMITH"}],"neow_cost":"NONE","seed_source_timestamp":283109179325293,"circlet_count":0,"master_deck":["AscendersBane","Strike_B","Strike_B","Strike_B","Defend_B","Defend_B","Defend_B","Defend_B","Zap+1","Dualcast","Ball Lightning","Sweeping Beam","Ball Lightning","Glacier","Static Discharge+1","Coolheaded","Reboot","Self Repair","Core Surge","Sweeping Beam","Defragment+1","Leap","Sweeping Beam","Redo","Ball Lightning+1","Capacitor","Coolheaded","Capacitor","Fission","Buffer","Thunder Strike","Static Discharge"],"relics":["Cracked Core","NeowsBlessing","Strawberry","Incense Burner","Darkstone Periapt","Centennial Puzzle","Orrery","Tiny Chest"],"potions_floor_usage":[7,7,7,11,12,16,24,30,30],"damage_taken":[{"damage":0,"enemies":"Cultist","floor":1,"turns":1},{"damage":0,"enemies":"2 Louse","floor":2,"turns":1},{"damage":0,"enemies":"Small Slimes","floor":4,"turns":1},{"damage":9,"enemies":"Blue Slaver","floor":5,"turns":4},{"damage":0,"enemies":"3 Sentries","floor":7,"turns":4},{"damage":8,"enemies":"Lots of Slimes","floor":11,"turns":3},{"damage":0,"enemies":"Large Slime","floor":12,"turns":4},{"damage":11,"enemies":"Looter","floor":14,"turns":2},{"damage":13,"enemies":"Slime Boss","floor":16,"turns":8},{"damage":1,"enemies":"3 Byrds","floor":18,"turns":4},{"damage":7,"enemies":"Spheric Guardian","floor":19,"turns":6},{"damage":18,"enemies":"Snake Plant","floor":21,"turns":5},{"damage":20,"enemies":"Sentry and Sphere","floor":22,"turns":7},{"damage":18,"enemies":"Cultist and Chosen","floor":24,"turns":6},{"damage":56,"enemies":"Centurion and Healer","floor":29,"turns":7},{"damage":14,"enemies":"3 Cultists","floor":30,"turns":4}],"seed_played":"-2154832423209022387","potions_obtained":[{"floor":2,"key":"LiquidBronze"},{"floor":4,"key":"EntropicBrew"},{"floor":11,"key":"Regen Potion"},{"floor":12,"key":"AttackPotion"},{"floor":18,"key":"Strength Potion"},{"floor":22,"key":"Regen Potion"},{"floor":24,"key":"FearPotion"}],"is_trial":false,"path_per_floor":["M","M","?","M","M","R","E","?","T","$","M","M","?","M","R","B",null,"M","M","$","M","M","R","M","?","T","?","$","M","M"],"character_chosen":"DEFECT","items_purchased":["Centennial Puzzle","Coolheaded","Buffer","Thunder Strike"],"campfire_rested":1,"item_purchase_floors":[10,10,28,28],"current_hp_per_floor":[64,64,64,64,55,55,62,44,44,44,36,48,48,44,67,61,74,78,78,78,67,54,54,58,58,58,58,58,9,0],"gold":53,"neow_bonus":"THREE_ENEMY_KILL","is_prod":false,"is_daily":false,"chose_seed":false,"campfire_upgraded":2,"win_rate":0,"timestamp":1549505556,"path_taken":["M","M","?","?","?","R","E","?","T","$","M","M","?","M","R","BOSS","M","M","$","M","M","R","M","?","T","?","$","M","M"],"build_version":"2019-01-23","purchased_purges":0,"victory":false,"max_hp_per_floor":[71,71,71,71,71,71,78,78,78,78,78,78,78,78,78,78,78,78,78,78,78,78,78,78,78,78,78,78,78,78],"card_choices":[{"not_picked":["Go for the Eyes","Steam"],"picked":"Ball Lightning","floor":1},{"not_picked":["Ball Lightning","Redo"],"picked":"Sweeping Beam","floor":2},{"not_picked":["Skim","Streamline"],"picked":"Ball Lightning","floor":4},{"not_picked":["Rebound","Hologram"],"picked":"Glacier","floor":5},{"not_picked":["Gash","Hologram"],"picked":"Static Discharge","floor":7},{"not_picked":["Streamline","Genetic Algorithm"],"picked":"Reboot","floor":11},{"not_picked":["Rip and Tear","Cold Snap"],"picked":"Self Repair","floor":12},{"not_picked":["Darkness","Barrage","Stack"],"picked":"SKIP","floor":14},{"not_picked":["Meteor Strike","Machine Learning"],"picked":"Core Surge","floor":16},{"not_picked":["Hello World","Cold Snap"],"picked":"Sweeping Beam","floor":17},{"not_picked":["Melter","Sunder"],"picked":"Defragment","floor":17},{"not_picked":["Hello World","Darkness"],"picked":"Leap","floor":17},{"not_picked":["Beam Cell","Hello World"],"picked":"Sweeping Beam","floor":17},{"not_picked":["Streamline","Force Field"],"picked":"Redo","floor":17},{"not_picked":["Compile Driver","Turbo"],"picked":"Ball Lightning+1","floor":18},{"not_picked":["Beam Cell","Redo","Turbo"],"picked":"SKIP","floor":19},{"not_picked":["Coolheaded","Leap"],"picked":"Capacitor","floor":21},{"not_picked":["Steam+1","Hologram"],"picked":"Coolheaded","floor":22},{"not_picked":["Undo+1","Conserve Battery"],"picked":"Capacitor","floor":24},{"not_picked":["Chaos","Doom and Gloom"],"picked":"Static Discharge","floor":29}],"player_experience":2331991,"relics_obtained":[{"floor":7,"key":"Strawberry"},{"floor":9,"key":"Darkstone Periapt"},{"floor":26,"key":"Tiny Chest"}],"event_choices":[{"cards_removed":["Strike_B"],"damage_healed":0,"gold_gain":0,"player_choice":"Purged","damage_taken":0,"max_hp_gain":0,"max_hp_loss":0,"event_name":"Purifier","floor":3,"gold_loss":0},{"damage_healed":0,"gold_gain":0,"player_choice":"Success","damage_taken":18,"relics_obtained":["Incense Burner"],"max_hp_gain":0,"max_hp_loss":0,"event_name":"Scrap Ooze","floor":8,"gold_loss":0},{"damage_healed":0,"gold_gain":0,"player_choice":"Grow","damage_taken":0,"max_hp_gain":0,"max_hp_loss":0,"event_name":"Living Wall","floor":13,"gold_loss":0,"cards_upgraded":["Static Discharge"]},{"damage_healed":0,"gold_gain":50,"player_choice":"Stole From Cult","damage_taken":0,"max_hp_gain":0,"max_hp_loss":0,"event_name":"Nest","floor":25,"gold_loss":0},{"damage_healed":0,"gold_gain":0,"player_choice":"1 cards matched","damage_taken":0,"max_hp_gain":0,"max_hp_loss":0,"event_name":"Match and Keep!","floor":27,"gold_loss":0,"cards_obtained":["Fission"]}],"is_beta":false,"boss_relics":[{"not_picked":["White Beast Statue","Calling Bell"],"picked":"Orrery"}],"items_purged_floors":[],"is_endless":false,"potions_floor_spawned":[2,4,11,12,16,18,22,24],"killed_by":"3 Cultists","ascension_level":19}