{"gold_per_floor":[212,227,240,240,240,240,35,47,59,101,123,135,157,201,213,328,340,369,381,30,30,46,46,73,73,73,73,73,172,190,209,209,209],"floor_reached":33,"playtime":1162,"items_purged":["Strike_B"],"score":373,"play_id":"f71132dd-997f-4fe7-9f89-9e6d9193d79f","local_time":"20181106224016","is_ascension_mode":true,"campfire_choices":[{"data":"Beam Cell","floor":6,"key":"SMITH"},{"floor":8,"key":"REST"},{"data":"Defragment","floor":12,"key":"SMITH"},{"data":"Melter","floor":15,"key":"SMITH"},{"floor":23,"key":"REST"},{"floor":25,"key":"REST"},{"floor":28,"key":"REST"},{"data":"Echo Form","floor":32,"key":"SMITH"}],"neow_cost":"NONE","seed_source_timestamp":85063337283215,"circlet_count":0,"master_deck":["Strike_B","Strike_B","Defend_B","Defend_B+1","Defend_B","Zap","Dualcast","Beam Cell+1","Go for the Eyes+1","Rebound","Ball Lightning","Melter+1","Defragment+1","Reboot","Seek","Genetic Algorithm","Auto Shields+1","Echo Form+1","Gash","Sweeping Beam","Gash","Barrage","Ball Lightning"],"relics":["Cracked Core","CultistMask","MawBank","Mercury Hourglass","Pear","Matryoshka","Inserter","Toxic Egg 2","Bottled Lightning","Symbiotic Virus","Gremlin Horn"],"potions_floor_usage":[10,14,19,24,33],"damage_taken":[{"damage":7,"enemies":"Jaw Worm","floor":1,"turns":3},{"damage":4,"enemies":"2 Louse","floor":2,"turns":2},{"damage":1,"enemies":"Cultist","floor":3,"turns":3},{"damage":23,"enemies":"Lagavulin","floor":10,"turns":4},{"damage":0,"enemies":"2 Fungi Beasts","floor":11,"turns":2},{"damage":0,"enemies":"Exordium Wildlife","floor":13,"turns":3},{"damage":0,"enemies":"Gremlin Nob","floor":14,"turns":2},{"damage":33,"enemies":"The Guardian","floor":16,"turns":9},{"damage":12,"enemies":"3 Byrds","floor":18,"turns":4},{"damage":17,"enemies":"Colosseum Slavers","floor":19,"turns":4},{"damage":15,"enemies":"Shell Parasite","floor":22,"turns":4},{"damage":56,"enemies":"Gremlin Leader","floor":24,"turns":6},{"damage":2,"enemies":"Cultist and Chosen","floor":30,"turns":4},{"damage":8,"enemies":"Centurion and Healer","floor":31,"turns":5},{"damage":62,"enemies":"Champ","floor":33,"turns":5}],"seed_played":"-3001843565232999648","potions_obtained":[{"floor":2,"key":"Dexterity Potion"},{"floor":10,"key":"Fire Potion"},{"floor":14,"key":"SpeedPotion"},{"floor":16,"key":"Weak Potion"},{"floor":22,"key":"Regen Potion"},{"floor":31,"key":"Fire Potion"}],"is_trial":false,"path_per_floor":["M","M","M","?","?","R","$","R","T","E","M","R","M","E","R","B",null,"M","?","$","?","M","R","E","R","T","?","R","?","M","M","R","B"],"character_chosen":"DEFECT","items_purchased":["Ball Lightning","MawBank","Toxic Egg 2","Auto Shields+1"],"campfire_rested":4,"item_purchase_floors":[7,7,20,20],"current_hp_per_floor":[68,64,63,48,48,48,48,70,70,57,57,57,57,57,57,24,70,58,41,41,41,26,51,10,35,35,35,60,60,58,50,50,0],"gold":209,"neow_bonus":"HUNDRED_GOLD","is_prod":false,"is_daily":false,"chose_seed":false,"campfire_upgraded":4,"win_rate":0,"timestamp":1541565616,"path_taken":["M","M","M","?","?","R","$","R","T","E","M","R","?","E","R","BOSS","M","?","$","?","M","R","E","R","T","?","R","?","?","M","R","BOSS"],"build_version":"2018-11-05","purchased_purges":1,"victory":false,"max_hp_per_floor":[75,75,75,75,75,75,75,75,75,85,85,85,85,85,85,85,85,85,85,85,85,85,85,85,85,85,85,85,85,85,85,85,85],"card_choices":[{"not_picked":["White Noise","Coolheaded"],"picked":"Beam Cell","floor":1},{"not_picked":["Turbo","Loop"],"picked":"Go for the Eyes","floor":2},{"not_picked":["Beam Cell","Fusion"],"picked":"Rebound","floor":3},{"not_picked":["Redo","Loop"],"picked":"Melter","floor":10},{"not_picked":["Loop","Steam"],"picked":"Defragment","floor":11},{"not_picked":["Rebound","Steam Power","Consume"],"picked":"SKIP","floor":13},{"not_picked":["Scrape","Go for the Eyes"],"picked":"Reboot","floor":14},{"not_picked":["Multi-Cast","Thunder Strike"],"picked":"Seek","floor":16},{"not_picked":["Scrape","Compile Driver"],"picked":"Genetic Algorithm","floor":18},{"not_picked":["Compile Driver","Static Discharge"],"picked":"Sweeping Beam","floor":22},{"not_picked":["Ball Lightning","Darkness+1"],"picked":"Gash","floor":24},{"not_picked":["Melter","Reprogram+1"],"picked":"Barrage","floor":30},{"not_picked":["FTL","Static Discharge"],"picked":"Ball Lightning","floor":31}],"player_experience":521465,"relics_obtained":[{"floor":9,"key":"Mercury Hourglass"},{"floor":10,"key":"Pear"},{"floor":14,"key":"Matryoshka"},{"floor":24,"key":"Bottled Lightning"},{"floor":26,"key":"Symbiotic Virus"},{"floor":26,"key":"Gremlin Horn"}],"event_choices":[{"damage_healed":0,"gold_gain":0,"player_choice":"Entered Light","damage_taken":15,"max_hp_gain":0,"max_hp_loss":0,"event_name":"Shining Light","floor":4,"gold_loss":0,"cards_upgraded":["Go for the Eyes","Defend_B"]},{"damage_healed":0,"gold_gain":0,"player_choice":"Trade","damage_taken":0,"relics_obtained":["CultistMask"],"max_hp_gain":0,"max_hp_loss":0,"event_name":"FaceTrader","floor":5,"gold_loss":0},{"damage_healed":0,"gold_gain":0,"player_choice":"Fight","damage_taken":0,"max_hp_gain":0,"max_hp_loss":0,"event_name":"Colosseum","floor":19,"gold_loss":0},{"damage_healed":0,"gold_gain":0,"player_choice":"Fled From Nobs","damage_taken":0,"max_hp_gain":0,"max_hp_loss":0,"event_name":"Colosseum","floor":19,"gold_loss":0},{"damage_healed":0,"gold_gain":0,"cards_transformed":["Defend_B","Strike_B"],"player_choice":"Became Test Subject","damage_taken":0,"max_hp_gain":0,"max_hp_loss":0,"event_name":"Drug Dealer","floor":21,"gold_loss":0,"cards_obtained":["Echo Form","Gash"]},{"damage_healed":0,"gold_gain":99,"player_choice":"Stole From Cult","damage_taken":0,"max_hp_gain":0,"max_hp_loss":0,"event_name":"Nest","floor":29,"gold_loss":0}],"is_beta":true,"boss_relics":[{"not_picked":["Sozu","Calling Bell"],"picked":"Inserter"}],"items_purged_floors":[20],"is_endless":false,"potions_floor_spawned":[2,10,14,16,22,31],"killed_by":"Champ","ascension_level":5}