{"gold_per_floor":[118,118,129,129,141,151,151,180,180,207,223,173,51,116,116,212,212,225,38,58,58,58,0,19,19,19,52,66,92,103,120,120,218,218,237,247,247,262,262,339,339,30,30,46,46,46,73,92,92,92,92,92,15,46,58],"floor_reached":55,"playtime":2697,"items_purged":["Defend_R","Searing Blow+1"],"score":794,"play_id":"ce788105-f794-4666-8249-8877a0e32228","local_time":"20181030031744","is_ascension_mode":true,"campfire_choices":[{"data":"Inflame","floor":7,"key":"SMITH"},{"data":"Armaments","floor":15,"key":"SMITH"},{"floor":25,"key":"RECALL"},{"floor":32,"key":"REST"},{"data":"Limit Break","floor":41,"key":"SMITH"},{"floor":49,"key":"REST"},{"data":"Shockwave","floor":52,"key":"SMITH"}],"neow_cost":"NONE","seed_source_timestamp":255519000329474,"circlet_count":0,"master_deck":["Strike_R","Strike_R","Strike_R","Strike_R","Defend_R","Defend_R","Defend_R","Bash","Deep Breath","Shrug It Off","Warcry","Inflame+1","Battle Trance","Uppercut+1","Shrug It Off","Armaments+1","Demon Form","Shrug It Off+1","Shockwave+1","Headbutt+1","Shrug It Off+1","Heavy Blade+1","Shrug It Off+1","Limit Break+1","Heavy Blade+1","Flex+1","Madness","Madness","Sword Boomerang+1"],"relics":["Burning Blood","Molten Egg 2","Boot","Gremlin Horn","Self Forming Clay","Pantograph","Runic Pyramid","Pen Nib","Omamori","Unceasing Top","Blood Vial","Runic Dome","Ornamental Fan","Medical Kit","Oddly Smooth Stone","Darkstone Periapt","MawBank"],"potions_floor_usage":[8,14,27,50,50,55,55],"damage_taken":[{"damage":0,"enemies":"Small Slimes","floor":1,"turns":3},{"damage":0,"enemies":"2 Louse","floor":3,"turns":3},{"damage":1,"enemies":"Jaw Worm","floor":5,"turns":4},{"damage":3,"enemies":"Gremlin Gang","floor":6,"turns":4},{"damage":39,"enemies":"3 Sentries","floor":8,"turns":10},{"damage":28,"enemies":"Lagavulin","floor":10,"turns":6},{"damage":16,"enemies":"Large Slime","floor":11,"turns":3},{"damage":14,"enemies":"Lagavulin Event","floor":14,"turns":6},{"damage":36,"enemies":"Slime Boss","floor":16,"turns":13},{"damage":20,"enemies":"2 Thieves","floor":18,"turns":5},{"damage":13,"enemies":"Spheric Guardian","floor":20,"turns":9},{"damage":15,"enemies":"Chosen and Byrds","floor":24,"turns":5},{"damage":40,"enemies":"Slavers","floor":27,"turns":8},{"damage":12,"enemies":"Snake Plant","floor":28,"turns":4},{"damage":23,"enemies":"3 Cultists","floor":30,"turns":6},{"damage":2,"enemies":"Shelled Parasite and Fungi","floor":31,"turns":5},{"damage":49,"enemies":"Automaton","floor":33,"turns":10},{"damage":4,"enemies":"Orb Walker","floor":35,"turns":3},{"damage":3,"enemies":"3 Darklings","floor":36,"turns":6},{"damage":47,"enemies":"Sphere and 2 Shapes","floor":38,"turns":5},{"damage":4,"enemies":"Transient","floor":44,"turns":5},{"damage":6,"enemies":"Giant Head","floor":47,"turns":6},{"damage":8,"enemies":"4 Shapes","floor":48,"turns":6},{"damage":49,"enemies":"Time Eater","floor":50,"turns":9},{"damage":40,"enemies":"Shield and Spear","floor":54,"turns":5},{"damage":81,"enemies":"The Heart","floor":55,"turns":8}],"seed_played":"4122747523652337945","potions_obtained":[{"floor":5,"key":"Regen Potion"},{"floor":6,"key":"FairyPotion"},{"floor":10,"key":"Block Potion"},{"floor":11,"key":"Weak Potion"},{"floor":18,"key":"PowerPotion"},{"floor":31,"key":"SpeedPotion"},{"floor":38,"key":"Poison Potion"},{"floor":48,"key":"Block Potion"},{"floor":54,"key":"Weak Potion"}],"is_trial":false,"path_per_floor":["M","?","M","T","M","M","R","E","T","E","M","?","$","?","R","B",null,"M","$","M","?","$","?","M","R","T","E","M","T","M","M","R","B",null,"M","M","?","M","?","T","R","$","T","M","$","?","E","M","R","B",null,"R","$","E"],"character_chosen":"IRONCLAD","items_purchased":["Shrug It Off","Pen Nib","Shockwave","Medical Kit","Ancient Potion"],"campfire_rested":2,"item_purchase_floors":[13,19,19,42,53],"current_hp_per_floor":[80,62,68,68,73,76,76,58,58,36,26,26,26,18,18,13,80,66,66,59,59,59,59,50,50,50,16,10,10,14,20,44,28,80,80,80,80,39,39,39,39,39,39,43,43,33,35,35,59,37,80,80,80,46,0],"gold":58,"neow_bonus":"RANDOM_COLORLESS","is_prod":false,"is_daily":false,"chose_seed":false,"campfire_upgraded":4,"win_rate":0,"timestamp":1540887464,"path_taken":["M","?","M","?","M","M","R","E","T","E","?","?","$","?","R","BOSS","M","$","M","?","$","?","M","R","T","E","M","?","M","M","R","BOSS","M","M","?","M","?","?","R","$","T","M","$","?","E","M","R","BOSS","R","$","E","BOSS"],"build_version":"2018-10-29v2","purchased_purges":2,"victory":false,"max_hp_per_floor":[80,80,80,80,80,80,80,80,80,80,80,80,80,80,80,80,80,80,80,80,80,80,80,80,80,80,80,80,80,80,80,80,80,80,80,80,80,80,80,80,80,80,80,80,80,80,80,80,80,80,80,80,80,80,80],"card_choices":[{"not_picked":["Clothesline","Wild Strike"],"picked":"Shrug It Off","floor":1},{"not_picked":["Pommel Strike+1","Warcry"],"picked":"Headbutt+1","floor":3},{"not_picked":["Iron Wave+1","Perfected Strike+1"],"picked":"Warcry","floor":5},{"not_picked":["Blood for Blood+1","Thunderclap+1"],"picked":"Inflame","floor":6},{"not_picked":["Sever Soul+1","Heavy Blade+1"],"picked":"Battle Trance","floor":8},{"not_picked":["Armaments","Fiend Fire+1","Reckless Charge+1"],"picked":"SKIP","floor":10},{"not_picked":["Havoc","Warcry"],"picked":"Uppercut+1","floor":11},{"not_picked":["Intimidate","Clothesline+1"],"picked":"Armaments","floor":14},{"not_picked":["Brutality","Barricade"],"picked":"Demon Form","floor":16},{"not_picked":["Clash+1","Headbutt+1"],"picked":"Shrug It Off+1","floor":18},{"not_picked":["Anger+1","Blood for Blood+1"],"picked":"Headbutt+1","floor":20},{"not_picked":["Cleave+1","Sentinel+1","Wild Strike+1"],"picked":"SKIP","floor":24},{"not_picked":["Wild Strike+1","Dropkick+1"],"picked":"Heavy Blade+1","floor":27},{"not_picked":["Twin Strike+1","Shrug It Off","Armaments"],"picked":"SKIP","floor":28},{"not_picked":["Feel No Pain+1","Flame Barrier"],"picked":"Shrug It Off+1","floor":30},{"not_picked":["Fire Breathing+1","Ghostly Armor"],"picked":"Searing Blow+1","floor":31},{"not_picked":["Brutality","Impervious"],"picked":"Limit Break","floor":33},{"not_picked":["Fire Breathing+1","Reckless Charge+1"],"picked":"Heavy Blade+1","floor":35},{"not_picked":["Twin Strike+1","Iron Wave+1","Uppercut+1"],"picked":"SKIP","floor":36},{"not_picked":["Warcry+1","Rupture","Bloodletting+1"],"picked":"SKIP","floor":38},{"not_picked":["Iron Wave+1","Blood for Blood+1"],"picked":"Flex+1","floor":44},{"not_picked":["Havoc","Perfected Strike+1","Wild Strike+1"],"picked":"SKIP","floor":47},{"not_picked":["Flame Barrier+1","Clash+1"],"picked":"Sword Boomerang+1","floor":48},{"not_picked":["Body Slam+1","Power Through+1","Fire Breathing+1"],"picked":"SKIP","floor":54}],"player_experience":735530,"relics_obtained":[{"floor":8,"key":"Boot"},{"floor":9,"key":"Gremlin Horn"},{"floor":10,"key":"Self Forming Clay"},{"floor":14,"key":"Pantograph"},{"floor":26,"key":"Omamori"},{"floor":27,"key":"Unceasing Top"},{"floor":29,"key":"Blood Vial"},{"floor":40,"key":"Ornamental Fan"},{"floor":43,"key":"Oddly Smooth Stone"},{"floor":47,"key":"Darkstone Periapt"},{"floor":54,"key":"MawBank"}],"event_choices":[{"damage_healed":0,"gold_gain":0,"player_choice":"Success","damage_taken":18,"relics_obtained":["Molten Egg 2"],"max_hp_gain":0,"max_hp_loss":0,"event_name":"Scrap Ooze","floor":2,"gold_loss":0},{"cards_removed":["Strike_R"],"damage_healed":0,"gold_gain":0,"player_choice":"Card Removal","damage_taken":0,"max_hp_gain":0,"max_hp_loss":0,"event_name":"The Cleric","floor":12,"gold_loss":50},{"damage_healed":0,"gold_gain":0,"player_choice":"Searched \u00272\u0027 times","damage_taken":0,"max_hp_gain":0,"max_hp_loss":0,"event_name":"Dead Adventurer","floor":14,"gold_loss":0},{"damage_healed":0,"gold_gain":0,"player_choice":"Copied","damage_taken":0,"max_hp_gain":0,"max_hp_loss":0,"event_name":"Duplicator","floor":21,"gold_loss":0,"cards_obtained":["Shrug It Off"]},{"damage_healed":0,"gold_gain":0,"player_choice":"Paid Fearfully","damage_taken":0,"max_hp_gain":0,"max_hp_loss":0,"event_name":"Masked Bandits","floor":23,"gold_loss":58},{"cards_removed":["Headbutt"],"damage_healed":0,"gold_gain":0,"player_choice":"Removed Attack","damage_taken":0,"max_hp_gain":0,"max_hp_loss":0,"event_name":"Falling","floor":37,"gold_loss":0},{"damage_healed":0,"gold_gain":0,"player_choice":"Ignored","damage_taken":0,"max_hp_gain":0,"max_hp_loss":0,"event_name":"The Moai Head","floor":39,"gold_loss":0},{"damage_healed":0,"gold_gain":0,"player_choice":"Embrace Madness","damage_taken":10,"max_hp_gain":0,"max_hp_loss":0,"event_name":"Winding Halls","floor":46,"gold_loss":0,"cards_obtained":["Madness","Madness"]}],"is_beta":true,"boss_relics":[{"not_picked":["Eternal Feather","Astrolabe"],"picked":"Runic Pyramid"},{"not_picked":["Tiny House","Orrery"],"picked":"Runic Dome"}],"items_purged_floors":[13,42],"is_endless":false,"potions_floor_spawned":[5,6,10,11,18,20,31,38,48,54],"killed_by":"The Heart","ascension_level":1}