{"path_per_floor":["M","?","$","M","?","R","M","M","T","R","M","M","M","M","R","B",null,"M","$","M","M","M","R","M","R","T","R","?","M","T","M","R"],"character_chosen":"THE_SILENT","items_purchased":["Infinite Blades","Deflect","Molten Egg 2"],"gold_per_floor":[115,115,15,36,1,1,20,33,33,33,53,66,87,112,112,240,240,256,0,15,34,59,59,79,79,124,124,124,136,136,147,147,147],"floor_reached":33,"campfire_rested":6,"playtime":3294,"current_hp_per_floor":[70,53,53,53,70,70,70,51,51,70,67,55,37,25,46,18,70,45,45,40,12,10,31,14,35,35,56,56,20,20,1,22,0],"items_purged":[],"gold":147,"score":245,"play_id":"20744a69-f575-43e3-9ca3-ba888b0d4292","local_time":"20180523004046","is_prod":false,"is_daily":false,"chose_seed":false,"is_ascension_mode":false,"campfire_upgraded":1,"timestamp":1527050446,"campfire_choices":[{"data":"Infinite Blades","floor":6,"key":"SMITH"},{"floor":10,"key":"REST"},{"floor":15,"key":"REST"},{"floor":23,"key":"REST"},{"floor":25,"key":"REST"},{"floor":27,"key":"REST"},{"floor":32,"key":"REST"}],"path_taken":["M","?","$","M","?","R","M","M","T","R","M","M","M","M","R","BOSS","M","$","M","M","M","R","M","R","T","R","?","M","?","M","R","BOSS"],"build_version":"2018-05-17","seed_source_timestamp":160043811268024,"purchased_purges":0,"victory":false,"master_deck":["Defend_G","Defend_G","Defend_G","Defend_G","Defend_G","Strike_G","Strike_G","Strike_G","Strike_G","Strike_G","Survivor","Neutralize","Backflip","Infinite Blades+1","Deflect","Sucker Punch","Dagger Spray","Flying Knee","Underhanded Strike","Flechettes","Quick Slash","All Out Attack","A Thousand Cuts","Slice+1","Calculated Gamble","Caltrops","Predator+1","Poisoned Stab+1","Decay","All Out Attack+1","Doubt","Flechettes+1"],"max_hp_per_floor":[70,70,70,70,70,70,70,70,70,70,70,70,70,70,70,70,70,70,70,70,70,70,70,70,70,70,70,70,70,70,70,70,70],"relics":["Ring of the Snake","Tingsha","Cursed Key","Molten Egg 2","Singing Bowl","Nloth\u0027s Gift","Blue Candle"],"card_choices":[{"not_picked":["Acrobatics","Deadly Poison"],"picked":"Backflip","floor":1},{"not_picked":["Poisoned Stab","Unload"],"picked":"Sucker Punch","floor":4},{"not_picked":["Eviscerate","PiercingWail"],"picked":"Dagger Spray","floor":7},{"not_picked":["Escape Plan","Quick Slash"],"picked":"Flying Knee","floor":8},{"not_picked":["Masterful Stab","Flechettes"],"picked":"Underhanded Strike","floor":11},{"not_picked":["Escape Plan","Dodge and Roll"],"picked":"Flechettes","floor":12},{"not_picked":["Calculated Gamble","Endless Agony"],"picked":"Quick Slash","floor":13},{"not_picked":["Deflect","Quick Slash"],"picked":"All Out Attack","floor":14},{"not_picked":["Adrenaline","Doppelganger"],"picked":"A Thousand Cuts","floor":16},{"not_picked":["Outmaneuver+1","Blur"],"picked":"Slice+1","floor":18},{"not_picked":["Quick Slash+1","Backflip"],"picked":"Calculated Gamble","floor":20},{"not_picked":["Dodge and Roll","Footwork"],"picked":"Caltrops","floor":21},{"not_picked":["Eviscerate+1","PiercingWail"],"picked":"Predator+1","floor":22},{"not_picked":["Predator+1","Dodge and Roll"],"picked":"Poisoned Stab+1","floor":24},{"not_picked":["Dagger Throw+1","Dagger Spray+1"],"picked":"All Out Attack+1","floor":29},{"not_picked":["Malaise","Backflip"],"picked":"Flechettes+1","floor":31}],"player_experience":65347,"potions_floor_usage":[14,16,16,22,24,29,33],"damage_taken":[{"damage":0,"enemies":"2 Louse","floor":1,"turns":3},{"damage":0,"enemies":"Small Slimes","floor":4,"turns":3},{"damage":0,"enemies":"Jaw Worm","floor":7,"turns":4},{"damage":19,"enemies":"Gremlin Gang","floor":8,"turns":4},{"damage":3,"enemies":"Blue Slaver","floor":11,"turns":4},{"damage":12,"enemies":"Red Slaver","floor":12,"turns":5},{"damage":18,"enemies":"Exordium Wildlife","floor":13,"turns":3},{"damage":12,"enemies":"Lots of Slimes","floor":14,"turns":3},{"damage":28,"enemies":"Hexaghost","floor":16,"turns":12},{"damage":25,"enemies":"Shell Parasite","floor":18,"turns":5},{"damage":5,"enemies":"3 Byrds","floor":20,"turns":4},{"damage":28,"enemies":"Snake Plant","floor":21,"turns":4},{"damage":16,"enemies":"Chosen and Byrds","floor":22,"turns":5},{"damage":17,"enemies":"Cultist and Chosen","floor":24,"turns":6},{"damage":41,"enemies":"Slaver and Parasite","floor":29,"turns":6},{"damage":19,"enemies":"Snecko","floor":31,"turns":5},{"damage":30,"enemies":"Champ","floor":33,"turns":5}],"relics_obtained":[{"floor":9,"key":"Tingsha"},{"floor":26,"key":"Singing Bowl"},{"floor":30,"key":"Blue Candle"}],"event_choices":[{"event_name":"Golden Idol","player_choice":"Take Damage","floor":2,"damage_taken":0},{"event_name":"The Cleric","player_choice":"Healed","floor":5,"damage_taken":0},{"event_name":"N\u0027loth","player_choice":"Traded a Golden Idol","floor":28,"damage_taken":0}],"boss_relics":[{"not_picked":["Calling Bell","Velvet Choker"],"picked":"Cursed Key"}],"potions_floor_spawned":[1,4,11,13,21,22,24,31],"seed_played":"-366390165349177635","killed_by":"Champ","ascension_level":0,"potions_obtained":[{"floor":1,"key":"SkillPotion"},{"floor":4,"key":"EssenceOfSteel"},{"floor":11,"key":"PowerPotion"},{"floor":21,"key":"Regen Potion"},{"floor":22,"key":"Fire Potion"},{"floor":24,"key":"Regen Potion"},{"floor":31,"key":"Dexterity Potion"}],"is_trial":false}