{"gold_per_floor":[13,13,13,13,33,33,33,33,84,84,102,116,116,142,142,266,266,289,314,439,439,16,16,57,81,106,106,106,130,130,130,130,250,250,270,289,289,29,44,78,78,78,78,0,0,25,64,77,77,77,77,77,7,41,41],"floor_reached":55,"playtime":5495,"items_purged":["Strike_B","Writhe"],"score":756,"play_id":"62c1c3c3-ad32-4ef6-90f3-b80b44f7b62b","local_time":"20190123202819","is_ascension_mode":false,"campfire_choices":[{"data":"Electrodynamics","floor":6,"key":"SMITH"},{"data":"Glacier","floor":8,"key":"SMITH"},{"data":"Zap","floor":10,"key":"SMITH"},{"floor":15,"key":"REST"},{"floor":23,"key":"REST"},{"floor":28,"key":"REST"},{"data":"Echo Form","floor":30,"key":"SMITH"},{"floor":32,"key":"RECALL"},{"data":"Madness","floor":42,"key":"SMITH"},{"floor":49,"key":"REST"},{"data":"Static Discharge","floor":52,"key":"SMITH"}],"neow_cost":"NO_GOLD","seed_source_timestamp":334467053213798,"circlet_count":0,"master_deck":["Strike_B","Defend_B","Defend_B","Defend_B","Defend_B","Zap+1","Dualcast","Electrodynamics+1","Glacier+1","Static Discharge+1","Echo Form+1","Capacitor","Hologram","Creative AI","Biased Cognition","Seek","Storm","BootSequence","Fusion+1","Madness+1","Parasite","Loop","Fusion+1","Storm","Force Field"],"relics":["Cracked Core","Golden Idol","Art of War","Regal Pillow","Odd Mushroom","Philosopher\u0027s Stone","Unceasing Top","Cables","Medical Kit","Juzu Bracelet","Dream Catcher","Centennial Puzzle","Orrery","Ginger","Mercury Hourglass","Red Mask","Turnip","Strawberry"],"potions_floor_usage":[19,20,20,33,33,46,46,47,50,50,55],"damage_taken":[{"damage":8,"enemies":"2 Louse","floor":1,"turns":2},{"damage":0,"enemies":"Jaw Worm","floor":5,"turns":5},{"damage":0,"enemies":"Small Slimes","floor":11,"turns":2},{"damage":0,"enemies":"2 Fungi Beasts","floor":12,"turns":3},{"damage":1,"enemies":"The Mushroom Lair","floor":14,"turns":3},{"damage":33,"enemies":"The Guardian","floor":16,"turns":28},{"damage":11,"enemies":"Shell Parasite","floor":18,"turns":16},{"damage":5,"enemies":"3 Byrds","floor":19,"turns":5},{"damage":10,"enemies":"Colosseum Slavers","floor":20,"turns":3},{"damage":26,"enemies":"Colosseum Nobs","floor":20,"turns":4},{"damage":40,"enemies":"Gremlin Leader","floor":24,"turns":6},{"damage":0,"enemies":"Snecko","floor":25,"turns":7},{"damage":2,"enemies":"Cultist and Chosen","floor":29,"turns":4},{"damage":0,"enemies":"Champ","floor":33,"turns":10},{"damage":0,"enemies":"3 Shapes","floor":35,"turns":2},{"damage":0,"enemies":"3 Darklings","floor":36,"turns":1},{"damage":0,"enemies":"Sphere and 2 Shapes","floor":39,"turns":5},{"damage":27,"enemies":"Nemesis","floor":40,"turns":6},{"damage":26,"enemies":"Writhing Mass","floor":46,"turns":4},{"damage":18,"enemies":"Reptomancer","floor":47,"turns":5},{"damage":4,"enemies":"4 Shapes","floor":48,"turns":2},{"damage":51,"enemies":"Donu and Deca","floor":50,"turns":9},{"damage":18,"enemies":"Shield and Spear","floor":54,"turns":4},{"damage":65,"enemies":"The Heart","floor":55,"turns":6}],"seed_played":"8865008712301726894","potions_obtained":[{"floor":1,"key":"FocusPotion"},{"floor":5,"key":"SkillPotion"},{"floor":12,"key":"Fire Potion"},{"floor":24,"key":"FocusPotion"},{"floor":29,"key":"Regen Potion"},{"floor":35,"key":"Explosive Potion"},{"floor":40,"key":"LiquidBronze"},{"floor":45,"key":"Regen Potion"},{"floor":46,"key":"Energy Potion"},{"floor":47,"key":"Weak Potion"},{"floor":48,"key":"SkillPotion"}],"is_trial":false,"path_per_floor":["M","?","?","?","M","R","$","R","T","R","M","M","?","?","R","B",null,"M","M","?","?","$","R","E","M","T","?","R","M","R","?","R","B",null,"M","M","?","$","M","E","?","R","T","?","?","M","E","M","R","B",null,"R","$","E","B"],"character_chosen":"DEFECT","items_purchased":["Medical Kit","Juzu Bracelet","BootSequence","Regen Potion","Swift Potion","Storm"],"campfire_rested":4,"item_purchase_floors":[22,22,38,38,38,53],"current_hp_per_floor":[67,49,42,42,42,42,42,42,42,42,42,42,39,38,75,42,75,64,59,23,23,23,60,20,20,20,20,57,55,55,55,55,70,75,75,75,75,75,75,48,48,48,48,48,48,56,38,34,71,20,75,75,75,64,0],"gold":41,"neow_bonus":"THREE_RARE_CARDS","is_prod":false,"is_daily":false,"chose_seed":false,"campfire_upgraded":6,"win_rate":0,"timestamp":1548237499,"path_taken":["M","?","?","?","?","R","$","R","T","R","M","M","?","?","R","BOSS","M","M","?","?","?","R","E","M","T","?","R","M","R","?","R","BOSS","M","M","?","$","M","E","?","R","T","?","?","M","E","M","R","BOSS","R","$","E","BOSS"],"build_version":"2019-01-17v2","purchased_purges":2,"victory":false,"max_hp_per_floor":[75,75,75,75,75,75,75,75,75,75,75,75,75,75,75,75,75,75,75,75,75,75,75,75,75,75,75,75,75,75,75,75,75,75,75,75,75,75,75,75,75,75,75,75,75,75,75,75,75,75,75,75,75,82,82],"card_choices":[{"not_picked":["Echo Form","Machine Learning"],"picked":"Electrodynamics","floor":0},{"not_picked":["Beam Cell","Go for the Eyes"],"picked":"Glacier","floor":1},{"not_picked":["Streamline","Undo","Blizzard"],"picked":"SKIP","floor":5},{"not_picked":["Go for the Eyes","Beam Cell"],"picked":"Static Discharge","floor":11},{"not_picked":["Skim","Streamline","Sweeping Beam"],"picked":"SKIP","floor":12},{"not_picked":["Reboot","Buffer"],"picked":"Echo Form","floor":16},{"not_picked":["Sweeping Beam","Gash"],"picked":"Capacitor","floor":18},{"not_picked":["Recycle","Beam Cell"],"picked":"Hologram","floor":19},{"not_picked":["Barrage","Compile Driver"],"picked":"Biased Cognition","floor":24},{"not_picked":["Turbo","Compile Driver","Ball Lightning"],"picked":"SKIP","floor":25},{"not_picked":["Chaos","Barrage","Core Surge"],"picked":"SKIP","floor":29},{"not_picked":["Electrodynamics","Thunder Strike"],"picked":"Seek","floor":33},{"not_picked":["Stack","Beam Cell+1"],"picked":"Storm","floor":34},{"not_picked":["Hologram+1","Fusion","Compile Driver"],"picked":"SKIP","floor":35},{"not_picked":["Stack+1","Steam+1","Redo"],"picked":"SKIP","floor":36},{"not_picked":["Steam","Gash","Turbo"],"picked":"SKIP","floor":39},{"not_picked":["Tempest","Recycle"],"picked":"Fusion+1","floor":40},{"not_picked":["Forethought","Bandage Up"],"picked":"Madness","floor":41},{"not_picked":["Hologram","Seek","Streamline"],"picked":"SKIP","floor":46},{"not_picked":["Turbo+1","Recycle"],"picked":"Loop","floor":47},{"not_picked":["Steam+1","Compile Driver","Leap"],"picked":"SKIP","floor":48},{"not_picked":["Scrape","Beam Cell"],"picked":"Fusion+1","floor":49},{"not_picked":["Leap","Rebound+1"],"picked":"Force Field","floor":54}],"player_experience":503523,"relics_obtained":[{"floor":9,"key":"Art of War"},{"floor":14,"key":"Odd Mushroom"},{"floor":20,"key":"Unceasing Top"},{"floor":20,"key":"Cables"},{"floor":24,"key":"Dream Catcher"},{"floor":40,"key":"Ginger"},{"floor":43,"key":"Mercury Hourglass"},{"floor":47,"key":"Turnip"},{"floor":54,"key":"Strawberry"}],"event_choices":[{"damage_healed":0,"gold_gain":0,"player_choice":"Take Damage","damage_taken":18,"relics_obtained":["Golden Idol"],"max_hp_gain":0,"max_hp_loss":0,"event_name":"Golden Idol","floor":2,"gold_loss":0},{"cards_removed":["Strike_B"],"damage_healed":0,"gold_gain":0,"player_choice":"Card Removal","damage_taken":7,"max_hp_gain":0,"max_hp_loss":0,"event_name":"Golden Wing","floor":3,"gold_loss":0},{"damage_healed":0,"gold_gain":0,"player_choice":"Leave","damage_taken":0,"max_hp_gain":0,"max_hp_loss":0,"event_name":"The Cleric","floor":4,"gold_loss":0},{"damage_healed":0,"gold_gain":0,"player_choice":"Success","damage_taken":3,"relics_obtained":["Regal Pillow"],"max_hp_gain":0,"max_hp_loss":0,"event_name":"Scrap Ooze","floor":13,"gold_loss":0},{"damage_healed":0,"gold_gain":0,"player_choice":"Fought Mushrooms","damage_taken":0,"max_hp_gain":0,"max_hp_loss":0,"event_name":"Mushrooms","floor":14,"gold_loss":0},{"damage_healed":0,"gold_gain":0,"player_choice":"Fight","damage_taken":0,"max_hp_gain":0,"max_hp_loss":0,"event_name":"Colosseum","floor":20,"gold_loss":0},{"damage_healed":0,"gold_gain":0,"player_choice":"Fought Nobs","damage_taken":0,"max_hp_gain":0,"max_hp_loss":0,"event_name":"Colosseum","floor":20,"gold_loss":0},{"damage_healed":0,"gold_gain":0,"player_choice":"Read","damage_taken":0,"max_hp_gain":0,"max_hp_loss":0,"event_name":"The Library","floor":21,"gold_loss":0,"cards_obtained":["Creative AI"]},{"damage_healed":0,"gold_gain":0,"player_choice":"Ignored","damage_taken":0,"max_hp_gain":0,"max_hp_loss":0,"event_name":"NoteForYourself","floor":27,"gold_loss":0},{"damage_healed":0,"gold_gain":0,"player_choice":"Opened","damage_taken":0,"relics_obtained":["Centennial Puzzle"],"max_hp_gain":0,"max_hp_loss":0,"event_name":"The Mausoleum","floor":31,"gold_loss":0,"cards_obtained":["Writhe"]},{"cards_removed":["Strike_B"],"damage_healed":0,"gold_gain":0,"player_choice":"Removed Attack","damage_taken":0,"max_hp_gain":0,"max_hp_loss":0,"event_name":"Falling","floor":37,"gold_loss":0},{"damage_healed":0,"gold_gain":0,"player_choice":"Memory 1","damage_taken":0,"max_hp_gain":0,"max_hp_loss":0,"event_name":"SensoryStone","floor":41,"gold_loss":0},{"damage_healed":0,"gold_gain":0,"player_choice":"Paid","damage_taken":0,"relics_obtained":["Red Mask"],"max_hp_gain":0,"max_hp_loss":0,"event_name":"Tomb of Lord Red Mask","floor":44,"gold_loss":78},{"damage_healed":0,"gold_gain":0,"player_choice":"Got Potions","damage_taken":0,"max_hp_gain":0,"max_hp_loss":0,"event_name":"Lab","floor":45,"gold_loss":0}],"is_beta":false,"boss_relics":[{"not_picked":["White Beast Statue","Runic Pyramid"],"picked":"Philosopher\u0027s Stone"},{"not_picked":["Snecko Eye","Astrolabe"],"picked":"Orrery"}],"items_purged_floors":[22,38],"is_endless":false,"potions_floor_spawned":[1,5,12,20,24,29,35,40,46,47,48],"killed_by":"The Heart","ascension_level":0}