{"gold_per_floor":[209,223,223,173,192,223,223,223,223,96,96,110,123,159,159,279,279,300,280,2,2,25,25,25,25,25,46,46,66,66,80,80,80],"floor_reached":33,"playtime":1702,"items_purged":["Strike_R"],"score":255,"play_id":"c5a52e85-6cba-4912-9ba0-4792d3f7cdfe","local_time":"20181213153840","is_ascension_mode":false,"campfire_choices":[{"floor":7,"key":"REST"},{"floor":11,"key":"REST"},{"floor":15,"key":"REST"},{"floor":23,"key":"REST"},{"data":"Body Slam","floor":25,"key":"SMITH"},{"data":"Havoc","floor":28,"key":"SMITH"},{"floor":32,"key":"REST"}],"neow_cost":"NONE","seed_source_timestamp":70901044355232,"circlet_count":0,"master_deck":["Strike_R","Strike_R","Defend_R","Defend_R","Defend_R","Defend_R","Bash","Iron Wave","Cleave","Pommel Strike","Flame Barrier","Shrug It Off","Iron Wave","Body Slam+1","Flex","Immolate","Flame Barrier","Cleave","Ghostly Armor","Headbutt","True Grit","Battle Trance","Havoc+1","Headbutt","Barrage","True Grit+1","Inflame","Reaper"],"relics":["Burning Blood","Golden Idol","Pantograph","Anchor","Regal Pillow","Orrery","ClockworkSouvenir","Toxic Egg 2"],"potions_floor_usage":[6,16,33],"damage_taken":[{"damage":7,"enemies":"2 Louse","floor":1,"turns":3},{"damage":3,"enemies":"Jaw Worm","floor":2,"turns":5},{"damage":1,"enemies":"Cultist","floor":5,"turns":3},{"damage":49,"enemies":"Lagavulin","floor":6,"turns":6},{"damage":7,"enemies":"Red Slaver","floor":12,"turns":4},{"damage":20,"enemies":"Exordium Thugs","floor":13,"turns":6},{"damage":12,"enemies":"3 Sentries","floor":14,"turns":7},{"damage":72,"enemies":"The Guardian","floor":16,"turns":15},{"damage":40,"enemies":"Spheric Guardian","floor":18,"turns":8},{"damage":43,"enemies":"Colosseum Slavers","floor":21,"turns":5},{"damage":4,"enemies":"Shell Parasite","floor":22,"turns":6},{"damage":10,"enemies":"Snecko","floor":27,"turns":5},{"damage":31,"enemies":"Shelled Parasite and Fungi","floor":29,"turns":8},{"damage":23,"enemies":"Cultist and Chosen","floor":31,"turns":8},{"damage":99,"enemies":"Champ","floor":33,"turns":13}],"seed_played":"206525538966753978","potions_obtained":[{"floor":2,"key":"LiquidBronze"},{"floor":6,"key":"Dexterity Potion"},{"floor":13,"key":"Energy Potion"},{"floor":19,"key":"Block Potion"},{"floor":27,"key":"AttackPotion"}],"is_trial":false,"path_per_floor":["M","M","?","?","M","E","R","?","T","$","R","M","M","E","R","B",null,"M","?","$","?","M","R","?","R","T","M","R","M","?","M","R","B"],"character_chosen":"IRONCLAD","items_purchased":["Shrug It Off","ClockworkSouvenir","Feel No Pain","Havoc"],"campfire_rested":5,"item_purchase_floors":[10,20,20,20],"current_hp_per_floor":[79,80,60,60,65,22,46,46,46,46,70,69,55,49,80,14,80,46,46,46,9,11,50,50,50,50,46,46,21,47,30,69,0],"gold":80,"neow_bonus":"HUNDRED_GOLD","is_prod":false,"is_daily":false,"chose_seed":false,"campfire_upgraded":2,"win_rate":0,"timestamp":1544733520,"path_taken":["M","M","?","?","M","E","R","?","T","?","R","?","M","E","R","BOSS","M","?","?","?","M","R","?","R","T","M","R","?","?","M","R","BOSS"],"build_version":"2018-12-06","purchased_purges":1,"victory":false,"max_hp_per_floor":[80,80,80,80,80,80,80,80,80,80,80,80,80,80,80,80,80,80,80,80,80,80,80,80,80,80,80,80,80,80,80,80,80],"card_choices":[{"not_picked":["Heavy Blade","Sword Boomerang"],"picked":"Iron Wave","floor":1},{"not_picked":["Bloodletting","Feel No Pain"],"picked":"Cleave","floor":2},{"not_picked":["Blood for Blood","Havoc"],"picked":"Pommel Strike","floor":5},{"not_picked":["Armaments","Corruption"],"picked":"Flame Barrier","floor":6},{"not_picked":["Evolve","Carnage"],"picked":"Iron Wave","floor":12},{"not_picked":["Shrug It Off","Clash"],"picked":"Body Slam","floor":13},{"not_picked":["Reckless Charge","Fire Breathing"],"picked":"Flex","floor":14},{"not_picked":["Double Tap","Dark Embrace"],"picked":"Immolate","floor":16},{"not_picked":["Body Slam","Twin Strike"],"picked":"Flame Barrier","floor":17},{"not_picked":["Anger","Heavy Blade"],"picked":"Cleave","floor":17},{"not_picked":["Heavy Blade","Havoc"],"picked":"Ghostly Armor","floor":17},{"not_picked":["Anger","Offering"],"picked":"Headbutt","floor":17},{"not_picked":["Wild Strike","Sword Boomerang"],"picked":"True Grit","floor":17},{"not_picked":["Sword Boomerang","Clash"],"picked":"Battle Trance","floor":18},{"not_picked":["Dual Wield","Havoc"],"picked":"Headbutt","floor":22},{"not_picked":["Infernal Blade+1","Dropkick"],"picked":"True Grit+1","floor":27},{"not_picked":["Heavy Blade+1","Pummel"],"picked":"Inflame","floor":29},{"not_picked":["Whirlwind+1","Bloodletting+1"],"picked":"Reaper","floor":31}],"player_experience":1895168,"relics_obtained":[{"floor":6,"key":"Pantograph"},{"floor":9,"key":"Anchor"},{"floor":14,"key":"Regal Pillow"},{"floor":26,"key":"Toxic Egg 2"}],"event_choices":[{"damage_healed":0,"gold_gain":0,"player_choice":"Take Damage","damage_taken":20,"relics_obtained":["Golden Idol"],"max_hp_gain":0,"max_hp_loss":0,"event_name":"Golden Idol","floor":3,"gold_loss":0},{"cards_removed":["Strike_R"],"damage_healed":0,"gold_gain":0,"player_choice":"Card Removal","damage_taken":0,"max_hp_gain":0,"max_hp_loss":0,"event_name":"The Cleric","floor":4,"gold_loss":50},{"cards_removed":["Strike_R"],"damage_healed":0,"gold_gain":0,"player_choice":"Forget","damage_taken":0,"max_hp_gain":0,"max_hp_loss":0,"event_name":"Living Wall","floor":8,"gold_loss":0},{"damage_healed":0,"gold_gain":0,"player_choice":"Bought 1 Potion","damage_taken":0,"max_hp_gain":0,"max_hp_loss":0,"event_name":"The Woman in Blue","floor":19,"gold_loss":0},{"damage_healed":0,"gold_gain":0,"player_choice":"Fight","damage_taken":0,"max_hp_gain":0,"max_hp_loss":0,"event_name":"Colosseum","floor":21,"gold_loss":0},{"damage_healed":0,"gold_gain":0,"player_choice":"Fled From Nobs","damage_taken":0,"max_hp_gain":0,"max_hp_loss":0,"event_name":"Colosseum","floor":21,"gold_loss":0},{"cards_removed":["Feel No Pain"],"damage_healed":0,"gold_gain":0,"player_choice":"Took Card","damage_taken":0,"max_hp_gain":0,"max_hp_loss":0,"event_name":"NoteForYourself","floor":24,"gold_loss":0,"cards_obtained":["Barrage"]},{"damage_healed":26,"gold_gain":0,"player_choice":"Heal","damage_taken":0,"max_hp_gain":0,"max_hp_loss":0,"event_name":"The Library","floor":30,"gold_loss":0}],"is_beta":false,"boss_relics":[{"not_picked":["Runic Cube","Tiny House"],"picked":"Orrery"}],"items_purged_floors":[10],"is_endless":false,"potions_floor_spawned":[2,6,13,21,27,31],"killed_by":"Champ","ascension_level":0}