{"gold_per_floor":[118,130,140,152,172,198,198,232,232,232],"floor_reached":10,"playtime":804,"items_purged":[],"score":96,"play_id":"803bfbe3-2945-4926-972e-f5aed932360b","local_time":"20180629175053","is_ascension_mode":true,"campfire_choices":[{"floor":7,"key":"REST"}],"neow_cost":"NONE","seed_source_timestamp":246838613842020,"circlet_count":0,"master_deck":["Defend_G","Defend_G","Defend_G","Defend_G","Defend_G","Strike_G","Strike_G","Strike_G+1","Strike_G","Strike_G","Survivor","Neutralize","Sucker Punch+1","Dash"],"relics":["Lizard Tail","Whetstone","Bottled Flame","Singing Bowl"],"potions_floor_usage":[8],"damage_taken":[{"damage":1,"enemies":"Small Slimes","floor":1,"turns":5},{"damage":4,"enemies":"2 Louse","floor":2,"turns":4},{"damage":0,"enemies":"Cultist","floor":3,"turns":4},{"damage":14,"enemies":"Exordium Thugs","floor":4,"turns":6},{"damage":2,"enemies":"3 Louse","floor":5,"turns":5},{"damage":88,"enemies":"Lagavulin","floor":6,"turns":14},{"damage":26,"enemies":"3 Sentries","floor":8,"turns":11},{"damage":16,"enemies":"Lots of Slimes","floor":10,"turns":2}],"seed_played":"-6031001684593607017","potions_obtained":[{"floor":6,"key":"Ancient Potion"},{"floor":8,"key":"FairyPotion"}],"is_trial":false,"path_per_floor":["M","M","M","M","M","E","R","E","T"],"character_chosen":"THE_SILENT","items_purchased":[],"campfire_rested":1,"item_purchase_floors":[],"current_hp_per_floor":[69,65,65,51,49,7,28,2,2,0],"gold":232,"neow_bonus":"BOSS_RELIC","is_prod":false,"is_daily":false,"chose_seed":false,"campfire_upgraded":0,"win_rate":0,"timestamp":1530312653,"path_taken":["M","M","M","M","M","E","R","E","T","M"],"build_version":"2018-06-28","purchased_purges":0,"victory":false,"max_hp_per_floor":[70,70,70,70,70,70,70,70,70,70],"card_choices":[{"not_picked":["Slice","Outmaneuver","Prepared"],"picked":"SKIP","floor":1},{"not_picked":["Quick Slash","Dagger Throw"],"picked":"Sucker Punch","floor":2},{"not_picked":["Flechettes","Flying Knee","Bane"],"picked":"SKIP","floor":3},{"not_picked":["Prepared","Acrobatics","Sucker Punch"],"picked":"SKIP","floor":4},{"not_picked":["Bane","Acrobatics","Flying Knee"],"picked":"SKIP","floor":5},{"not_picked":["Sucker Punch","Bullet Time","Deflect"],"picked":"SKIP","floor":6},{"not_picked":["Poisoned Stab","Escape Plan"],"picked":"Dash","floor":8}],"player_experience":179516,"relics_obtained":[{"floor":6,"key":"Whetstone"},{"floor":8,"key":"Bottled Flame"},{"floor":9,"key":"Singing Bowl"}],"event_choices":[],"boss_relics":[],"items_purged_floors":[],"is_endless":false,"potions_floor_spawned":[6,8],"killed_by":"Lots of Slimes","ascension_level":4}