{"path_per_floor":["M","?","M","$","M","E","?","E","T","$","M","M","E","M","R","B",null,"M","?","$","?","M","E","M","E","T","R","M","?","R","T","R","B",null,"M","?","M","$","?","R","M"],"character_chosen":"DEFECT","items_purchased":["Apotheosis","Storm","Genetic Algorithm","Regal Pillow"],"gold_per_floor":[113,188,206,22,33,63,63,96,171,24,38,49,83,99,99,199,199,217,217,61,61,73,104,124,153,153,153,163,163,163,190,190,294,294,310,310,323,323,323,323,340,340],"floor_reached":42,"campfire_rested":2,"playtime":4516,"item_purchase_floors":[],"current_hp_per_floor":[69,58,56,56,56,46,39,39,39,39,31,25,11,18,40,17,75,53,53,53,75,59,30,31,19,19,56,50,37,37,44,44,15,44,41,41,43,43,37,44,29,0],"items_purged":[],"gold":340,"score":531,"play_id":"66245560-dbf2-4bdb-8bf7-a8a314518315","local_time":"20180603155740","is_prod":false,"is_daily":false,"chose_seed":false,"is_ascension_mode":false,"campfire_upgraded":3,"win_rate":0,"timestamp":1528034260,"campfire_choices":[{"floor":15.0,"key":"REST"},{"floor":27,"key":"REST"},{"data":"Apotheosis","floor":30,"key":"SMITH"},{"data":"Double Energy","floor":32,"key":"SMITH"},{"data":"Zap","floor":40,"key":"SMITH"}],"path_taken":["M","?","M","$","M","E","?","E","T","$","?","M","E","M","R","BOSS","M","?","$","?","?","E","M","E","T","R","M","?","R","?","R","BOSS","M","?","M","$","?","R","M","E"],"build_version":"2018-05-30v2","seed_source_timestamp":0,"purchased_purges":0,"victory":false,"master_deck":["Strike_B+1","Strike_B+1","Strike_B+1","Strike_B+1","Defend_B+1","Defend_B+1","Defend_B+1","Defend_B+1","Zap+1","Dualcast","Streamline","Go for the Eyes","Apotheosis+1","Redo","Storm","Machine Learning","Storm","Genetic Algorithm","Double Energy+1","Go for the Eyes+1","Barrage+1","Hologram","Electrodynamics","Ball Lightning+1","Aggregate+1","Consume","Ball Lightning+1","Storm+1","Ghostly","Ghostly","Ghostly","Ghostly","Ghostly","Electrodynamics","White Noise+1","Redo+1","Madness","Madness","Leap"],"max_hp_per_floor":[75,75,75,75,75,75,75,75,75,75,75,75,75,75,75,75,75,75,75,75,75,75,75,75,75,75,75,75,37,37,44,44,44,44,44,44,44,44,44,44,44,44],"relics":["Cracked Core","Ice Cream","Potion Belt","Sundial","Molten Egg 2","Blood Vial","Black Star","Regal Pillow","Peace Pipe","Bird Faced Urn","Kunai","Gremlin Horn","Bottled Flame","Strawberry","Eternal Feather"],"card_choices":[{"not_picked":["Barrage","Conserve Battery"],"picked":"Streamline","floor":1.0},{"not_picked":["Ball Lightning","Stack"],"picked":"Go for the Eyes","floor":3.0},{"not_picked":["Sweeping Beam","Stack"],"picked":"Redo","floor":5.0},{"not_picked":["Auto Shields","Hologram"],"picked":"Storm","floor":6.0},{"not_picked":["Streamline","Ball Lightning"],"picked":"Machine Learning","floor":8.0},{"not_picked":["Coolheaded","Auto Shields"],"picked":"Double Energy","floor":11.0},{"not_picked":["Barrage+1","Hello World"],"picked":"Go for the Eyes+1","floor":12.0},{"not_picked":["Coolheaded","Fusion"],"picked":"Barrage+1","floor":13.0},{"not_picked":["Reprogram","Barrage+1"],"picked":"Hologram","floor":14.0},{"not_picked":["Seek","Rainbow"],"picked":"Electrodynamics","floor":16.0},{"not_picked":["Fusion","Sweeping Beam+1"],"picked":"Ball Lightning+1","floor":18.0},{"not_picked":["White Noise","Coolheaded"],"picked":"Aggregate+1","floor":22.0},{"not_picked":["Leap","Redo"],"picked":"Consume","floor":23},{"not_picked":["Barrage+1","Stack"],"picked":"Ball Lightning+1","floor":24},{"not_picked":["Rainbow","Capacitor"],"picked":"Storm+1","floor":25},{"not_picked":["Hologram","Compile Driver+1","Sweeping Beam+1"],"picked":"SKIP","floor":28},{"not_picked":["Buffer","Reboot"],"picked":"Electrodynamics","floor":33},{"not_picked":["BootSequence","Cold Snap+1"],"picked":"White Noise+1","floor":35},{"not_picked":["Coolheaded+1","Beam Cell+1"],"picked":"Redo+1","floor":37},{"not_picked":["Steam+1","Beam Cell+1"],"picked":"Leap","floor":41}],"player_experience":23459,"potions_floor_usage":[28,33,33,37],"damage_taken":[{"damage":6.0,"enemies":"Jaw Worm","floor":1.0,"turns":4.0},{"damage":2.0,"enemies":"2 Louse","floor":3.0,"turns":3.0},{"damage":0.0,"enemies":"Cultist","floor":5.0,"turns":3.0},{"damage":10.0,"enemies":"Gremlin Nob","floor":6.0,"turns":4.0},{"damage":0.0,"enemies":"Lagavulin","floor":8.0,"turns":5.0},{"damage":8.0,"enemies":"Looter","floor":11.0,"turns":4.0},{"damage":6.0,"enemies":"Blue Slaver","floor":12.0,"turns":4.0},{"damage":14.0,"enemies":"3 Sentries","floor":13.0,"turns":6.0},{"damage":2.0,"enemies":"Gremlin Gang","floor":14.0,"turns":3.0},{"damage":25.0,"enemies":"Hexaghost","floor":16.0,"turns":8.0},{"damage":22.0,"enemies":"3 Byrds","floor":18.0,"turns":5.0},{"damage":16.0,"enemies":"Spheric Guardian","floor":22.0,"turns":4.0},{"damage":31.0,"enemies":"Slavers","floor":23.0,"turns":4.0},{"damage":7,"enemies":"Snecko","floor":24,"turns":4},{"damage":22,"enemies":"Gremlin Leader","floor":25,"turns":5},{"damage":18,"enemies":"3 Cultists","floor":28,"turns":4},{"damage":47,"enemies":"Automaton","floor":33,"turns":9},{"damage":7,"enemies":"Flame Bruiser 1 Orb","floor":35,"turns":5},{"damage":7,"enemies":"3 Shapes","floor":37,"turns":4},{"damage":19,"enemies":"Spire Growth","floor":41,"turns":6},{"damage":43,"enemies":"Nemesis","floor":42,"turns":4}],"relics_obtained":[{"floor":6.0,"key":"Ice Cream"},{"floor":8.0,"key":"Sundial"},{"floor":9.0,"key":"Molten Egg 2"},{"floor":13.0,"key":"Blood Vial"},{"floor":23,"key":"Peace Pipe"},{"floor":23,"key":"Bird Faced Urn"},{"floor":25,"key":"Kunai"},{"floor":25,"key":"Gremlin Horn"},{"floor":26,"key":"Bottled Flame"},{"floor":31,"key":"Strawberry"}],"event_choices":[{"event_name":"World of Goop","player_choice":"Gather Gold","floor":2.0,"damage_taken":0.0},{"event_name":"Scrap Ooze","player_choice":"success","floor":7.0,"damage_taken":7.0},{"event_name":"Back to Basics","player_choice":"Simplicity","floor":19.0,"damage_taken":0.0},{"event_name":"The Library","player_choice":"Heal","floor":21.0,"damage_taken":0.0},{"event_name":"Ghosts","player_choice":"Became a Ghost","floor":29,"damage_taken":0},{"event_name":"The Woman in Blue","player_choice":"Bought 0 Potions","floor":36,"damage_taken":0},{"event_name":"Winding Halls","player_choice":"Embrace Madness","floor":39,"damage_taken":0}],"boss_relics":[{"not_picked":["Runic Pyramid","Runic Dome"],"picked":"Eternal Feather"}],"items_purged_floors":[],"potions_floor_spawned":[6,8,11,13,16,23,24,28,35],"seed_played":"951909251598718500","killed_by":"Nemesis","ascension_level":0,"potions_obtained":[{"floor":6.0,"key":"Dexterity Potion"},{"floor":8.0,"key":"SkillPotion"},{"floor":11.0,"key":"PowerPotion"},{"floor":13.0,"key":"FearPotion"},{"floor":16.0,"key":"PowerPotion"},{"floor":23,"key":"Regen Potion"},{"floor":24,"key":"PowerPotion"},{"floor":28,"key":"FearPotion"},{"floor":35,"key":"PowerPotion"}],"is_trial":false}