{"gold_per_floor":[117,127,24,24,199,199,219,219,219,234,14,29,49,62,62,164,164,180,196,211,9,9],"floor_reached":22,"playtime":1756,"items_purged":["Doubt","Cloak And Dagger"],"score":207,"play_id":"79ace997-1a58-4957-b664-a374a78ecd0a","local_time":"20180712235940","is_ascension_mode":true,"campfire_choices":[{"data":"Backflip","floor":6,"key":"SMITH"},{"data":"All Out Attack","floor":8,"key":"SMITH"},{"data":"After Image","floor":15,"key":"SMITH"}],"neow_cost":"","seed_source_timestamp":92597681774214,"circlet_count":0,"master_deck":["Survivor","Neutralize","Prepared","Escape Plan","Backflip+1","Prepared","All Out Attack+1","Outmaneuver","Calculated Gamble","Prepared","After Image+1","Deadly Poison","Acrobatics","Deflect","Escape Plan","Grand Finale","Bane","Catalyst","Blur","Noxious Fumes","Blur","Cloak And Dagger","Deadly Poison","Caltrops","Cloak And Dagger","Reflex","Acrobatics","Night Terror","Deadly Poison","Setup","Acrobatics+1","Catalyst","Poisoned Stab"],"relics":["Ring of the Snake","Letter Opener","Prayer Wheel","Pen Nib","Pandora\u0027s Box"],"potions_floor_usage":[13,20,22],"damage_taken":[{"damage":0,"enemies":"2 Louse","floor":1,"turns":4},{"damage":5,"enemies":"Jaw Worm","floor":2,"turns":8},{"damage":1,"enemies":"Small Slimes","floor":7,"turns":4},{"damage":0,"enemies":"Looter","floor":10,"turns":4},{"damage":0,"enemies":"2 Fungi Beasts","floor":12,"turns":3},{"damage":15,"enemies":"Gremlin Gang","floor":13,"turns":4},{"damage":0,"enemies":"Lots of Slimes","floor":14,"turns":1},{"damage":14,"enemies":"Hexaghost","floor":16,"turns":13},{"damage":11,"enemies":"3 Byrds","floor":18,"turns":3},{"damage":1,"enemies":"Spheric Guardian","floor":19,"turns":5},{"damage":22,"enemies":"Snake Plant","floor":20,"turns":4},{"damage":39,"enemies":"Cultist and Chosen","floor":22,"turns":5}],"seed_played":"-4304771511967550746","potions_obtained":[{"floor":2,"key":"Ancient Potion"},{"floor":7,"key":"SpeedPotion"},{"floor":12,"key":"Regen Potion"},{"floor":13,"key":"FearPotion"},{"floor":19,"key":"SkillPotion"}],"is_trial":false,"path_per_floor":["M","M","$","?","?","R","M","R","T","M","$","M","M","M","R","B",null,"M","M","M","$"],"character_chosen":"THE_SILENT","items_purchased":["Backflip","Prepared","Pen Nib","Catalyst","Poisoned Stab"],"campfire_rested":0,"item_purchase_floors":[3,3,11,21,21],"current_hp_per_floor":[70,65,65,53,53,53,52,52,52,52,52,52,46,46,46,32,70,59,58,36,36,0],"gold":9,"neow_bonus":"","is_prod":false,"is_daily":false,"chose_seed":false,"campfire_upgraded":3,"win_rate":0,"timestamp":1531405780,"path_taken":["M","M","$","?","?","R","M","R","T","M","$","?","?","M","R","BOSS","M","M","?","$","?"],"build_version":"2018-07-05","purchased_purges":2,"victory":false,"max_hp_per_floor":[70,70,70,70,70,70,70,70,70,70,70,70,70,70,70,70,70,70,70,70,70,70],"card_choices":[{"not_picked":["Quick Slash","Flying Knee"],"picked":"Prepared","floor":1},{"not_picked":["Underhanded Strike","PiercingWail"],"picked":"Escape Plan","floor":2},{"not_picked":["Deadly Poison","PiercingWail"],"picked":"All Out Attack","floor":7},{"not_picked":["Skewer","Cloak And Dagger"],"picked":"Outmaneuver","floor":10},{"not_picked":["Acrobatics","Accuracy"],"picked":"Calculated Gamble","floor":10},{"not_picked":["Bane","Backflip"],"picked":"Prepared","floor":12},{"not_picked":["Deflect","Poisoned Stab"],"picked":"After Image","floor":12},{"not_picked":["Setup","Bane"],"picked":"Deadly Poison","floor":13},{"not_picked":["Bane","Quick Slash"],"picked":"Acrobatics","floor":13},{"not_picked":["Acrobatics","Dagger Throw"],"picked":"Deflect","floor":14},{"not_picked":["Poisoned Stab","PiercingWail"],"picked":"Escape Plan","floor":14},{"not_picked":["Corpse Explosion","Storm of Steel"],"picked":"Grand Finale","floor":16},{"not_picked":["Backflip","Quick Slash+1"],"picked":"Reflex","floor":18},{"not_picked":["Dagger Spray","Malaise+1"],"picked":"Acrobatics","floor":18},{"not_picked":["PiercingWail+1","Calculated Gamble+1"],"picked":"Night Terror","floor":19},{"not_picked":["Reflex","Dodge and Roll"],"picked":"Deadly Poison","floor":19},{"not_picked":["Deadly Poison","Leg Sweep"],"picked":"Setup","floor":20},{"not_picked":["PiercingWail+1","Prepared"],"picked":"Acrobatics+1","floor":20}],"player_experience":111893,"relics_obtained":[{"floor":9,"key":"Prayer Wheel"}],"event_choices":[{"event_name":"Scrap Ooze","player_choice":"success","floor":4,"damage_taken":12},{"event_name":"Liars Game","player_choice":"agreed","floor":5,"damage_taken":0}],"boss_relics":[{"not_picked":["Snecko Eye","Velvet Choker"],"picked":"Pandora\u0027s Box"}],"items_purged_floors":[11,21],"is_endless":false,"potions_floor_spawned":[2,7,12,13,19],"killed_by":"Cultist and Chosen","ascension_level":3}