{"gold_per_floor":[116,116,116,66,66,66,85,85,85,4,18,92,115,138,138,269,269,284,259,273,238,45,220,238,288,288,361,0,50,73,93,93,93],"floor_reached":33,"playtime":2405,"items_purged":[],"score":289,"play_id":"92f6b02d-2984-47e9-b8bd-93eb3cf9022e","local_time":"20190117031248","is_ascension_mode":false,"campfire_choices":[{"data":"Iron Wave","floor":6,"key":"SMITH"},{"data":"Bash","floor":8,"key":"SMITH"},{"data":"Bloodletting","floor":15,"key":"SMITH"},{"floor":32,"key":"REST"}],"neow_cost":"NONE","seed_source_timestamp":33920953767247,"circlet_count":0,"master_deck":["Strike_R","Strike_R","Strike_R","Strike_R","Defend_R","Defend_R","Defend_R","Defend_R","Bash+1","Iron Wave+1","Feed","Thunderclap","Bloodletting+1","Feed","Rampage+1","Spot Weakness+1"],"relics":["Burning Blood","Golden Idol","Singing Bowl","SsserpentHead","Unceasing Top","Lizard Tail","Self Forming Clay","Lee\u0027s Waffle","Ginger","Toxic Egg 2","MutagenicStrength"],"potions_floor_usage":[16,16,16,24,33],"damage_taken":[{"damage":0,"enemies":"Small Slimes","floor":1,"turns":3},{"damage":0,"enemies":"Jaw Worm","floor":7,"turns":4},{"damage":9,"enemies":"2 Louse","floor":11,"turns":3},{"damage":11,"enemies":"Large Slime","floor":12,"turns":6},{"damage":13,"enemies":"Gremlin Gang","floor":13,"turns":7},{"damage":6,"enemies":"Exordium Wildlife","floor":14,"turns":5},{"damage":47,"enemies":"The Guardian","floor":16,"turns":11},{"damage":67,"enemies":"Spheric Guardian","floor":18,"turns":9},{"damage":27,"enemies":"Shell Parasite","floor":20,"turns":12},{"damage":32,"enemies":"Colosseum Slavers","floor":23,"turns":5},{"damage":69,"enemies":"Colosseum Nobs","floor":23,"turns":8},{"damage":47,"enemies":"Sentry and Sphere","floor":24,"turns":7},{"damage":25,"enemies":"Snake Plant","floor":27,"turns":4},{"damage":3,"enemies":"Snecko","floor":30,"turns":4},{"damage":25,"enemies":"3 Cultists","floor":31,"turns":5},{"damage":87,"enemies":"Collector","floor":33,"turns":10}],"seed_played":"2518242830915130908","potions_obtained":[{"floor":11,"key":"Strength Potion"},{"floor":12,"key":"AttackPotion"},{"floor":13,"key":"PowerPotion"},{"floor":23,"key":"Swift Potion"},{"floor":31,"key":"Poison Potion"}],"is_trial":false,"path_per_floor":["M","?","?","?","?","R","M","R","T","$","M","M","M","M","R","B",null,"M","?","M","?","$","?","M","?","T","M","?","$","M","M","R","B"],"character_chosen":"IRONCLAD","items_purchased":["Feed","Lee\u0027s Waffle"],"campfire_rested":1,"item_purchase_floors":[10,22],"current_hp_per_floor":[88,66,66,66,66,66,74,74,74,74,74,74,70,75,75,34,106,47,47,26,26,115,34,62,62,62,48,48,48,51,40,82,0],"gold":93,"neow_bonus":"TEN_PERCENT_HP_BONUS","is_prod":false,"is_daily":false,"chose_seed":false,"campfire_upgraded":3,"win_rate":0,"timestamp":1547656968,"path_taken":["M","?","?","?","?","R","M","R","T","$","M","?","M","M","R","BOSS","M","?","M","?","$","?","M","?","T","?","?","?","M","M","R","BOSS"],"build_version":"2019-01-10","purchased_purges":0,"victory":false,"max_hp_per_floor":[88,88,88,88,88,88,90,90,90,90,93,98,101,106,106,106,106,108,108,108,108,115,123,128,128,128,133,133,133,133,141,141,141],"card_choices":[{"not_picked":["Clothesline","Rage"],"picked":"Iron Wave","floor":1},{"not_picked":["Clothesline","Heavy Blade","Evolve"],"picked":"Singing Bowl","floor":7},{"not_picked":["Heavy Blade","Feel No Pain"],"picked":"Thunderclap","floor":11},{"not_picked":["Havoc","Sword Boomerang","Searing Blow"],"picked":"Singing Bowl","floor":12},{"not_picked":["Sword Boomerang","Havoc"],"picked":"Bloodletting","floor":13},{"not_picked":["Feel No Pain","Headbutt","Body Slam"],"picked":"Singing Bowl","floor":14},{"not_picked":["Immolate","Juggernaut"],"picked":"Feed","floor":16},{"not_picked":["Perfected Strike","Wild Strike","Heavy Blade"],"picked":"Singing Bowl","floor":18},{"not_picked":["Dual Wield+1","Headbutt"],"picked":"Rampage+1","floor":20},{"not_picked":["Thunderclap","Carnage+1","Body Slam"],"picked":"Singing Bowl","floor":23},{"not_picked":["Headbutt","Clash","Anger"],"picked":"Singing Bowl","floor":24},{"not_picked":["Headbutt","Thunderclap","Flame Barrier+1"],"picked":"Singing Bowl","floor":27},{"not_picked":["Warcry+1","Wild Strike+1"],"picked":"Spot Weakness+1","floor":30},{"not_picked":["Body Slam","Sever Soul","Sentinel+1"],"picked":"Singing Bowl","floor":31}],"player_experience":455632,"relics_obtained":[{"floor":9,"key":"Unceasing Top"},{"floor":23,"key":"Ginger"},{"floor":23,"key":"Toxic Egg 2"}],"event_choices":[{"damage_healed":0,"gold_gain":0,"player_choice":"Take Damage","damage_taken":22,"relics_obtained":["Golden Idol"],"max_hp_gain":0,"max_hp_loss":0,"event_name":"Golden Idol","floor":2,"gold_loss":0},{"damage_healed":0,"gold_gain":0,"player_choice":"Box","damage_taken":0,"relics_obtained":["Singing Bowl"],"max_hp_gain":0,"max_hp_loss":0,"event_name":"Big Fish","floor":3,"gold_loss":0,"cards_obtained":["Regret"]},{"cards_removed":["Regret"],"damage_healed":0,"gold_gain":0,"player_choice":"Card Removal","damage_taken":0,"max_hp_gain":0,"max_hp_loss":0,"event_name":"The Cleric","floor":4,"gold_loss":50},{"damage_healed":0,"gold_gain":0,"player_choice":"Trade","damage_taken":0,"relics_obtained":["SsserpentHead"],"max_hp_gain":0,"max_hp_loss":0,"event_name":"FaceTrader","floor":5,"gold_loss":0},{"cards_removed":["Strike_R"],"damage_healed":0,"gold_gain":0,"player_choice":"Gave Gold","damage_taken":0,"max_hp_gain":0,"max_hp_loss":0,"event_name":"Beggar","floor":19,"gold_loss":75},{"damage_healed":0,"gold_gain":0,"player_choice":"Obtained Relic","damage_taken":0,"relics_obtained":["Self Forming Clay"],"max_hp_gain":0,"max_hp_loss":0,"event_name":"Addict","floor":21,"gold_loss":85},{"damage_healed":0,"gold_gain":0,"player_choice":"Fight","damage_taken":0,"max_hp_gain":0,"max_hp_loss":0,"event_name":"Colosseum","floor":23,"gold_loss":0},{"damage_healed":0,"gold_gain":0,"player_choice":"Fought Nobs","damage_taken":0,"max_hp_gain":0,"max_hp_loss":0,"event_name":"Colosseum","floor":23,"gold_loss":0},{"damage_healed":0,"gold_gain":0,"player_choice":"Inject Mutagens","damage_taken":0,"relics_obtained":["MutagenicStrength"],"max_hp_gain":0,"max_hp_loss":0,"event_name":"Drug Dealer","floor":25,"gold_loss":0},{"damage_healed":0,"gold_gain":0,"player_choice":"Paid Fearfully","damage_taken":0,"max_hp_gain":0,"max_hp_loss":0,"event_name":"Masked Bandits","floor":28,"gold_loss":411}],"is_beta":false,"boss_relics":[{"not_picked":["Fusion Hammer","Velvet Choker"],"picked":"Lizard Tail"}],"items_purged_floors":[],"is_endless":false,"potions_floor_spawned":[11,12,13,14,23,23,31],"killed_by":"Collector","ascension_level":0}