{"gold_per_floor":[111,111,123,142,153,4,4,18,96,131,131,147,167,181,181,286,286,303,402,417,5,5,5,23,40,40,40,53,53,70,70,70,168,168,179,254,63,63,26,26,51,51,78,78,78],"floor_reached":45,"playtime":1142,"items_purged":["Deflect"],"score":447,"play_id":"7e5b7095-89b3-47ed-865e-89f285a1ef5d","local_time":"20180724002451","is_ascension_mode":false,"campfire_choices":[{"data":"Neutralize","floor":7,"key":"SMITH"},{"data":"Riddle With Holes","floor":11,"key":"SMITH"},{"floor":15,"key":"REST"},{"floor":23,"key":"REST"},{"floor":27,"key":"REST"},{"floor":32,"key":"REST"},{"data":"A Thousand Cuts","floor":40,"key":"SMITH"},{"data":"Adrenaline","floor":44,"key":"SMITH"}],"neow_cost":"NONE","seed_source_timestamp":369402049357088,"circlet_count":0,"master_deck":["Defend_G","Defend_G+1","Defend_G","Defend_G","Defend_G","Strike_G+1","Strike_G+1","Strike_G","Strike_G","Survivor","Neutralize+1","All Out Attack","Crippling Poison+1","Deadly Poison","Predator","Riddle With Holes+1","Bane","Poisoned Stab","Adrenaline+1","Leg Sweep+1","Catalyst","Calculated Gamble","Bouncing Flask","A Thousand Cuts+1","Leg Sweep+1","Calculated Gamble"],"relics":["Velvet Choker","Orichalcum","Gremlin Horn","Unceasing Top","Snecko Eye","Kunai","Regal Pillow","Bag of Preparation","Busted Crown","ClockworkSouvenir","War Paint","Pen Nib"],"potions_floor_usage":[10,10,16,16,24,30,31,33],"damage_taken":[{"damage":0,"enemies":"2 Louse","floor":1,"turns":3},{"damage":0,"enemies":"Small Slimes","floor":3,"turns":3},{"damage":0,"enemies":"Cultist","floor":4,"turns":3},{"damage":0,"enemies":"Lots of Slimes","floor":5,"turns":1},{"damage":5,"enemies":"Exordium Wildlife","floor":8,"turns":3},{"damage":12,"enemies":"Lagavulin","floor":10,"turns":4},{"damage":0,"enemies":"2 Fungi Beasts","floor":12,"turns":2},{"damage":3,"enemies":"Large Slime","floor":13,"turns":2},{"damage":0,"enemies":"Blue Slaver","floor":14,"turns":2},{"damage":24,"enemies":"Hexaghost","floor":16,"turns":6},{"damage":15,"enemies":"2 Thieves","floor":18,"turns":3},{"damage":18,"enemies":"Spheric Guardian","floor":20,"turns":4},{"damage":15,"enemies":"Snake Plant","floor":24,"turns":3},{"damage":12,"enemies":"3 Cultists","floor":25,"turns":5},{"damage":15,"enemies":"Sentry and Sphere","floor":28,"turns":5},{"damage":10,"enemies":"Slaver and Parasite","floor":30,"turns":5},{"damage":0,"enemies":"Snecko","floor":31,"turns":2},{"damage":66,"enemies":"Champ","floor":33,"turns":9},{"damage":9,"enemies":"3 Shapes","floor":35,"turns":3},{"damage":7,"enemies":"Nemesis","floor":41,"turns":5},{"damage":0,"enemies":"Orb Walker","floor":45,"turns":1}],"seed_played":"1108234467583235407","potions_obtained":[{"floor":3,"key":"Strength Potion"},{"floor":5,"key":"SteroidPotion"},{"floor":8,"key":"Energy Potion"},{"floor":10,"key":"Strength Potion"},{"floor":13,"key":"GamblersBrew"},{"floor":20,"key":"Poison Potion"},{"floor":28,"key":"SkillPotion"},{"floor":30,"key":"SmokeBomb"},{"floor":33,"key":"GhostInAJar"},{"floor":35,"key":"Dexterity Potion"}],"is_trial":false,"path_per_floor":["M","?","M","M","M","$","R","M","T","E","R","M","M","M","R","B",null,"M","?","M","$","?","R","M","M","T","R","M","T","M","M","R","B",null,"M","?","$","?","$","R","E","?","T","R"],"character_chosen":"THE_SILENT","items_purchased":["Orichalcum","Catalyst","Kunai","ClockworkSouvenir","Calculated Gamble"],"campfire_rested":4,"item_purchase_floors":[6,21,21,37,39],"current_hp_per_floor":[70,56,56,56,56,56,56,51,51,39,39,39,36,36,57,33,70,55,55,37,37,37,58,43,31,31,67,52,52,42,42,70,4,70,61,54,54,54,54,54,47,47,47,47,47],"gold":78,"neow_bonus":"BOSS_RELIC","is_prod":false,"is_daily":false,"chose_seed":false,"campfire_upgraded":4,"win_rate":0,"timestamp":1532357691,"path_taken":["M","?","M","?","M","?","R","M","T","E","R","M","M","M","R","BOSS","M","?","M","$","?","R","M","M","T","R","?","?","M","?","R","BOSS","M","?","$","?","$","R","E","?","T","R","M"],"build_version":"2018-07-19v2","purchased_purges":1,"victory":false,"max_hp_per_floor":[70,70,70,70,70,70,70,70,70,70,70,70,70,70,70,70,70,70,70,70,70,70,70,70,70,70,70,70,70,70,70,70,70,70,70,70,70,70,70,70,70,70,70,70,70],"card_choices":[{"not_picked":["Underhanded Strike","Dagger Throw"],"picked":"All Out Attack","floor":1},{"not_picked":["Slice","Dash"],"picked":"Crippling Poison","floor":3},{"not_picked":["Sucker Punch","Reflex"],"picked":"Deadly Poison","floor":4},{"not_picked":["Infinite Blades","Sucker Punch"],"picked":"Predator","floor":5},{"not_picked":["Underhanded Strike","Slice"],"picked":"Riddle With Holes","floor":8},{"not_picked":["Backflip","Sucker Punch"],"picked":"Bane","floor":10},{"not_picked":["Bane","Dagger Throw"],"picked":"Poisoned Stab","floor":12},{"not_picked":["Eviscerate","Tools of the Trade"],"picked":"Deflect","floor":13},{"not_picked":["Expertise","Deadly Poison","Prepared"],"picked":"SKIP","floor":14},{"not_picked":["Venomology","Envenom"],"picked":"Adrenaline","floor":16},{"not_picked":["Backflip","Heel Hook+1"],"picked":"Leg Sweep+1","floor":18},{"not_picked":["Poisoned Stab","Dodge and Roll","Flying Knee"],"picked":"SKIP","floor":20},{"not_picked":["Quick Slash+1","Backflip"],"picked":"Calculated Gamble","floor":24},{"not_picked":["Backflip","Prepared","Distraction+1"],"picked":"SKIP","floor":25},{"not_picked":["Cloak And Dagger","Terror"],"picked":"Bouncing Flask","floor":28},{"not_picked":["Flying Knee","Sucker Punch","Backflip+1"],"picked":"SKIP","floor":30},{"not_picked":["Phantasmal Killer","Unload"],"picked":"A Thousand Cuts","floor":33},{"not_picked":[],"picked":"Leg Sweep+1","floor":35},{"not_picked":["Flying Knee"],"picked":"SKIP","floor":41}],"player_experience":245407,"relics_obtained":[{"floor":9,"key":"Gremlin Horn"},{"floor":10,"key":"Unceasing Top"},{"floor":26,"key":"Regal Pillow"},{"floor":29,"key":"Bag of Preparation"},{"floor":41,"key":"War Paint"},{"floor":43,"key":"Pen Nib"}],"event_choices":[{"event_name":"Shining Light","player_choice":"Entered Light","floor":2,"damage_taken":0},{"event_name":"Nest","player_choice":"Stole From Cult","floor":19,"damage_taken":0},{"event_name":"Vampires","player_choice":"Ignored","floor":22,"damage_taken":0},{"event_name":"FaceTrader","player_choice":"Touch","floor":36,"damage_taken":0},{"event_name":"Mysterious Sphere","player_choice":"Ignore","floor":38,"damage_taken":0},{"event_name":"Bonfire Elementals","player_choice":"BASIC","floor":42,"damage_taken":0}],"is_beta":false,"boss_relics":[{"not_picked":["White Beast Statue","Sozu"],"picked":"Snecko Eye"},{"not_picked":["Fusion Hammer","Eternal Feather"],"picked":"Busted Crown"}],"items_purged_floors":[21],"is_endless":false,"potions_floor_spawned":[3,5,8,10,13,20,28,30,31,33,35],"killed_by":"Orb Walker","ascension_level":0}