{"gold_per_floor":[117,137,16,33,33,68,18,18,18,42,63,63,63],"floor_reached":13,"playtime":549,"items_purged":[],"score":145,"play_id":"bdd9dc4f-7c51-417a-b854-e719e396f176","local_time":"20190119024818","is_ascension_mode":true,"campfire_choices":[{"data":"Strike_R","floor":8,"key":"PURGE"},{"floor":12,"key":"REST"}],"neow_cost":"NONE","seed_source_timestamp":37585448244625,"circlet_count":0,"master_deck":["AscendersBane","Strike_R","Strike_R","Strike_R","Defend_R","Defend_R","Defend_R","Defend_R","Bash","Pommel Strike","Battle Trance","Metallicize","True Grit","Thunderclap","Dropkick","Armaments"],"relics":["Burning Blood","NeowsBlessing","Golden Idol","Peace Pipe"],"potions_floor_usage":[13,13],"damage_taken":[{"damage":0,"enemies":"Cultist","floor":1,"turns":1},{"damage":0,"enemies":"Jaw Worm","floor":2,"turns":1},{"damage":0,"enemies":"2 Louse","floor":4,"turns":1},{"damage":32,"enemies":"3 Sentries","floor":6,"turns":10},{"damage":16,"enemies":"Exordium Thugs","floor":10,"turns":5},{"damage":7,"enemies":"Red Slaver","floor":11,"turns":5},{"damage":43,"enemies":"Lagavulin","floor":13,"turns":9}],"seed_played":"6332520448214113503","potions_obtained":[{"floor":4,"key":"FearPotion"},{"floor":6,"key":"LiquidBronze"},{"floor":11,"key":"Strength Potion"}],"is_trial":false,"path_per_floor":["M","M","$","M","?","E","?","R","T","M","M","R","E"],"character_chosen":"IRONCLAD","items_purchased":["Metallicize","True Grit"],"campfire_rested":1,"item_purchase_floors":[3,3],"current_hp_per_floor":[74,75,75,75,57,31,31,31,31,21,20,42,0],"gold":63,"neow_bonus":"THREE_ENEMY_KILL","is_prod":false,"is_daily":false,"chose_seed":false,"campfire_upgraded":0,"win_rate":0,"timestamp":1547884098,"path_taken":["M","M","$","?","?","E","?","R","T","M","M","R","E"],"build_version":"2019-01-17v2","purchased_purges":0,"victory":false,"max_hp_per_floor":[75,75,75,75,75,75,75,75,75,75,75,75,75],"card_choices":[{"not_picked":["Twin Strike","Hemokinesis"],"picked":"Pommel Strike","floor":1},{"not_picked":["Heavy Blade","Sword Boomerang"],"picked":"Battle Trance","floor":2},{"not_picked":["Entrench","Pummel"],"picked":"Thunderclap","floor":4},{"not_picked":["Carnage","Flex"],"picked":"Dropkick","floor":6},{"not_picked":["Warcry","Perfected Strike"],"picked":"Armaments","floor":10},{"not_picked":["Reckless Charge","Havoc","Sever Soul"],"picked":"SKIP","floor":11}],"player_experience":2163105,"relics_obtained":[{"floor":6,"key":"Peace Pipe"}],"event_choices":[{"damage_healed":0,"gold_gain":0,"player_choice":"Take Damage","damage_taken":18,"relics_obtained":["Golden Idol"],"max_hp_gain":0,"max_hp_loss":0,"event_name":"Golden Idol","floor":5,"gold_loss":0},{"cards_removed":["Strike_R"],"damage_healed":0,"gold_gain":0,"player_choice":"Card Removal","damage_taken":0,"max_hp_gain":0,"max_hp_loss":0,"event_name":"The Cleric","floor":7,"gold_loss":50}],"is_beta":false,"boss_relics":[],"items_purged_floors":[],"is_endless":false,"potions_floor_spawned":[4,6,11],"killed_by":"Lagavulin","ascension_level":14}