{"gold_per_floor":[115,127,52,52,52,52,68,68,68,68,83,183,198,15,15,135,135,149,172,72,72,72,72,90,111,111,61,85,32,55,18,18,149,149,167,181,195,46,46],"floor_reached":39,"playtime":2603,"items_purged":["Strike_G","Strike_G"],"score":448,"play_id":"cbc27044-9fec-4434-9224-86ff1ef81ca6","local_time":"20180626095155","is_ascension_mode":true,"campfire_choices":[{"floor":6,"key":"REST"},{"data":"Cloak And Dagger","floor":8,"key":"SMITH"},{"floor":15,"key":"REST"},{"floor":23,"key":"REST"},{"floor":32,"key":"REST"}],"neow_cost":"NONE","seed_source_timestamp":135601708731468,"circlet_count":0,"master_deck":["Defend_G","Defend_G","Defend_G","Defend_G","Defend_G","Strike_G","Strike_G","Survivor","Neutralize","Underhanded Strike","Underhanded Strike","Footwork","Cloak And Dagger+1","Dash","Noxious Fumes","Noxious Fumes","Blade Dance","Die Die Die","Leg Sweep+1","Acrobatics","Backflip","Underhanded Strike","Dash","Tools of the Trade","Dash+1"],"relics":["Lizard Tail","Golden Idol","Mercury Hourglass","Busted Crown","Pen Nib","Shovel","White Beast Statue","Vajra"],"potions_floor_usage":[16,18,25,33,33,37,39],"damage_taken":[{"damage":6,"enemies":"Small Slimes","floor":1,"turns":4},{"damage":13,"enemies":"Jaw Worm","floor":2,"turns":5},{"damage":2,"enemies":"2 Louse","floor":7,"turns":4},{"damage":2,"enemies":"Looter","floor":11,"turns":2},{"damage":0,"enemies":"2 Fungi Beasts","floor":13,"turns":3},{"damage":2,"enemies":"The Guardian","floor":16,"turns":10},{"damage":20,"enemies":"Chosen","floor":18,"turns":6},{"damage":9,"enemies":"Shell Parasite","floor":19,"turns":7},{"damage":24,"enemies":"Snake Plant","floor":24,"turns":5},{"damage":0,"enemies":"Centurion and Healer","floor":25,"turns":6},{"damage":48,"enemies":"Cultist and Chosen","floor":28,"turns":7},{"damage":15,"enemies":"Sentry and Sphere","floor":30,"turns":6},{"damage":24,"enemies":"Collector","floor":33,"turns":10},{"damage":15,"enemies":"Orb Walker","floor":35,"turns":5},{"damage":26,"enemies":"3 Darklings","floor":36,"turns":6},{"damage":17,"enemies":"4 Shapes","floor":37,"turns":8},{"damage":22,"enemies":"Sphere and 2 Shapes","floor":39,"turns":3}],"seed_played":"-7862919254039078267","potions_obtained":[{"floor":13,"key":"SkillPotion"},{"floor":16,"key":"SkillPotion"},{"floor":24,"key":"Strength Potion"},{"floor":28,"key":"Block Potion"},{"floor":30,"key":"AttackPotion"},{"floor":33,"key":"Swift Potion"},{"floor":35,"key":"SpeedPotion"},{"floor":36,"key":"Energy Potion"},{"floor":37,"key":"Ancient Potion"}],"is_trial":false,"path_per_floor":["M","M","$","?","?","R","M","R","T","?","M","?","M","$","R","B",null,"M","M","$","?","?","R","M","M","T","?","M","$","M","$","R","B",null,"M","M","M","$"],"character_chosen":"THE_SILENT","items_purchased":["Footwork","Noxious Fumes","Blade Dance","Underhanded Strike","Dash","Vajra"],"campfire_rested":4,"item_purchase_floors":[3,14,14,29,31,38],"current_hp_per_floor":[64,51,51,34,34,55,53,53,53,58,56,56,56,56,75,73,75,55,46,46,46,46,68,44,44,44,44,37,37,22,22,44,20,75,60,34,17,17,0],"gold":46,"neow_bonus":"BOSS_RELIC","is_prod":false,"is_daily":false,"chose_seed":false,"campfire_upgraded":1,"win_rate":0,"timestamp":1530021115,"path_taken":["M","M","$","?","?","R","M","R","T","?","M","?","?","$","R","BOSS","M","M","$","?","?","R","M","M","T","?","?","?","?","$","R","BOSS","M","M","M","$","M"],"build_version":"2018-06-21v2","purchased_purges":2,"victory":false,"max_hp_per_floor":[70,70,70,70,70,70,70,70,70,75,75,75,75,75,75,75,75,75,75,75,75,75,75,75,75,75,75,75,75,75,75,75,75,75,75,75,75,75,75],"card_choices":[{"not_picked":["Deflect","Heel Hook"],"picked":"Underhanded Strike","floor":1},{"not_picked":["Skewer","Prepared"],"picked":"Underhanded Strike","floor":2},{"not_picked":["Prepared","Heel Hook"],"picked":"Cloak And Dagger","floor":7},{"not_picked":["Slice","Well Laid Plans"],"picked":"Dash","floor":11},{"not_picked":["Slice","Acrobatics"],"picked":"Noxious Fumes","floor":13},{"not_picked":["Unload","Corpse Explosion"],"picked":"Die Die Die","floor":16},{"not_picked":[],"picked":"Leg Sweep+1","floor":18},{"not_picked":[],"picked":"Acrobatics","floor":19},{"not_picked":["Deadly Poison"],"picked":"SKIP","floor":24},{"not_picked":[],"picked":"Backflip","floor":25},{"not_picked":["Backflip"],"picked":"SKIP","floor":28},{"not_picked":["Catalyst+1"],"picked":"SKIP","floor":30},{"not_picked":[],"picked":"Tools of the Trade","floor":33},{"not_picked":["Backflip"],"picked":"SKIP","floor":35},{"not_picked":["Catalyst"],"picked":"SKIP","floor":36},{"not_picked":[],"picked":"Dash+1","floor":37}],"player_experience":780438,"relics_obtained":[{"floor":9,"key":"Mercury Hourglass"},{"floor":26,"key":"Shovel"}],"event_choices":[{"event_name":"Golden Idol","player_choice":"Take Damage","floor":4,"damage_taken":0},{"event_name":"Living Wall","player_choice":"Forget","floor":5,"damage_taken":0},{"event_name":"Big Fish","player_choice":"Donut","floor":10,"damage_taken":0},{"event_name":"Golden Shrine","player_choice":"Pray","floor":12,"damage_taken":0},{"event_name":"The Mausoleum","player_choice":"Yes","floor":21,"damage_taken":0},{"event_name":"Addict","player_choice":"Ignored","floor":22,"damage_taken":0},{"event_name":"The Joust","player_choice":"Bet on Murderer","floor":27,"damage_taken":0}],"boss_relics":[{"not_picked":["Orrery","Fusion Hammer"],"picked":"Busted Crown"},{"not_picked":["Cursed Key","Snecko Eye"],"picked":"White Beast Statue"}],"items_purged_floors":[14,20],"is_endless":false,"potions_floor_spawned":[13,16,24,28,30,33,35,36,37],"killed_by":"Sphere and 2 Shapes","ascension_level":4}