{"gold_per_floor":[360,0,75,75,92,121,121,155,236,251,251,262,437,469,469,571,571,584,264,282,282,167,167,167,202,250,25,36,36,65,75,75,172,172,184,44,44,10,26,61,61,87,87,87,87,87,309,335,335,335,335,335,93,124,124],"floor_reached":55,"playtime":4851,"items_purged":["Strike_R","Doubt","Bash+1","Hemokinesis","Wild Strike","Disarm+1"],"score":1128,"play_id":"b965f932-5d37-4070-8482-974bf7fee6ec","local_time":"20190215040958","is_ascension_mode":true,"campfire_choices":[{"data":"Bash","floor":7,"key":"SMITH"},{"floor":15,"key":"REST"},{"data":"Metallicize","floor":23,"key":"SMITH"},{"floor":32,"key":"RECALL"},{"floor":41,"key":"DIG"},{"floor":49,"key":"DIG"},{"floor":52,"key":"DIG"}],"neow_cost":"TEN_PERCENT_HP_LOSS","seed_source_timestamp":207191027117555,"circlet_count":0,"master_deck":["Uppercut+1","Shrug It Off+1","Metallicize+1","Warcry+1","Impervious+1","Headbutt","Metallicize+1","Juggernaut","Uppercut","Sentinel+1","Double Tap+1","Rage+1","Apotheosis+1","Anger+1","True Grit+1","Corruption","Anger+1","Necronomicurse","Shockwave+1","Shrug It Off+1","Whirlwind","True Grit+1","Entrench+1"],"relics":["Burning Blood","Membership Card","Toxic Egg 2","Juzu Bracelet","Bag of Preparation","Mummified Hand","FossilizedHelix","Kunai","Pandora\u0027s Box","Tiny Chest","MealTicket","Shovel","Ancient Tea Set","Brimstone","Necronomicon","Red Mask","Lizard Tail","Bronze Scales","Bottled Lightning","Paper Frog","Blue Candle","Smiling Mask","Champion Belt","Blood Vial","Boot","Bottled Flame","Nunchaku","Strawberry"],"potions_floor_usage":[6,8,14,16,30,33,33,42,54,55,55],"damage_taken":[{"damage":0,"enemies":"2 Louse","floor":1,"turns":4},{"damage":4,"enemies":"Small Slimes","floor":5,"turns":4},{"damage":29,"enemies":"3 Sentries","floor":6,"turns":10},{"damage":18,"enemies":"Gremlin Nob","floor":8,"turns":4},{"damage":1,"enemies":"Cultist","floor":10,"turns":3},{"damage":0,"enemies":"2 Fungi Beasts","floor":12,"turns":5},{"damage":9,"enemies":"3 Sentries","floor":14,"turns":10},{"damage":49,"enemies":"Slime Boss","floor":16,"turns":20},{"damage":24,"enemies":"2 Thieves","floor":18,"turns":4},{"damage":0,"enemies":"Spheric Guardian","floor":20,"turns":4},{"damage":0,"enemies":"Book of Stabbing","floor":25,"turns":5},{"damage":0,"enemies":"Snake Plant","floor":28,"turns":3},{"damage":0,"enemies":"Masked Bandits","floor":30,"turns":4},{"damage":0,"enemies":"Centurion and Healer","floor":31,"turns":3},{"damage":4,"enemies":"Automaton","floor":33,"turns":5},{"damage":0,"enemies":"3 Darklings","floor":35,"turns":4},{"damage":0,"enemies":"3 Shapes","floor":39,"turns":5},{"damage":0,"enemies":"Nemesis","floor":40,"turns":5},{"damage":30,"enemies":"Reptomancer","floor":42,"turns":5},{"damage":5,"enemies":"Giant Head","floor":48,"turns":7},{"damage":22,"enemies":"Donu and Deca","floor":50,"turns":5},{"damage":0,"enemies":"Shield and Spear","floor":54,"turns":4},{"damage":134,"enemies":"The Heart","floor":55,"turns":5}],"seed_played":"631711512373601957","potions_obtained":[{"floor":1,"key":"Strength Potion"},{"floor":5,"key":"LiquidBronze"},{"floor":8,"key":"Swift Potion"},{"floor":10,"key":"AttackPotion"},{"floor":20,"key":"LiquidBronze"},{"floor":30,"key":"Strength Potion"},{"floor":39,"key":"PowerPotion"},{"floor":48,"key":"FearPotion"},{"floor":54,"key":"AttackPotion"}],"is_trial":false,"path_per_floor":["M","$","?","?","M","E","R","E","T","M","?","M","?","E","R","B",null,"M","$","M","?","$","R","?","E","T","$","M","?","?","M","R","B",null,"M","$","?","$","M","E","R","E","T","$","?","T","?","E","R","B",null,"R","$","E","B"],"character_chosen":"IRONCLAD","items_purchased":["Membership Card","Toxic Egg 2","Tiny Chest","Apotheosis+1","MealTicket","Regen Potion","FairyPotion","Brimstone","True Grit+1","Corruption","Shrug It Off+1","SkillPotion","Whirlwind","PowerPotion","Nunchaku","Entrench+1"],"campfire_rested":1,"item_purchase_floors":[2,2,19,19,19,19,22,27,27,27,36,36,38,53,53,53],"current_hp_per_floor":[72,72,61,61,63,40,40,28,28,33,30,36,36,33,54,11,57,39,39,45,38,53,53,53,59,59,72,72,56,72,72,72,72,72,72,72,72,72,72,72,72,48,48,63,63,63,63,64,64,50,67,67,72,79,0],"gold":124,"neow_bonus":"TWO_FIFTY_GOLD","is_prod":false,"is_daily":false,"chose_seed":false,"campfire_upgraded":2,"win_rate":0,"timestamp":1550225398,"path_taken":["M","$","?","?","M","E","R","E","T","M","?","M","?","E","R","BOSS","M","$","M","?","$","R","?","E","T","$","M","?","?","M","R","BOSS","M","$","?","?","M","E","R","E","T","$","?","?","?","E","R","BOSS","R","$","E","BOSS"],"build_version":"2019-02-06","purchased_purges":6,"victory":false,"max_hp_per_floor":[72,72,72,72,72,72,72,72,72,72,72,72,72,72,72,72,72,72,72,72,72,72,72,72,72,72,72,72,72,72,72,72,72,72,72,72,72,72,72,72,72,72,72,72,72,72,72,72,72,72,72,72,72,79,79],"card_choices":[{"not_picked":["Iron Wave","Flex"],"picked":"Uppercut","floor":1},{"not_picked":["Heavy Blade","Thunderclap"],"picked":"Shrug It Off+1","floor":5},{"not_picked":["Clothesline","Inflame"],"picked":"Metallicize","floor":6},{"not_picked":["Perfected Strike","Hemokinesis","Headbutt"],"picked":"SKIP","floor":8},{"not_picked":["Carnage","Cleave","Sword Boomerang"],"picked":"SKIP","floor":10},{"not_picked":["Reaper","Flex+1"],"picked":"Disarm+1","floor":12},{"not_picked":["Flex+1","Fiend Fire"],"picked":"Warcry+1","floor":14},{"not_picked":["Brutality","Dark Embrace"],"picked":"Impervious+1","floor":16},{"not_picked":["Uppercut","Rampage+1"],"picked":"Rage+1","floor":18},{"not_picked":["Thunderclap","Headbutt","Inflame"],"picked":"SKIP","floor":20},{"not_picked":["Pommel Strike+1","Clash"],"picked":"Anger+1","floor":25},{"not_picked":["Sword Boomerang+1","Pommel Strike+1"],"picked":"Anger+1","floor":28},{"not_picked":["Feed","Cleave","Heavy Blade"],"picked":"SKIP","floor":31},{"not_picked":["Clothesline","Body Slam"],"picked":"Shockwave+1","floor":35},{"not_picked":["Anger","Sword Boomerang+1","Twin Strike+1"],"picked":"SKIP","floor":39},{"not_picked":["Armaments+1","Searing Blow+1","Flex+1"],"picked":"SKIP","floor":40},{"not_picked":["Juggernaut","Thunderclap"],"picked":"True Grit+1","floor":42},{"not_picked":["Thunderclap+1","Disarm+1","Fiend Fire"],"picked":"SKIP","floor":48},{"not_picked":["Rampage+1","Pommel Strike+1","Second Wind+1"],"picked":"SKIP","floor":54}],"player_experience":155551,"relics_obtained":[{"floor":6,"key":"Juzu Bracelet"},{"floor":8,"key":"Bag of Preparation"},{"floor":9,"key":"Mummified Hand"},{"floor":14,"key":"Kunai"},{"floor":25,"key":"Ancient Tea Set"},{"floor":29,"key":"Necronomicon"},{"floor":30,"key":"Red Mask"},{"floor":40,"key":"Bronze Scales"},{"floor":41,"key":"Bottled Lightning"},{"floor":42,"key":"Paper Frog"},{"floor":43,"key":"Blue Candle"},{"floor":46,"key":"Champion Belt"},{"floor":48,"key":"Blood Vial"},{"floor":49,"key":"Boot"},{"floor":52,"key":"Bottled Flame"},{"floor":54,"key":"Strawberry"}],"event_choices":[{"damage_healed":0,"gold_gain":75,"player_choice":"Gather Gold","damage_taken":11,"max_hp_gain":0,"max_hp_loss":0,"event_name":"World of Goop","floor":3,"gold_loss":0},{"damage_healed":0,"gold_gain":0,"player_choice":"Upgraded","damage_taken":0,"max_hp_gain":0,"max_hp_loss":0,"event_name":"Upgrade Shrine","floor":4,"gold_loss":0,"cards_upgraded":["Uppercut"]},{"damage_healed":0,"gold_gain":0,"player_choice":"Success","damage_taken":3,"relics_obtained":["FossilizedHelix"],"max_hp_gain":0,"max_hp_loss":0,"event_name":"Scrap Ooze","floor":11,"gold_loss":0},{"damage_healed":0,"gold_gain":175,"player_choice":"AGREE","damage_taken":0,"max_hp_gain":0,"max_hp_loss":0,"event_name":"Liars Game","floor":13,"gold_loss":0,"cards_obtained":["Doubt"]},{"damage_healed":0,"gold_gain":0,"player_choice":"Damaged","damage_taken":7,"max_hp_gain":0,"max_hp_loss":0,"event_name":"Wheel of Change","floor":21,"gold_loss":0},{"damage_healed":0,"gold_gain":0,"player_choice":"Opened","damage_taken":0,"relics_obtained":["Shovel"],"max_hp_gain":0,"max_hp_loss":0,"event_name":"The Mausoleum","floor":24,"gold_loss":0},{"damage_healed":0,"gold_gain":0,"player_choice":"Obtained Book","damage_taken":16,"max_hp_gain":0,"max_hp_loss":0,"event_name":"Cursed Tome","floor":29,"gold_loss":0},{"damage_healed":0,"gold_gain":0,"player_choice":"Fought Bandits","damage_taken":0,"max_hp_gain":0,"max_hp_loss":0,"event_name":"Masked Bandits","floor":30,"gold_loss":0},{"damage_healed":0,"gold_gain":0,"player_choice":"Upgraded","damage_taken":0,"max_hp_gain":0,"max_hp_loss":0,"event_name":"Upgrade Shrine","floor":37,"gold_loss":0,"cards_upgraded":["Metallicize"]},{"damage_healed":0,"gold_gain":0,"player_choice":"Gave Potion","damage_taken":0,"relics_obtained":["Smiling Mask"],"max_hp_gain":0,"max_hp_loss":0,"event_name":"WeMeetAgain","floor":45,"gold_loss":0},{"damage_healed":0,"gold_gain":222,"player_choice":"Wore Mask","damage_taken":0,"max_hp_gain":0,"max_hp_loss":0,"event_name":"Tomb of Lord Red Mask","floor":47,"gold_loss":0}],"is_beta":true,"boss_relics":[{"not_picked":["Runic Cube","Ectoplasm"],"picked":"Pandora\u0027s Box"},{"not_picked":["Black Star","Tiny House"],"picked":"Lizard Tail"}],"items_purged_floors":[2,19,22,27,36,53],"is_endless":false,"potions_floor_spawned":[1,5,8,10,20,25,28,30,39,48,54],"killed_by":"The Heart","ascension_level":6}