{"gold_per_floor":[119,139,22,22,0,0,29,40,117,178,198,232,232,247,247,326,326,345,345,295,69,81,81,81,81,81,92,112,112,140,164,164,164],"floor_reached":33,"playtime":2096,"items_purged":[],"score":491,"play_id":"d0b17987-dbbf-4b54-8f87-60ed76e66d76","local_time":"20180925133925","is_ascension_mode":true,"campfire_choices":[{"data":"Dagger Spray","floor":6,"key":"SMITH"},{"floor":13,"key":"REST"},{"data":"Envenom","floor":15,"key":"SMITH"},{"floor":23,"key":"REST"},{"data":"Infinite Blades","floor":29,"key":"SMITH"},{"floor":32,"key":"REST"}],"neow_cost":"NONE","seed_source_timestamp":99426758834962,"circlet_count":0,"master_deck":["Defend_G","Defend_G","Defend_G","Defend_G","Defend_G","Strike_G","Strike_G","Strike_G","Strike_G","Strike_G","Survivor","Neutralize+1","AscendersBane","Dagger Spray+1","Finisher+1","Cloak And Dagger","Sucker Punch","Envenom+1","Poisoned Stab","PiercingWail","Cloak And Dagger","Corpse Explosion","PiercingWail","Cloak And Dagger","Infinite Blades+1","Predator"],"relics":["Ring of the Snake","Regal Pillow","Kunai","Art of War","Lantern","Snecko Eye","Meat on the Bone","Ancient Tea Set","Singing Bowl","Dodecahedron","Blood Vial"],"potions_floor_usage":[7,10,12,30,30],"damage_taken":[{"damage":0,"enemies":"Jaw Worm","floor":1,"turns":5},{"damage":0,"enemies":"Small Slimes","floor":2,"turns":3},{"damage":24,"enemies":"Gremlin Nob","floor":7,"turns":4},{"damage":0,"enemies":"2 Louse","floor":8,"turns":1},{"damage":6,"enemies":"Gremlin Nob","floor":10,"turns":3},{"damage":7,"enemies":"Blue Slaver","floor":11,"turns":4},{"damage":4,"enemies":"Lagavulin","floor":12,"turns":7},{"damage":0,"enemies":"Exordium Wildlife","floor":14,"turns":4},{"damage":30,"enemies":"Slime Boss","floor":16,"turns":12},{"damage":9,"enemies":"2 Thieves","floor":18,"turns":4},{"damage":23,"enemies":"Spheric Guardian","floor":22,"turns":6},{"damage":14,"enemies":"Chosen and Byrds","floor":27,"turns":5},{"damage":12,"enemies":"Snecko","floor":28,"turns":5},{"damage":30,"enemies":"Gremlin Leader","floor":30,"turns":8},{"damage":66,"enemies":"Collector","floor":33,"turns":7}],"seed_played":"-938793006931147086","potions_obtained":[{"floor":0,"key":"Strength Potion"},{"floor":0,"key":"SkillPotion"},{"floor":7,"key":"Weak Potion"},{"floor":11,"key":"SpeedPotion"},{"floor":18,"key":"Ancient Potion"}],"is_trial":false,"path_per_floor":["M","M","$","?","?","R","E","M","T","?","M","E","R","M","R","B",null,"M","?","?","$","M","R","$","$","T","M","M","R","E","T","R"],"character_chosen":"THE_SILENT","items_purchased":["Cloak And Dagger","Sucker Punch","Ancient Tea Set","Explosive Potion"],"campfire_rested":3,"item_purchase_floors":[3,3,21,21],"current_hp_per_floor":[59,59,59,59,59,59,35,35,35,29,22,18,52,52,52,22,55,46,46,46,46,35,66,66,66,66,52,42,42,24,24,59,0],"gold":164,"neow_bonus":"THREE_SMALL_POTIONS","is_prod":false,"is_daily":false,"chose_seed":false,"campfire_upgraded":3,"win_rate":0,"timestamp":1537875565,"path_taken":["M","M","$","?","?","R","E","M","T","?","M","E","R","M","R","BOSS","M","?","?","$","M","R","?","$","T","?","?","R","E","?","R","BOSS"],"build_version":"2018-09-20","purchased_purges":0,"victory":false,"max_hp_per_floor":[66,66,66,66,66,66,66,66,66,66,66,66,66,66,66,66,66,66,66,66,66,66,66,66,66,66,66,68,68,68,68,68,68],"card_choices":[{"not_picked":["Caltrops","Prepared"],"picked":"Dagger Spray","floor":1},{"not_picked":["Prepared","Blade Dance"],"picked":"Finisher","floor":2},{"not_picked":["Flying Knee","Outmaneuver"],"picked":"Envenom","floor":7},{"not_picked":["Eviscerate","Deadly Poison"],"picked":"Poisoned Stab","floor":8},{"not_picked":["Poisoned Stab","Deflect"],"picked":"PiercingWail","floor":11},{"not_picked":["Outmaneuver","Riddle With Holes"],"picked":"Cloak And Dagger","floor":12},{"not_picked":["Backflip","Phantasmal Killer","Underhanded Strike"],"picked":"SKIP","floor":14},{"not_picked":["Unload","Venomology"],"picked":"Corpse Explosion","floor":16},{"not_picked":["Outmaneuver","Finisher"],"picked":"PiercingWail","floor":18},{"not_picked":["Underhanded Strike","Escape Plan"],"picked":"Cloak And Dagger","floor":22},{"not_picked":["Deflect","Sucker Punch"],"picked":"Infinite Blades","floor":27},{"not_picked":["PiercingWail","Outmaneuver","Backflip"],"picked":"Singing Bowl","floor":28},{"not_picked":["Acrobatics","Quick Slash"],"picked":"Predator","floor":30}],"player_experience":1476933,"relics_obtained":[{"floor":7,"key":"Regal Pillow"},{"floor":9,"key":"Kunai"},{"floor":10,"key":"Art of War"},{"floor":12,"key":"Lantern"},{"floor":26,"key":"Singing Bowl"},{"floor":30,"key":"Dodecahedron"},{"floor":31,"key":"Blood Vial"}],"event_choices":[{"event_name":"Living Wall","player_choice":"Grow","floor":4,"damage_taken":0},{"event_name":"World of Goop","player_choice":"Left","floor":5,"damage_taken":0},{"event_name":"Dead Adventurer","player_choice":"Searched \u00272\u0027 times","floor":10,"damage_taken":0},{"event_name":"WeMeetAgain","player_choice":"Potion","floor":19,"damage_taken":0},{"event_name":"Designer","player_choice":"Upgrade Card","floor":20,"damage_taken":0}],"is_beta":false,"boss_relics":[{"not_picked":["White Beast Statue","Pandora\u0027s Box"],"picked":"Snecko Eye"}],"items_purged_floors":[],"is_endless":false,"potions_floor_spawned":[7,8,11,18],"killed_by":"Collector","ascension_level":16}