{"gold_per_floor":[214,214,214,17,17,17,30,51,103,103,139,152,152,172,172,303,303,328,328,83,83,83,83,58,82,82,103,103,127,127,142,142,266,266,280,305,305,324,348,348,102,121,121,121,121,86,419,0,0,0],"floor_reached":50,"playtime":2234,"items_purged":["Strike_R","Strike_R"],"score":736,"play_id":"c68268f3-4b45-47d1-8b67-f44889172294","local_time":"20190111114643","is_ascension_mode":true,"campfire_choices":[{"data":"Bash","floor":6.0,"key":"SMITH"},{"data":"Sword Boomerang","floor":10.0,"key":"SMITH"},{"data":"Body Slam","floor":13.0,"key":"SMITH"},{"data":"Barricade","floor":15.0,"key":"SMITH"},{"data":"Flame Barrier","floor":23.0,"key":"SMITH"},{"data":"Armaments","floor":28.0,"key":"SMITH"},{"data":"Shrug It Off","floor":30.0,"key":"SMITH"},{"data":"Shrug It Off","floor":32.0,"key":"SMITH"},{"floor":40.0,"key":"REST"},{"floor":44.0,"key":"REST"},{"floor":49.0,"key":"REST"}],"neow_cost":"NONE","seed_source_timestamp":555968623968868,"circlet_count":0,"master_deck":["Defend_R","Defend_R","Defend_R","Defend_R","Bash+1","Rampage","Spot Weakness","Clothesline","Sword Boomerang+1","Seeing Red","Flame Barrier+1","Body Slam+1","Barricade+1","Immolate","Infernal Blade","Shrug It Off+1","Warcry","Flash of Steel","Armaments+1","Pommel Strike+1","Shrug It Off+1","Intimidate","Double Tap","Body Slam","Ghostly Armor+1","Headbutt+1","Inflame"],"special_seed":0,"relics":["Burning Blood","Red Skull","Bag of Preparation","Omamori","Sozu","Anchor","Shuriken","Lantern","FossilizedHelix","Red Mask"],"potions_floor_usage":[],"damage_taken":[{"damage":9.0,"enemies":"Jaw Worm","floor":1.0,"turns":4.0},{"damage":0.0,"enemies":"2 Louse","floor":7.0,"turns":2.0},{"damage":0.0,"enemies":"Cultist","floor":8.0,"turns":3.0},{"damage":17.0,"enemies":"Gremlin Nob","floor":11.0,"turns":4.0},{"damage":22.0,"enemies":"Gremlin Gang","floor":12.0,"turns":5.0},{"damage":0.0,"enemies":"Large Slime","floor":14.0,"turns":1.0},{"damage":11.0,"enemies":"Hexaghost","floor":16.0,"turns":9.0},{"damage":4.0,"enemies":"Spheric Guardian","floor":18.0,"turns":4.0},{"damage":0.0,"enemies":"Chosen","floor":25.0,"turns":3.0},{"damage":9.0,"enemies":"Snake Plant","floor":27.0,"turns":2.0},{"damage":25.0,"enemies":"Chosen and Byrds","floor":29.0,"turns":7.0},{"damage":0.0,"enemies":"3 Cultists","floor":31.0,"turns":5.0},{"damage":0.0,"enemies":"Automaton","floor":33.0,"turns":9.0},{"damage":0.0,"enemies":"3 Shapes","floor":35.0,"turns":4.0},{"damage":0.0,"enemies":"3 Darklings","floor":36.0,"turns":5.0},{"damage":51.0,"enemies":"4 Shapes","floor":38.0,"turns":9.0},{"damage":14.0,"enemies":"Maw","floor":39.0,"turns":7.0},{"damage":24.0,"enemies":"Writhing Mass","floor":42.0,"turns":7.0},{"damage":88,"enemies":"Time Eater","floor":50,"turns":11}],"seed_played":"8530821467562067833","potions_obtained":[{"floor":1.0,"key":"EssenceOfSteel"},{"floor":8.0,"key":"EssenceOfSteel"},{"floor":11.0,"key":"LiquidBronze"},{"floor":16.0,"key":"SneckoOil"}],"is_trial":false,"path_per_floor":["M","?","?","$","?","R","M","M","T","R","E","M","R","M","R","B",null,"M","?","$","?","?","R","$","M","T","M","R","M","R","M","R","B",null,"M","M","?","M","M","R","$","M","T","R","?","$","?","?","R","B"],"character_chosen":"IRONCLAD","items_purchased":["Spot Weakness","Clothesline","Anchor","Flash of Steel","Armaments","Lantern","Inflame"],"campfire_rested":3,"item_purchase_floors":[4,4,20,20,24,41,46],"current_hp_per_floor":[69,62,42,42,42,42,48,54,54,54,43,27,27,33,33,28,67,69,69,69,69,69,69,69,75,75,72,72,53,53,59,59,65,76,80,80,80,35,27,51,51,33,33,57,57,57,57,57,76,0],"gold":0,"neow_bonus":"HUNDRED_GOLD","is_prod":false,"is_daily":false,"chose_seed":false,"campfire_upgraded":8,"win_rate":0,"timestamp":1547174803,"path_taken":["M","?","?","$","?","R","M","?","T","R","E","?","R","M","R","BOSS","M","?","$","?","?","R","?","M","T","M","R","M","R","M","R","BOSS","M","M","?","M","?","R","$","M","T","R","?","$","?","?","R","BOSS"],"build_version":"2019-01-10","purchased_purges":2,"victory":false,"max_hp_per_floor":[80,80,80,80,80,80,80,80,80,80,80,80,80,80,80,80,80,80,80,80,80,80,80,80,80,80,80,80,80,80,80,80,80,80,80,80,80,80,80,80,80,80,80,80,76,76,76,76,76,76],"card_choices":[{"not_picked":["Reckless Charge","Hemokinesis"],"picked":"Rampage","floor":1.0},{"not_picked":["Headbutt","Havoc"],"picked":"Sword Boomerang","floor":7.0},{"not_picked":["Anger","Hemokinesis"],"picked":"Seeing Red","floor":8.0},{"not_picked":["Sever Soul","Iron Wave"],"picked":"Flame Barrier","floor":11.0},{"not_picked":["Headbutt","Power Through"],"picked":"Body Slam","floor":12.0},{"not_picked":["Pommel Strike","Shrug It Off"],"picked":"Barricade","floor":14.0},{"not_picked":["Demon Form","Barricade"],"picked":"Immolate","floor":16.0},{"not_picked":["Warcry","Feel No Pain"],"picked":"Infernal Blade","floor":18.0},{"not_picked":["Fire Breathing","Pummel+1","Twin Strike"],"picked":"SKIP","floor":25.0},{"not_picked":["Wild Strike","Havoc"],"picked":"Pommel Strike+1","floor":27.0},{"not_picked":["Ghostly Armor","Wild Strike+1"],"picked":"Shrug It Off","floor":29.0},{"not_picked":["Perfected Strike","Juggernaut"],"picked":"Intimidate","floor":31.0},{"not_picked":["Feed","Offering"],"picked":"Double Tap","floor":33.0},{"not_picked":["Twin Strike+1","Bloodletting","Burning Pact"],"picked":"SKIP","floor":35.0},{"not_picked":["Thunderclap","Combust+1"],"picked":"Body Slam","floor":36.0},{"not_picked":["Body Slam+1","Wild Strike+1"],"picked":"Ghostly Armor+1","floor":38.0},{"not_picked":["Thunderclap+1","Warcry","Wild Strike"],"picked":"SKIP","floor":39.0},{"not_picked":["Flex+1","Clothesline+1"],"picked":"Headbutt+1","floor":42.0}],"player_experience":360562,"relics_obtained":[{"floor":9.0,"key":"Bag of Preparation"},{"floor":11.0,"key":"Omamori"},{"floor":26.0,"key":"Shuriken"},{"floor":43.0,"key":"FossilizedHelix"}],"event_choices":[{"damage_healed":0.0,"max_hp_gain":0.0,"max_hp_loss":0.0,"gold_gain":0.0,"event_name":"Scrap Ooze","player_choice":"Success","floor":2.0,"gold_loss":0.0,"damage_taken":7.0,"relics_obtained":["Red Skull"]},{"damage_healed":0.0,"max_hp_gain":0.0,"max_hp_loss":0.0,"gold_gain":0.0,"event_name":"Golden Idol","player_choice":"Take Damage","floor":3.0,"gold_loss":0.0,"damage_taken":20.0,"relics_obtained":["Golden Idol"]},{"cards_removed":["Strike_R"],"damage_healed":0.0,"max_hp_gain":0.0,"max_hp_loss":0.0,"gold_gain":0.0,"event_name":"Bonfire Elementals","player_choice":"Offered Basic","floor":5.0,"gold_loss":0.0,"damage_taken":0.0},{"damage_healed":0.0,"max_hp_gain":0.0,"max_hp_loss":0.0,"gold_gain":0.0,"cards_transformed":["Strike_R","Strike_R"],"event_name":"Drug Dealer","player_choice":"Became Test Subject","floor":19.0,"gold_loss":0.0,"damage_taken":0.0,"cards_obtained":["Shrug It Off","Warcry"]},{"damage_healed":0.0,"max_hp_gain":0.0,"max_hp_loss":0.0,"gold_gain":0.0,"event_name":"Ghosts","player_choice":"Ignored","floor":21.0,"gold_loss":0.0,"damage_taken":0.0},{"damage_healed":0.0,"max_hp_gain":0.0,"max_hp_loss":0.0,"gold_gain":0.0,"event_name":"Vampires","player_choice":"Ignored","floor":22.0,"gold_loss":0.0,"damage_taken":0.0},{"damage_healed":0.0,"max_hp_gain":0.0,"max_hp_loss":0.0,"gold_gain":0.0,"event_name":"The Woman in Blue","player_choice":"Bought 0 Potions","floor":37.0,"gold_loss":0.0,"damage_taken":0.0},{"damage_healed":0.0,"max_hp_gain":0.0,"max_hp_loss":4.0,"gold_gain":0.0,"event_name":"Winding Halls","player_choice":"Max HP","floor":45.0,"gold_loss":0.0,"damage_taken":0.0},{"damage_healed":0.0,"max_hp_gain":0.0,"max_hp_loss":0.0,"gold_gain":333.0,"event_name":"The Moai Head","player_choice":"Gave Idol","floor":47.0,"relics_lost":["Golden Idol"],"gold_loss":0.0,"damage_taken":0.0},{"damage_healed":0.0,"max_hp_gain":0.0,"max_hp_loss":0.0,"gold_gain":0.0,"event_name":"Tomb of Lord Red Mask","player_choice":"Paid","floor":48.0,"gold_loss":419.0,"damage_taken":0.0,"relics_obtained":["Red Mask"]}],"is_beta":false,"boss_relics":[{"not_picked":["Lizard Tail","Philosopher\u0027s Stone"],"picked":"Sozu"},{"not_picked":["Calling Bell","Runic Cube","Pandora\u0027s Box"]}],"items_purged_floors":[4,41],"is_endless":false,"potions_floor_spawned":[1,8,11,16,25,29,31,33,35,39],"killed_by":"Time Eater","ascension_level":9}