{"gold_per_floor":[111,41,116,129,129,163,174,174,201,201,151,151,177,191,191,290,290,301,224,41,58,58,58,71,71,121,138,155,170,170,170],"floor_reached":31,"playtime":1915,"items_purged":[],"score":417,"play_id":"6ac1f6d9-f59c-4270-85a9-2d58aeba25a8","local_time":"20180702033236","is_ascension_mode":true,"campfire_choices":[{"data":"True Grit","floor":8.0,"key":"SMITH"},{"data":"Bash","floor":10.0,"key":"SMITH"},{"data":"Clothesline","floor":12.0,"key":"SMITH"},{"data":"Pommel Strike","floor":15.0,"key":"SMITH"},{"data":"Dark Embrace","floor":23,"key":"SMITH"},{"data":"True Grit","floor":25,"key":"SMITH"},{"data":"Metallicize","floor":30,"key":"SMITH"}],"neow_cost":"","seed_source_timestamp":257793958093443,"circlet_count":0,"master_deck":["Strike_R","Strike_R+1","Strike_R+1","Defend_R","Defend_R","Defend_R","Defend_R","Bash+1","AscendersBane","Metallicize","Pommel Strike+1","True Grit+1","Heavy Blade","Clothesline+1","Feel No Pain","Metallicize+1","Battle Trance","Dark Embrace+1","True Grit+1","J.A.X.","Flame Barrier","Inflame+1","Clothesline"],"special_seed":0,"relics":["Burning Blood","Strawberry","Orichalcum","Regal Pillow","Sozu","Singing Bowl","Whetstone"],"potions_floor_usage":[],"damage_taken":[{"damage":3.0,"enemies":"Jaw Worm","floor":1.0,"turns":5.0},{"damage":2.0,"enemies":"Cultist","floor":4.0,"turns":4.0},{"damage":19.0,"enemies":"Gremlin Nob","floor":6.0,"turns":5.0},{"damage":5.0,"enemies":"Small Slimes","floor":7.0,"turns":3.0},{"damage":20.0,"enemies":"Lagavulin","floor":13.0,"turns":7.0},{"damage":4.0,"enemies":"3 Louse","floor":14.0,"turns":4.0},{"damage":41.0,"enemies":"Slime Boss","floor":16.0,"turns":15.0},{"damage":0.0,"enemies":"Shell Parasite","floor":18.0,"turns":6.0},{"damage":7,"enemies":"Chosen","floor":21,"turns":8},{"damage":28,"enemies":"Sentry and Sphere","floor":24,"turns":10},{"damage":6,"enemies":"Chosen and Byrds","floor":27,"turns":7},{"damage":16,"enemies":"Snecko","floor":28,"turns":7},{"damage":19,"enemies":"3 Cultists","floor":29,"turns":6},{"damage":48,"enemies":"Slavers","floor":31,"turns":5}],"seed_played":"-6414271816478910546","potions_obtained":[{"floor":1.0,"key":"Block Potion"},{"floor":7.0,"key":"FearPotion"}],"is_trial":false,"path_per_floor":["M","$","?","M","?","E","M","R","T","R","?","R","E","M","R","B",null,"M","?","$","M","?","R","M","R","T","M","M","M","R"],"character_chosen":"IRONCLAD","items_purchased":["Pommel Strike","True Grit","Singing Bowl","Flame Barrier"],"campfire_rested":0,"item_purchase_floors":[],"current_hp_per_floor":[83,83,72,76,69,63,64,64,64,64,64,64,50,52,52,17,76,82,82,82,83,83,83,63,63,63,63,53,42,42,0],"gold":170,"neow_bonus":"","is_prod":false,"is_daily":false,"chose_seed":false,"campfire_upgraded":7,"win_rate":0,"timestamp":1530495156,"path_taken":["M","$","?","?","?","E","M","R","T","R","?","R","E","?","R","BOSS","M","?","$","M","?","R","?","R","T","M","M","M","R","E"],"build_version":"2018-06-29","purchased_purges":0,"victory":false,"max_hp_per_floor":[88,88,88,88,88,95,95,95,95,95,95,95,95,95,95,95,95,95,95,95,97,97,97,99,99,99,99,99,101,101,101],"card_choices":[{"not_picked":["Disarm","Anger"],"picked":"Metallicize","floor":1.0},{"not_picked":["Warcry","Anger"],"picked":"Heavy Blade","floor":4.0},{"not_picked":["Twin Strike","Berserk"],"picked":"Clothesline","floor":6.0},{"not_picked":["Bloodletting","Twin Strike"],"picked":"Feel No Pain","floor":7.0},{"not_picked":["Sword Boomerang","Headbutt"],"picked":"Metallicize","floor":13.0},{"not_picked":["Clash","Cleave"],"picked":"Battle Trance","floor":14.0},{"not_picked":["Feed","Berserk"],"picked":"Dark Embrace","floor":16.0},{"not_picked":["Corruption","Shrug It Off"],"picked":"True Grit","floor":18.0},{"not_picked":["Rage","Anger","Fire Breathing+1"],"picked":"Singing Bowl","floor":21},{"not_picked":["Headbutt","Sword Boomerang+1","Cleave"],"picked":"Singing Bowl","floor":24},{"not_picked":["Cleave+1","Burning Pact"],"picked":"Inflame+1","floor":27},{"not_picked":["Evolve","Sentinel"],"picked":"Clothesline","floor":28},{"not_picked":["Second Wind+1","Cleave","Wild Strike"],"picked":"Singing Bowl","floor":29}],"player_experience":237083,"relics_obtained":[{"floor":6.0,"key":"Strawberry"},{"floor":9.0,"key":"Orichalcum"},{"floor":13.0,"key":"Regal Pillow"},{"floor":26,"key":"Whetstone"}],"event_choices":[{"event_name":"World of Goop","player_choice":"Gather Gold","floor":3.0,"damage_taken":0.0},{"event_name":"Golden Wing","player_choice":"Card Removal","floor":5.0,"damage_taken":0.0},{"event_name":"The Cleric","player_choice":"Card Removal","floor":11.0,"damage_taken":0.0},{"event_name":"Drug Dealer","player_choice":"Got JAXXED","floor":19.0,"damage_taken":0.0},{"event_name":"Ghosts","player_choice":"Ignored","floor":22,"damage_taken":0}],"boss_relics":[{"not_picked":["Black Blood","Busted Crown"],"picked":"Sozu"}],"items_purged_floors":[],"is_endless":false,"potions_floor_spawned":[1,7,24,27],"killed_by":"Slavers","ascension_level":12}