{"gold_per_floor":[114,127,145,70,90,90,17,44,80,123,63,95,95,95,95,95],"floor_reached":16,"playtime":762,"items_purged":["Strike_R"],"score":108,"play_id":"13257e74-2de0-4329-8bce-278b44f3941e","local_time":"20190202103203","is_ascension_mode":false,"campfire_choices":[{"data":"Bash","floor":6,"key":"SMITH"},{"data":"Feed","floor":13,"key":"SMITH"},{"data":"Armaments","floor":15,"key":"SMITH"}],"neow_cost":"","seed_source_timestamp":2111531040952546,"circlet_count":0,"master_deck":["Strike_R","Strike_R","Strike_R","Strike_R","Defend_R","Defend_R","Defend_R","Defend_R","Bash+1","Armaments+1","Whirlwind","Hemokinesis","Inflame","Feed+1","Power Through","Corruption","Metallicize"],"relics":["Burning Blood","MawBank","Lantern","Boot","Unceasing Top"],"potions_floor_usage":[10,16],"damage_taken":[{"damage":9,"enemies":"Cultist","floor":1,"turns":4},{"damage":7,"enemies":"Small Slimes","floor":2,"turns":4},{"damage":4,"enemies":"Jaw Worm","floor":3,"turns":4},{"damage":30,"enemies":"Exordium Thugs","floor":5,"turns":5},{"damage":17,"enemies":"Gremlin Nob","floor":10,"turns":3},{"damage":26,"enemies":"Lagavulin","floor":12,"turns":5},{"damage":35,"enemies":"The Guardian","floor":16,"turns":9}],"seed_played":"9130578938086255685","potions_obtained":[{"floor":2,"key":"SteroidPotion"},{"floor":5,"key":"BloodPotion"}],"is_trial":false,"path_per_floor":["M","M","M","$","M","R","$","T","T","E","$","E","R","$","R","B"],"character_chosen":"IRONCLAD","items_purchased":["Feed","Corruption"],"campfire_rested":0,"item_purchase_floors":[7,11],"current_hp_per_floor":[77,76,78,78,54,54,54,54,54,43,43,23,23,23,23,0],"gold":95,"neow_bonus":"","is_prod":false,"is_daily":false,"chose_seed":false,"campfire_upgraded":3,"win_rate":0.0,"timestamp":1549125123,"path_taken":["M","M","?","?","?","R","$","?","T","E","$","E","R","?","R","BOSS"],"build_version":"2019-01-23","purchased_purges":1,"victory":false,"max_hp_per_floor":[80,80,80,80,80,80,80,80,80,80,80,80,80,80,80,80],"card_choices":[{"not_picked":["Burning Pact","Perfected Strike"],"picked":"Armaments","floor":1},{"not_picked":["Seeing Red","Perfected Strike"],"picked":"Whirlwind","floor":2},{"not_picked":["Bloodletting","Warcry"],"picked":"Hemokinesis","floor":3},{"not_picked":["Thunderclap","Clash"],"picked":"Inflame","floor":5},{"not_picked":["Intimidate","Body Slam"],"picked":"Power Through","floor":10},{"not_picked":["Sword Boomerang","Shrug It Off"],"picked":"Metallicize","floor":12}],"player_experience":0,"relics_obtained":[{"floor":8,"key":"MawBank"},{"floor":9,"key":"Lantern"},{"floor":10,"key":"Boot"},{"floor":12,"key":"Unceasing Top"}],"event_choices":[],"is_beta":true,"boss_relics":[],"items_purged_floors":[4],"is_endless":false,"potions_floor_spawned":[2,5],"killed_by":"The Guardian","ascension_level":0}