{"gold_per_floor":[119,135,153,48,67,67,67,67,121,140,140,152,1,1,1,97,97,115,133,58,70,70,70,88,88,88,104,124,73,88,0,0,0],"floor_reached":33,"playtime":1261,"items_purged":["Writhe"],"score":291,"play_id":"cc6466b1-8939-469a-a944-3780c5b2773d","local_time":"20190110002607","is_ascension_mode":false,"campfire_choices":[{"data":"Bash","floor":6,"key":"SMITH"},{"data":"Swift Strike","floor":8,"key":"SMITH"},{"data":"Flex","floor":11,"key":"SMITH"},{"data":"Bash","floor":15,"key":"SMITH"},{"data":"Feed","floor":23,"key":"SMITH"},{"data":"Perfected Strike","floor":25,"key":"SMITH"},{"floor":32,"key":"REST"}],"neow_cost":"NONE","seed_source_timestamp":26520190348701,"circlet_count":0,"master_deck":["Strike_R+1","Strike_R","Strike_R","Strike_R","Strike_R+1","Defend_R","Defend_R","Defend_R","Defend_R","Bash+1","Twin Strike","Twin Strike","Wild Strike","Twin Strike","Swift Strike+1","Flex+1","Bash+1","Feed+1","Wild Strike+1","Perfected Strike+1","Twin Strike","Wild Strike","Twin Strike"],"relics":["Burning Blood","Red Skull","PreservedInsect","Omamori","Pen Nib","Calling Bell","Art of War","Mummified Hand","Pocketwatch","Whetstone"],"potions_floor_usage":[24,27,33,33,33],"damage_taken":[{"damage":1,"enemies":"Cultist","floor":1,"turns":3},{"damage":14,"enemies":"Small Slimes","floor":2,"turns":4},{"damage":0,"enemies":"2 Louse","floor":3,"turns":2},{"damage":28,"enemies":"Lots of Slimes","floor":5,"turns":4},{"damage":8,"enemies":"Red Slaver","floor":10,"turns":2},{"damage":0,"enemies":"2 Fungi Beasts","floor":12,"turns":2},{"damage":38,"enemies":"Hexaghost","floor":16,"turns":6},{"damage":10,"enemies":"Chosen","floor":18,"turns":3},{"damage":35,"enemies":"Spheric Guardian","floor":19,"turns":5},{"damage":22,"enemies":"Snecko","floor":21,"turns":4},{"damage":0,"enemies":"Snake Plant","floor":24,"turns":2},{"damage":0,"enemies":"Centurion and Healer","floor":27,"turns":3},{"damage":43,"enemies":"Shelled Parasite and Fungi","floor":28,"turns":4},{"damage":0,"enemies":"Sentry and Sphere","floor":30,"turns":2},{"damage":87,"enemies":"Champ","floor":33,"turns":7}],"seed_played":"6969290610075290450","potions_obtained":[{"floor":3,"key":"Dexterity Potion"},{"floor":5,"key":"Energy Potion"},{"floor":10,"key":"SmokeBomb"},{"floor":21,"key":"Energy Potion"},{"floor":24,"key":"Regen Potion"},{"floor":27,"key":"Fire Potion"},{"floor":28,"key":"Ancient Potion"}],"is_trial":false,"path_per_floor":["M","M","M","$","M","R","?","R","T","M","R","M","$","?","R","B",null,"M","M","$","M","$","R","M","R","T","M","M","$","M","?","R","B"],"character_chosen":"IRONCLAD","items_purchased":["Twin Strike","Swift Strike","Pen Nib","Twin Strike"],"campfire_rested":1,"item_purchase_floors":[4,4,13,29],"current_hp_per_floor":[80,72,78,78,56,56,49,49,49,47,47,53,53,53,53,21,80,79,53,53,37,37,37,47,47,47,57,24,24,30,30,59,0],"gold":0,"neow_bonus":"RANDOM_COMMON_RELIC","is_prod":false,"is_daily":false,"chose_seed":false,"campfire_upgraded":6,"win_rate":0,"timestamp":1547042167,"path_taken":["M","?","M","$","M","R","?","R","T","M","R","M","$","?","R","BOSS","M","M","$","M","?","R","M","R","T","?","M","?","M","?","R","BOSS"],"build_version":"2019-01-03v4","purchased_purges":1,"victory":false,"max_hp_per_floor":[80,80,80,80,80,80,80,80,80,80,80,80,80,80,80,80,80,83,86,86,86,86,86,90,90,90,94,98,98,98,98,98,98],"card_choices":[{"not_picked":["Cleave","Sever Soul"],"picked":"Twin Strike","floor":1},{"not_picked":["Clash","Rampage"],"picked":"Twin Strike","floor":2},{"not_picked":["Heavy Blade","Evolve"],"picked":"Wild Strike","floor":3},{"not_picked":["Juggernaut","True Grit","Entrench"],"picked":"SKIP","floor":5},{"not_picked":["Ghostly Armor","Corruption"],"picked":"Flex","floor":10},{"not_picked":["Sword Boomerang","Dual Wield","Warcry"],"picked":"SKIP","floor":12},{"not_picked":["Offering","Berserk"],"picked":"Feed","floor":16},{"not_picked":["Reckless Charge","Heavy Blade","Hemokinesis"],"picked":"SKIP","floor":18},{"not_picked":["Spot Weakness+1","Reckless Charge","Flame Barrier"],"picked":"SKIP","floor":19},{"not_picked":["Sword Boomerang","Warcry+1"],"picked":"Wild Strike+1","floor":21},{"not_picked":["Havoc","Iron Wave"],"picked":"Perfected Strike","floor":24},{"not_picked":["Reaper","Wild Strike"],"picked":"Twin Strike","floor":27},{"not_picked":["Clash","Metallicize+1"],"picked":"Wild Strike","floor":28},{"not_picked":["Infernal Blade","Headbutt","Entrench"],"picked":"SKIP","floor":30}],"player_experience":390484,"relics_obtained":[{"floor":9,"key":"Omamori"},{"floor":17,"key":"Art of War"},{"floor":17,"key":"Mummified Hand"},{"floor":17,"key":"Pocketwatch"},{"floor":26,"key":"Whetstone"}],"event_choices":[{"damage_healed":0,"gold_gain":0,"player_choice":"Success","damage_taken":7,"relics_obtained":["PreservedInsect"],"max_hp_gain":0,"max_hp_loss":0,"event_name":"Scrap Ooze","floor":7,"gold_loss":0},{"damage_healed":0,"gold_gain":0,"player_choice":"1 cards matched","damage_taken":0,"max_hp_gain":0,"max_hp_loss":0,"event_name":"Match and Keep!","floor":14,"gold_loss":0,"cards_obtained":["Bash"]},{"damage_healed":0,"gold_gain":0,"player_choice":"Paid Fearfully","damage_taken":0,"max_hp_gain":0,"max_hp_loss":0,"event_name":"Masked Bandits","floor":31,"gold_loss":88}],"is_beta":false,"boss_relics":[{"not_picked":["Busted Crown","Black Star"],"picked":"Calling Bell"}],"items_purged_floors":[20],"is_endless":false,"potions_floor_spawned":[3,5,10,12,21,24,27,28],"killed_by":"Champ","ascension_level":0}