{"gold_per_floor":[117,135,135,155,13,13,48,48,48,62,76,76,3,3,3,107,107,121,121,111,111],"floor_reached":21,"playtime":1245,"items_purged":["Strike_G"],"score":224,"play_id":"370235c2-da21-453c-9ed9-20561ae4a05b","local_time":"20180706152448","is_ascension_mode":true,"campfire_choices":[{"data":"Neutralize","floor":6,"key":"SMITH"},{"floor":8,"key":"REST"},{"floor":15,"key":"REST"}],"neow_cost":"NONE","seed_source_timestamp":238452755152768,"circlet_count":0,"master_deck":["Defend_G","Defend_G","Defend_G","Defend_G","Defend_G","Strike_G","Strike_G","Strike_G","Strike_G","Survivor","Neutralize+1","Footwork","Terror","Underhanded Strike","Acrobatics","Dodge and Roll","Storm of Steel","Cloak And Dagger","Dagger Throw","Caltrops","After Image","Blade Dance","Decay","PiercingWail"],"relics":["Ring of the Snake","NeowsBlessing","Smiling Mask","Orichalcum","Bronze Scales","Eternal Feather"],"potions_floor_usage":[16],"damage_taken":[{"damage":0,"enemies":"2 Louse","floor":1,"turns":1},{"damage":0,"enemies":"Small Slimes","floor":2,"turns":1},{"damage":0,"enemies":"Cultist","floor":4,"turns":1},{"damage":24,"enemies":"3 Sentries","floor":7,"turns":15},{"damage":10,"enemies":"Red Slaver","floor":10,"turns":3},{"damage":9,"enemies":"3 Louse","floor":11,"turns":3},{"damage":40,"enemies":"Hexaghost","floor":16,"turns":10},{"damage":21,"enemies":"Chosen","floor":18,"turns":5},{"damage":23,"enemies":"2 Thieves","floor":20,"turns":4},{"damage":17,"enemies":"Centurion and Healer","floor":21,"turns":6}],"seed_played":"-5093445081054054390","potions_obtained":[{"floor":1,"key":"GhostInAJar"},{"floor":11,"key":"Weak Potion"},{"floor":16,"key":"LiquidBronze"}],"is_trial":false,"path_per_floor":["M","M","?","M","$","R","E","R","T","M","M","?","$","?","R","B",null,"M","?","M"],"character_chosen":"THE_SILENT","items_purchased":["Acrobatics","Dodge and Roll","Caltrops"],"campfire_rested":2,"item_purchase_floors":[5,5,13],"current_hp_per_floor":[70,70,58,58,58,58,34,55,55,45,36,59,59,59,70,30,60,39,39,16,0],"gold":111,"neow_bonus":"THREE_ENEMY_KILL","is_prod":false,"is_daily":false,"chose_seed":false,"campfire_upgraded":1,"win_rate":0,"timestamp":1530905088,"path_taken":["M","M","?","M","$","R","E","R","T","M","?","?","?","?","R","BOSS","M","?","M","M"],"build_version":"2018-07-05","purchased_purges":1,"victory":false,"max_hp_per_floor":[70,70,70,70,70,70,70,70,70,70,70,70,70,70,70,70,70,70,70,70,70],"card_choices":[{"not_picked":["PiercingWail","Flying Knee"],"picked":"Footwork","floor":1},{"not_picked":["Deflect","Blur"],"picked":"Terror","floor":2},{"not_picked":["Escape Plan","Acrobatics"],"picked":"Underhanded Strike","floor":4},{"not_picked":["Dagger Spray","Cloak And Dagger"],"picked":"Storm of Steel","floor":7},{"not_picked":["Endless Agony","Sucker Punch"],"picked":"Cloak And Dagger","floor":10},{"not_picked":["Flying Knee","Deadly Poison"],"picked":"Dagger Throw","floor":11},{"not_picked":["Corpse Explosion","Die Die Die"],"picked":"After Image","floor":16},{"not_picked":["Choke","Dagger Throw"],"picked":"Blade Dance","floor":18},{"not_picked":["Sucker Punch","Dagger Spray"],"picked":"PiercingWail","floor":20}],"player_experience":975976,"relics_obtained":[{"floor":7,"key":"Orichalcum"},{"floor":9,"key":"Bronze Scales"}],"event_choices":[{"event_name":"Scrap Ooze","player_choice":"success","floor":3,"damage_taken":12},{"event_name":"Big Fish","player_choice":"Banana","floor":12,"damage_taken":0},{"event_name":"Liars Game","player_choice":"disagreed","floor":14,"damage_taken":0},{"event_name":"Forgotten Altar","player_choice":"Smashed Altar","floor":19,"damage_taken":0}],"boss_relics":[{"not_picked":["Snecko Eye","Orrery"],"picked":"Eternal Feather"}],"items_purged_floors":[5],"is_endless":false,"potions_floor_spawned":[1,11,16],"killed_by":"Centurion and Healer","ascension_level":5}