{"gold_per_floor":[109,109,128,147,159,159,185,200,200,200,125,125,203,4,4,82,82,94,94,106,123,141,141,159,159],"floor_reached":25,"playtime":1910,"items_purged":[],"score":384,"play_id":"09a3b92f-aff0-4c1f-bc3c-964c8fcffffe","local_time":"20190212010356","is_ascension_mode":true,"campfire_choices":[{"data":"Defragment","floor":6.0,"key":"SMITH"},{"floor":10.0,"key":"REST"},{"data":"Zap","floor":12.0,"key":"SMITH"},{"data":"Sunder","floor":15.0,"key":"SMITH"},{"floor":23,"key":"REST"}],"neow_cost":"NONE","seed_source_timestamp":0,"circlet_count":0,"master_deck":["AscendersBane","Defend_B","Defend_B","Defend_B","Zap+1","Dualcast","Ball Lightning","Genetic Algorithm","Cold Snap","Sunder+1","Defragment+1","Ball Lightning","Stack","Core Surge","Cold Snap","Bite","Bite","Bite","Bite","Bite","Go for the Eyes","Hologram"],"special_seed":0,"relics":["Cracked Core","Singing Bowl","DataDisk","Inserter"],"potions_floor_usage":[25],"damage_taken":[{"damage":2.0,"enemies":"Jaw Worm","floor":1.0,"turns":3.0},{"damage":5.0,"enemies":"Cultist","floor":3.0,"turns":3.0},{"damage":0.0,"enemies":"2 Louse","floor":4.0,"turns":2.0},{"damage":13.0,"enemies":"Blue Slaver","floor":5.0,"turns":2.0},{"damage":16.0,"enemies":"Gremlin Nob","floor":7.0,"turns":3.0},{"damage":5.0,"enemies":"2 Fungi Beasts","floor":8.0,"turns":3.0},{"damage":4.0,"enemies":"The Guardian","floor":16.0,"turns":9.0},{"damage":44,"enemies":"2 Thieves","floor":18,"turns":4},{"damage":16,"enemies":"Shell Parasite","floor":20,"turns":6},{"damage":9,"enemies":"Centurion and Healer","floor":21,"turns":7},{"damage":21,"enemies":"Shelled Parasite and Fungi","floor":22,"turns":6},{"damage":18,"enemies":"Cultist and Chosen","floor":24,"turns":5},{"damage":19,"enemies":"Slavers","floor":25,"turns":1}],"seed_played":"8493485948404403331","potions_obtained":[{"floor":4.0,"key":"PowerPotion"},{"floor":5.0,"key":"EssenceOfSteel"},{"floor":7.0,"key":"SteroidPotion"},{"floor":18,"key":"Dexterity Potion"}],"is_trial":false,"path_per_floor":["M","?","M","M","M","R","E","M","T","R","?","R","?","$","R","B",null,"M","?","M","M","M","R","M","E"],"character_chosen":"DEFECT","items_purchased":["DataDisk","Stack"],"campfire_rested":2,"item_purchase_floors":[14,14],"current_hp_per_floor":[62,62,57,57,44,44,28,25,25,46,46,46,46,46,46,44,64,22,22,22,21,8,29,17,0],"gold":159,"neow_bonus":"THREE_CARDS","is_prod":false,"is_daily":false,"chose_seed":false,"campfire_upgraded":3,"win_rate":0,"timestamp":1549933436,"path_taken":["M","?","?","M","M","R","E","M","T","R","?","R","?","$","R","BOSS","M","?","M","M","M","R","M","E"],"build_version":"2019-01-23","purchased_purges":0,"victory":false,"max_hp_per_floor":[71,71,71,71,71,71,71,71,71,71,71,71,71,71,71,71,71,71,71,73,73,73,73,75,75],"card_choices":[{"not_picked":["White Noise","Redo"],"picked":"Ball Lightning","floor":0.0},{"not_picked":["Stack","Melter"],"picked":"Genetic Algorithm","floor":1.0},{"not_picked":["Redo","Meteor Strike"],"picked":"Cold Snap","floor":3.0},{"not_picked":["Conserve Battery","Rebound"],"picked":"Sunder","floor":4.0},{"not_picked":["Sunder","Conserve Battery"],"picked":"Defragment","floor":5.0},{"not_picked":["Double Energy","Sunder"],"picked":"Ball Lightning","floor":7.0},{"not_picked":["Genetic Algorithm","Storm","Beam Cell"],"picked":"SKIP","floor":8.0},{"not_picked":["Reboot","Machine Learning"],"picked":"Core Surge","floor":16.0},{"not_picked":["Redo","Conserve Battery"],"picked":"Cold Snap","floor":18},{"not_picked":["Reprogram","Turbo","Barrage"],"picked":"Singing Bowl","floor":20},{"not_picked":["Stack","Reinforced Body"],"picked":"Go for the Eyes","floor":21},{"not_picked":["FTL","Redo+1"],"picked":"Hologram","floor":22},{"not_picked":["Lockon","Go for the Eyes","Chaos"],"picked":"Singing Bowl","floor":24}],"player_experience":288426,"relics_obtained":[{"floor":7.0,"key":"Blood Vial"},{"floor":9.0,"key":"Singing Bowl"}],"event_choices":[{"cards_removed":["Strike_B"],"damage_healed":0.0,"max_hp_gain":0.0,"max_hp_loss":0.0,"gold_gain":0.0,"event_name":"Purifier","player_choice":"Purged","floor":2.0,"gold_loss":0.0,"damage_taken":0.0},{"cards_removed":["Defend_B"],"damage_healed":0.0,"max_hp_gain":0.0,"max_hp_loss":0.0,"gold_gain":0.0,"event_name":"The Cleric","player_choice":"Card Removal","floor":11.0,"gold_loss":75.0,"damage_taken":0.0},{"damage_healed":0.0,"max_hp_gain":0.0,"max_hp_loss":0.0,"gold_gain":78.0,"event_name":"Golden Wing","player_choice":"Gained Gold","floor":13.0,"gold_loss":0.0,"damage_taken":0.0},{"damage_healed":0,"gold_gain":0,"player_choice":"Became a vampire (Vial)","damage_taken":0,"max_hp_gain":0,"max_hp_loss":0,"event_name":"Vampires","floor":19,"relics_lost":["Blood Vial"],"gold_loss":0,"cards_obtained":["Bite","Bite","Bite","Bite","Bite"]}],"is_beta":false,"boss_relics":[{"not_picked":["Calling Bell","White Beast Statue"],"picked":"Inserter"}],"items_purged_floors":[],"is_endless":false,"potions_floor_spawned":[4,5,7,8,18],"killed_by":"Slavers","ascension_level":15}