{"gold_per_floor":[114,64,79,94,269,329,344,374,374,404,419,434,464,479,479,579,579,594,294,294,279,29,59,59,89,89,119,119,134,134,149,149,249,249,264,264,264,264,264,294,309,339,339,339,339,11,41,56,56,56],"floor_reached":51,"playtime":2564,"items_purged":[],"score":948,"play_id":"ff765331-6b12-483c-8430-f987a729ba2e","local_time":"20180903195024","daily_mods":["Insanity","Elite Swarm","Binary"],"is_ascension_mode":false,"campfire_choices":[{"data":"Defragment","floor":15.0,"key":"SMITH"},{"data":"Defragment","floor":24.0,"key":"SMITH"},{"data":"Coolheaded","floor":28.0,"key":"SMITH"},{"data":"Defragment","floor":30.0,"key":"SMITH"},{"data":"Hologram","floor":32.0,"key":"SMITH"},{"data":"Buffer","floor":44,"key":"SMITH"},{"data":"Capacitor","floor":49,"key":"SMITH"}],"neow_cost":"","seed_source_timestamp":0,"circlet_count":0,"master_deck":["Thunder Strike+1","Machine Learning+1","Core Surge+1","Blizzard+1","Core Surge+1","Redo+1","Barrage+1","Auto Shields+1","Defragment+1","Melter+1","Glacier+1","Reprogram+1","Dualcast+1","Loop+1","Consume+1","Fission+1","Stack+1","Echo Form+1","Coolheaded+1","Fission+1","Dualcast+1","Self Repair+1","Go for the Eyes+1","Reinforced Body+1","Turbo+1","Compile Driver+1","Defragment+1","Steam+1","Force Field+1","Beam Cell+1","Meteor Strike+1","Streamline+1","BootSequence+1","Chaos+1","Barrage+1","Undo+1","Aggregate+1","Amplify+1","Amplify+1","Defragment+1","Seek+1","Beam Cell+1","Echo Form+1","Heatsinks+1","Cold Snap+1","Reinforced Body+1","Thunder Strike+1","Conserve Battery+1","Loop+1","Double Energy+1","Stack+1","Barrage+1","Doubt","Creative AI+1","Beam Cell+1","Seek+1","Hyperbeam+1","Darkness+1","Conserve Battery+1","Hyperbeam+1","Aggregate+1","Biased Cognition+1","Decay","Chill+1","All For One+1","Rainbow+1","Echo Form+1","Hologram+1","Biased Cognition+1","Buffer+1","Core Surge","Doubt","Capacitor+1","Electrodynamics","Stack+1"],"special_seed":17777,"relics":["Cracked Core","Tiny Chest","Bottled Tornado","Pear","Darkstone Periapt","Symbiotic Virus","Cursed Key","Du-Vu Doll","Mercury Hourglass","Strawberry","Omamori","Cables","Oddly Smooth Stone","Inserter","Mark of the Bloom","Vajra","Pen Nib","Toxic Egg 2","Blue Candle","Unceasing Top"],"potions_floor_usage":[40,50],"damage_taken":[{"damage":0.0,"enemies":"Cultist","floor":1.0,"turns":4.0},{"damage":0.0,"enemies":"2 Louse","floor":3.0,"turns":3.0},{"damage":0.0,"enemies":"Small Slimes","floor":4.0,"turns":4.0},{"damage":18.0,"enemies":"Lagavulin","floor":6.0,"turns":6.0},{"damage":7.0,"enemies":"Red Slaver","floor":7.0,"turns":4.0},{"damage":11.0,"enemies":"Gremlin Nob","floor":8.0,"turns":5.0},{"damage":18.0,"enemies":"Lagavulin","floor":10.0,"turns":8.0},{"damage":3.0,"enemies":"3 Louse","floor":11.0,"turns":4.0},{"damage":0.0,"enemies":"Large Slime","floor":12.0,"turns":5.0},{"damage":7.0,"enemies":"3 Sentries","floor":13.0,"turns":6.0},{"damage":0.0,"enemies":"Looter","floor":14.0,"turns":2.0},{"damage":21.0,"enemies":"Slime Boss","floor":16.0,"turns":5.0},{"damage":10.0,"enemies":"Chosen","floor":18.0,"turns":5.0},{"damage":13.0,"enemies":"2 Thieves","floor":21.0,"turns":4.0},{"damage":15.0,"enemies":"Book of Stabbing","floor":23.0,"turns":4.0},{"damage":10.0,"enemies":"Slavers","floor":25.0,"turns":4.0},{"damage":0.0,"enemies":"Book of Stabbing","floor":27.0,"turns":4.0},{"damage":5.0,"enemies":"Snecko","floor":29.0,"turns":5.0},{"damage":0.0,"enemies":"Centurion and Healer","floor":31.0,"turns":5.0},{"damage":10.0,"enemies":"Automaton","floor":33.0,"turns":11.0},{"damage":2.0,"enemies":"Orb Walker","floor":35.0,"turns":3.0},{"damage":2,"enemies":"Nemesis","floor":40,"turns":3},{"damage":0,"enemies":"3 Darklings","floor":41,"turns":3},{"damage":9,"enemies":"2 Orb Walkers","floor":42,"turns":3},{"damage":13,"enemies":"Giant Head","floor":47,"turns":4},{"damage":3,"enemies":"Sphere and 2 Shapes","floor":48,"turns":2},{"damage":36,"enemies":"Time Eater","floor":50,"turns":7}],"seed_played":"5443678004288961897","potions_obtained":[{"floor":3.0,"key":"EssenceOfSteel"},{"floor":8.0,"key":"GamblersBrew"},{"floor":12.0,"key":"Strength Potion"},{"floor":31.0,"key":"LiquidBronze"},{"floor":33.0,"key":"PowerPotion"},{"floor":40,"key":"Poison Potion"},{"floor":48,"key":"SpeedPotion"}],"is_trial":false,"path_per_floor":["M","$","M","M","?","E","M","E","T","E","M","M","E","M","R","B",null,"M","$","?","M","$","E","R","E","T","E","R","M","R","M","R","B",null,"M","?","?","$","?","E","M","E","T","R","?","$","E","M","R","B"],"character_chosen":"DEFECT","items_purchased":["Fire Potion","Du-Vu Doll","Mercury Hourglass","Capacitor","Blue Candle"],"campfire_rested":0,"item_purchase_floors":[2,19,22,46,46],"current_hp_per_floor":[75,75,75,75,75,57,50,39,49,31,28,28,28,28,28,14,85,82,82,88,89,89,88,88,85,85,98,98,93,93,93,93,97,98,96,98,98,98,98,96,96,87,87,87,87,87,74,71,71,35],"gold":56,"neow_bonus":"","is_prod":false,"is_daily":true,"chose_seed":false,"campfire_upgraded":7,"win_rate":0,"timestamp":1535997024,"path_taken":["M","$","M","M","?","E","?","E","T","E","M","M","E","M","R","BOSS","M","$","?","M","$","E","R","E","T","E","R","M","R","M","R","BOSS","M","?","?","$","?","E","M","E","T","R","?","$","E","M","R","BOSS"],"build_version":"2018-08-30","purchased_purges":0,"victory":true,"max_hp_per_floor":[75,75,75,75,75,75,75,75,85,85,85,85,85,85,85,85,85,85,85,91,91,91,98,98,98,98,98,98,98,98,98,98,98,98,98,98,98,98,98,98,98,98,104,104,104,104,104,104,104,104],"card_choices":[{"not_picked":["Barrage"],"picked":"Double Energy","floor":1.0},{"not_picked":["Redo"],"picked":"Stack","floor":3.0},{"not_picked":["Beam Cell"],"picked":"Barrage","floor":4.0},{"not_picked":["Meteor Strike"],"picked":"Creative AI","floor":6.0},{"not_picked":["Auto Shields"],"picked":"Beam Cell","floor":7.0},{"not_picked":["Fission"],"picked":"Seek","floor":8.0},{"not_picked":["Machine Learning"],"picked":"Hyperbeam","floor":10.0},{"not_picked":["Gash"],"picked":"Darkness","floor":11.0},{"not_picked":["Steam"],"picked":"Conserve Battery","floor":12.0},{"not_picked":["Rainbow"],"picked":"Hyperbeam","floor":13.0},{"not_picked":["Turbo"],"picked":"Aggregate","floor":14.0},{"not_picked":["Multi-Cast"],"picked":"Biased Cognition","floor":16.0},{"not_picked":["Barrage","Force Field+1"],"picked":"SKIP","floor":18.0},{"not_picked":["Sweeping Beam+1"],"picked":"Chill+1","floor":21.0},{"not_picked":["Core Surge"],"picked":"All For One","floor":23.0},{"not_picked":["Reboot"],"picked":"Rainbow","floor":25.0},{"not_picked":["Meteor Strike"],"picked":"Echo Form","floor":27.0},{"not_picked":["Auto Shields","Reinforced Body"],"picked":"SKIP","floor":29.0},{"not_picked":["Stack"],"picked":"Hologram","floor":31.0},{"not_picked":["Meteor Strike"],"picked":"Biased Cognition","floor":33.0},{"not_picked":["Steam Power+1","Redo+1"],"picked":"SKIP","floor":35.0},{"not_picked":["Hyperbeam"],"picked":"Buffer","floor":40},{"not_picked":["Heatsinks","Redo"],"picked":"SKIP","floor":41},{"not_picked":["Rainbow"],"picked":"Core Surge","floor":42},{"not_picked":["Seek+1"],"picked":"Electrodynamics","floor":47},{"not_picked":["Heatsinks+1"],"picked":"Stack+1","floor":48}],"player_experience":1375023,"relics_obtained":[{"floor":6.0,"key":"Tiny Chest"},{"floor":8.0,"key":"Bottled Tornado"},{"floor":9.0,"key":"Pear"},{"floor":10.0,"key":"Darkstone Periapt"},{"floor":13.0,"key":"Symbiotic Virus"},{"floor":23.0,"key":"Strawberry"},{"floor":25.0,"key":"Omamori"},{"floor":26.0,"key":"Cables"},{"floor":27.0,"key":"Oddly Smooth Stone"},{"floor":40,"key":"Vajra"},{"floor":42,"key":"Pen Nib"},{"floor":43,"key":"Toxic Egg 2"},{"floor":47,"key":"Unceasing Top"}],"event_choices":[{"event_name":"Liars Game","player_choice":"agreed","floor":5.0,"damage_taken":0.0},{"event_name":"Forgotten Altar","player_choice":"Smashed Altar","floor":20.0,"damage_taken":0.0},{"event_name":"Winding Halls","player_choice":"Writhe","floor":36.0,"damage_taken":0.0},{"event_name":"Tomb of Lord Red Mask","player_choice":"Ignored","floor":37.0,"damage_taken":0.0},{"event_name":"MindBloom","player_choice":"Upgrade","floor":39.0,"damage_taken":0.0},{"event_name":"Falling","player_choice":"Removed Attack","floor":45,"damage_taken":0}],"is_beta":false,"boss_relics":[{"not_picked":["Pandora\u0027s Box","Black Star"],"picked":"Cursed Key"},{"not_picked":["Busted Crown","Velvet Choker"],"picked":"Inserter"}],"items_purged_floors":[],"is_endless":false,"potions_floor_spawned":[3,8,11,12,13,31,33,40,41,48],"ascension_level":0}