{"gold_per_floor":[117,117,134,134,7,38,38,70,97,97,97,97,108,108,108,212,212,225,236,335,535,548,548],"floor_reached":23,"playtime":1485,"items_purged":["Strike_R"],"score":236,"play_id":"b7f57d12-b2ce-4dec-a39c-3c5da833b593","local_time":"20190213074307","is_ascension_mode":true,"campfire_choices":[{"floor":7,"key":"REST"},{"data":"Armaments","floor":12,"key":"SMITH"},{"data":"Offering","floor":15,"key":"SMITH"}],"neow_cost":"TEN_PERCENT_HP_LOSS","seed_source_timestamp":49728409171364,"circlet_count":0,"master_deck":["Strike_R+1","Strike_R+1","Defend_R","Defend_R+1","Defend_R","Bash+1","Rampage+1","Armaments+1","Offering+1","Impervious","True Grit"],"relics":["Black Blood","Regal Pillow","Lantern","Whetstone"],"potions_floor_usage":[6,23,23],"damage_taken":[{"damage":8,"enemies":"2 Louse","floor":1,"turns":2},{"damage":1,"enemies":"Cultist","floor":3,"turns":3},{"damage":32,"enemies":"Lagavulin","floor":6,"turns":4},{"damage":46,"enemies":"3 Sentries","floor":8,"turns":9},{"damage":6,"enemies":"Jaw Worm","floor":13,"turns":2},{"damage":18,"enemies":"Hexaghost","floor":16,"turns":8},{"damage":23,"enemies":"2 Thieves","floor":18,"turns":4},{"damage":15,"enemies":"3 Byrds","floor":19,"turns":6},{"damage":10,"enemies":"Snake Plant","floor":22,"turns":3},{"damage":60,"enemies":"Slavers","floor":23,"turns":6}],"seed_played":"-856123504532773742","potions_obtained":[{"floor":6,"key":"Weak Potion"},{"floor":8,"key":"PowerPotion"}],"is_trial":false,"path_per_floor":["M","?","M","?","$","E","R","E","T","?","?","R","M","?","R","B",null,"M","M","?","?","M","E"],"character_chosen":"IRONCLAD","items_purchased":["Dexterity Potion"],"campfire_rested":1,"item_purchase_floors":[5],"current_hp_per_floor":[70,70,72,58,58,32,68,28,28,52,52,52,52,52,52,40,72,59,54,54,54,54,0],"gold":548,"neow_bonus":"REMOVE_TWO","is_prod":false,"is_daily":false,"chose_seed":false,"campfire_upgraded":2,"win_rate":0,"timestamp":1550065387,"path_taken":["M","?","?","?","?","E","R","E","T","?","?","R","M","?","R","BOSS","M","M","?","?","M","E"],"build_version":"2019-02-06","purchased_purges":1,"victory":false,"max_hp_per_floor":[72,72,72,72,72,72,72,72,72,72,72,72,72,72,72,72,72,72,72,72,72,72,72],"card_choices":[{"not_picked":["Pommel Strike","Warcry","Feel No Pain"],"picked":"SKIP","floor":1},{"not_picked":["Body Slam","Bloodletting"],"picked":"Rampage","floor":3},{"not_picked":["Heavy Blade","Thunderclap"],"picked":"Armaments","floor":6},{"not_picked":["Power Through","Blood for Blood"],"picked":"Offering","floor":8},{"not_picked":["Flex","Pummel","Cleave"],"picked":"SKIP","floor":13},{"not_picked":["Bludgeon","Double Tap"],"picked":"Impervious","floor":16},{"not_picked":["Twin Strike","Anger","Body Slam"],"picked":"SKIP","floor":18},{"not_picked":["Thunderclap","Anger"],"picked":"True Grit","floor":19},{"not_picked":["Searing Blow","Iron Wave","Intimidate"],"picked":"SKIP","floor":22}],"player_experience":127601,"relics_obtained":[{"floor":6,"key":"Regal Pillow"},{"floor":8,"key":"Lantern"},{"floor":9,"key":"Whetstone"}],"event_choices":[{"damage_healed":0,"gold_gain":0,"player_choice":"Upgraded","damage_taken":0,"max_hp_gain":0,"max_hp_loss":0,"event_name":"Upgrade Shrine","floor":2,"gold_loss":0,"cards_upgraded":["Bash"]},{"damage_healed":0,"gold_gain":0,"player_choice":"Entered Light","damage_taken":14,"max_hp_gain":0,"max_hp_loss":0,"event_name":"Shining Light","floor":4,"gold_loss":0,"cards_upgraded":["Defend_R","Strike_R"]},{"damage_healed":24,"gold_gain":0,"player_choice":"Banana","damage_taken":0,"max_hp_gain":0,"max_hp_loss":0,"event_name":"Big Fish","floor":10,"gold_loss":0},{"damage_healed":0,"gold_gain":0,"player_choice":"Ignored","damage_taken":0,"max_hp_gain":0,"max_hp_loss":0,"event_name":"Liars Game","floor":11,"gold_loss":0},{"cards_removed":["Strike_R"],"damage_healed":0,"gold_gain":0,"player_choice":"Purged","damage_taken":0,"max_hp_gain":0,"max_hp_loss":0,"event_name":"Purifier","floor":14,"gold_loss":0},{"damage_healed":0,"gold_gain":99,"player_choice":"Stole From Cult","damage_taken":0,"max_hp_gain":0,"max_hp_loss":0,"event_name":"Nest","floor":20,"gold_loss":0},{"damage_healed":0,"gold_gain":200,"player_choice":"Gold","damage_taken":0,"max_hp_gain":0,"max_hp_loss":0,"event_name":"Wheel of Change","floor":21,"gold_loss":0}],"is_beta":true,"boss_relics":[{"not_picked":["Mark of Pain","Runic Dome"],"picked":"Black Blood"}],"items_purged_floors":[5],"is_endless":false,"potions_floor_spawned":[6,8],"killed_by":"Slavers","ascension_level":4}