{"gold_per_floor":[111,128,147,160,160,160,176,176,200,224,224,240,251,266,266,340,340,358,457,469,469,469,469,469],"floor_reached":24,"playtime":968,"items_purged":[],"score":323,"play_id":"b5de20ba-a1af-4cc2-818c-4108184856ad","local_time":"20180806135727","is_ascension_mode":true,"campfire_choices":[{"data":"Electrodynamics","floor":6,"key":"SMITH"},{"floor":8,"key":"REST"},{"floor":11,"key":"REST"},{"floor":15,"key":"REST"},{"floor":23,"key":"REST"}],"neow_cost":"NONE","seed_source_timestamp":1023449375349765,"circlet_count":0,"master_deck":["Strike_B","Strike_B","Strike_B","Strike_B","Defend_B","Defend_B","Defend_B","Defend_B","Zap","Dualcast","AscendersBane","Cold Snap","Blizzard","Redo","Force Field","Electrodynamics+1","Auto Shields","Self Repair","Genetic Algorithm","Compile Driver","Electrodynamics","Streamline"],"relics":["Busted Crown","Strawberry","Odd Mushroom","Cursed Key","Boot"],"potions_floor_usage":[7,16,16,18,24],"damage_taken":[{"damage":0,"enemies":"Cultist","floor":1,"turns":3},{"damage":3,"enemies":"Small Slimes","floor":2,"turns":3},{"damage":6,"enemies":"Jaw Worm","floor":3,"turns":4},{"damage":8,"enemies":"2 Fungi Beasts","floor":4,"turns":4},{"damage":15,"enemies":"Exordium Thugs","floor":7,"turns":2},{"damage":33,"floor":10,"turns":4},{"damage":35,"enemies":"Exordium Wildlife","floor":12,"turns":4},{"damage":11,"enemies":"Looter","floor":13,"turns":4},{"damage":0,"enemies":"3 Louse","floor":14,"turns":1},{"damage":38,"enemies":"Hexaghost","floor":16,"turns":12},{"damage":31,"enemies":"3 Byrds","floor":18,"turns":4},{"damage":29,"enemies":"Chosen","floor":20,"turns":5},{"damage":52,"floor":24,"turns":3}],"seed_played":"7825348944928228015","potions_obtained":[{"floor":4,"key":"SkillPotion"},{"floor":7,"key":"FocusPotion"},{"floor":14,"key":"GamblersBrew"},{"floor":16,"key":"AttackPotion"},{"floor":18,"key":"FocusPotion"},{"floor":20,"key":"Swift Potion"}],"is_trial":false,"path_per_floor":["M","M","M","M","?","R","M","R","T","?","R","M","M","M","R","B",null,"M","?","M","?","?","R"],"character_chosen":"DEFECT","items_purchased":[],"campfire_rested":4,"item_purchase_floors":[],"current_hp_per_floor":[64,61,55,47,47,47,32,53,60,27,50,22,18,18,41,10,61,37,37,15,15,15,38,0],"gold":469,"neow_bonus":"BOSS_RELIC","is_prod":false,"is_daily":false,"chose_seed":false,"campfire_upgraded":1,"win_rate":0,"timestamp":1533578247,"path_taken":["M","M","?","M","?","R","M","R","T","?","R","?","M","M","R","BOSS","M","?","?","?","?","R","?"],"build_version":"2018-08-02","purchased_purges":0,"victory":false,"max_hp_per_floor":[71,71,71,71,71,71,71,71,78,78,78,78,78,78,78,78,78,78,78,78,78,78,78,78],"card_choices":[{"not_picked":["Stack"],"picked":"SKIP","floor":1},{"not_picked":[],"picked":"Cold Snap","floor":2},{"not_picked":[],"picked":"Blizzard","floor":3},{"not_picked":[],"picked":"Redo","floor":4},{"not_picked":[],"picked":"Auto Shields","floor":7},{"not_picked":[],"picked":"Self Repair","floor":10},{"not_picked":["Beam Cell"],"picked":"SKIP","floor":12},{"not_picked":[],"picked":"Genetic Algorithm","floor":13},{"not_picked":[],"picked":"Compile Driver","floor":14},{"not_picked":[],"picked":"Electrodynamics","floor":16},{"not_picked":["Ball Lightning"],"picked":"SKIP","floor":18},{"not_picked":[],"picked":"Streamline","floor":20}],"player_experience":1457505,"relics_obtained":[{"floor":9,"key":"Strawberry"},{"floor":10,"key":"Odd Mushroom"}],"event_choices":[{"event_name":"Match and Keep!","player_choice":"2 cards matched","floor":5,"damage_taken":0},{"event_name":"Mushrooms","player_choice":"Fought Mushrooms","floor":10,"damage_taken":0},{"event_name":"Nest","player_choice":"Stole From Cult","floor":19,"damage_taken":0},{"event_name":"The Mausoleum","player_choice":"Yes","floor":21,"damage_taken":0},{"event_name":"Addict","player_choice":"Ignored","floor":22,"damage_taken":0},{"event_name":"Masked Bandits","player_choice":"Fought over 469 gold","floor":24,"damage_taken":0}],"is_beta":false,"boss_relics":[{"not_picked":["Snecko Eye","Black Star"],"picked":"Cursed Key"}],"items_purged_floors":[],"is_endless":false,"potions_floor_spawned":[4,7,14,16,18,20],"ascension_level":14}