{"gold_per_floor":[114,40,60,60,77,77,77,77,77,96,127,127,145,145,145,218,218,237,256,280,36,36],"floor_reached":22,"playtime":712,"items_purged":["Strike_R"],"score":340,"play_id":"bfed270e-505e-4c6e-a578-53153d2f54c8","local_time":"20190211150200","is_ascension_mode":true,"campfire_choices":[{"data":"Bash","floor":6,"key":"SMITH"},{"data":"True Grit","floor":8,"key":"SMITH"},{"floor":12,"key":"REST"},{"floor":15,"key":"REST"}],"neow_cost":"NONE","seed_source_timestamp":693957404072250,"circlet_count":0,"master_deck":["AscendersBane","Strike_R","Strike_R","Defend_R","Defend_R","Defend_R","Defend_R","Bash+1","Limit Break+1","Sword Boomerang","Evolve","True Grit+1","Limit Break","Clothesline","Thunderclap","Inflame","Immolate","Heavy Blade+1","Cleave"],"relics":["Burning Blood","Bronze Scales","Question Card","Happy Flower","Empty Cage","Bag of Preparation","Juzu Bracelet"],"potions_floor_usage":[11,11,16],"damage_taken":[{"damage":1,"enemies":"2 Louse","floor":1,"turns":3},{"damage":6,"enemies":"Cultist","floor":3,"turns":3},{"damage":12,"enemies":"Jaw Worm","floor":5,"turns":4},{"damage":4,"enemies":"2 Fungi Beasts","floor":10,"turns":4},{"damage":44,"enemies":"Lagavulin","floor":11,"turns":9},{"damage":15,"enemies":"3 Louse","floor":13,"turns":3},{"damage":48,"enemies":"Slime Boss","floor":16,"turns":9},{"damage":28,"enemies":"Chosen","floor":18,"turns":5},{"damage":33,"enemies":"Spheric Guardian","floor":19,"turns":5},{"damage":15,"enemies":"Snake Plant","floor":22,"turns":2}],"seed_played":"3642670316354801458","potions_obtained":[{"floor":3,"key":"SpeedPotion"},{"floor":5,"key":"SkillPotion"},{"floor":13,"key":"Weak Potion"},{"floor":18,"key":"Ancient Potion"}],"is_trial":false,"path_per_floor":["M","$","M","?","M","R","$","R","T","M","E","R","M","?","R","B",null,"M","M","T","$","M"],"character_chosen":"IRONCLAD","items_purchased":["Evolve","Juzu Bracelet"],"campfire_rested":2,"item_purchase_floors":[2,21],"current_hp_per_floor":[73,73,73,62,56,56,56,56,56,58,20,42,33,33,55,13,60,38,11,11,11,0],"gold":36,"neow_bonus":"ONE_RANDOM_RARE_CARD","is_prod":false,"is_daily":false,"chose_seed":false,"campfire_upgraded":2,"win_rate":0,"timestamp":1549915320,"path_taken":["M","$","M","?","M","R","$","R","T","M","E","R","M","?","R","BOSS","M","M","?","$","M"],"build_version":"2019-01-23","purchased_purges":1,"victory":false,"max_hp_per_floor":[75,75,75,75,75,75,75,75,75,75,75,75,75,75,75,75,75,75,75,75,75,75],"card_choices":[{"not_picked":["Wild Strike","Flex"],"picked":"Sword Boomerang","floor":1},{"not_picked":["Anger","Havoc"],"picked":"True Grit","floor":3},{"not_picked":["Headbutt","Havoc"],"picked":"Limit Break","floor":5},{"not_picked":["Twin Strike","Headbutt","Searing Blow"],"picked":"Clothesline","floor":10},{"not_picked":["Warcry","Battle Trance","Second Wind"],"picked":"Thunderclap","floor":11},{"not_picked":["Dropkick","Havoc","Headbutt"],"picked":"Inflame","floor":13},{"not_picked":["Double Tap","Brutality","Offering"],"picked":"Immolate","floor":16},{"not_picked":["Evolve","Shockwave+1","Thunderclap"],"picked":"Heavy Blade+1","floor":18},{"not_picked":["Thunderclap","Flex+1","Reckless Charge"],"picked":"Cleave","floor":19}],"player_experience":2399158,"relics_obtained":[{"floor":9,"key":"Question Card"},{"floor":11,"key":"Happy Flower"},{"floor":20,"key":"Bag of Preparation"}],"event_choices":[{"damage_healed":0,"gold_gain":0,"player_choice":"Success","damage_taken":11,"relics_obtained":["Bronze Scales"],"max_hp_gain":0,"max_hp_loss":0,"event_name":"Scrap Ooze","floor":4,"gold_loss":0},{"damage_healed":0,"gold_gain":0,"player_choice":"Upgraded","damage_taken":0,"max_hp_gain":0,"max_hp_loss":0,"event_name":"Upgrade Shrine","floor":14,"gold_loss":0,"cards_upgraded":["Limit Break"]}],"is_beta":false,"boss_relics":[{"not_picked":["Orrery","White Beast Statue"],"picked":"Empty Cage"}],"items_purged_floors":[21],"is_endless":false,"potions_floor_spawned":[3,5,13,18],"killed_by":"Snake Plant","ascension_level":17}