{"gold_per_floor":[110,121,121,46,57,91,91,117,117,137,172,172,95,112,112,217,217,231,244,244,244],"floor_reached":21,"playtime":1496,"items_purged":["Defend_G"],"score":279,"play_id":"4b5a28a5-a539-4353-8d2f-e722a31dc7e2","local_time":"20180705165730","is_ascension_mode":true,"campfire_choices":[{"floor":7,"key":"REST"},{"floor":12,"key":"REST"},{"floor":15,"key":"REST"}],"neow_cost":"","seed_source_timestamp":761363527566126,"circlet_count":0,"master_deck":["Defend_G","Defend_G","Defend_G","Defend_G","Strike_G","Strike_G","Strike_G","Strike_G","Strike_G","Survivor","Neutralize","Dash","Predator","Cloak And Dagger","Noxious Fumes","Dodge and Roll","Night Terror","Well Laid Plans","Prepared+1"],"relics":["Ring of the Snake","Tingsha","Gremlin Horn","Toolbox","Vajra","Fusion Hammer"],"potions_floor_usage":[6,11,16,21],"damage_taken":[{"damage":4,"enemies":"Jaw Worm","floor":1,"turns":4},{"damage":0,"enemies":"Small Slimes","floor":2,"turns":3},{"damage":0,"enemies":"2 Louse","floor":5,"turns":2},{"damage":30,"enemies":"Lagavulin","floor":6,"turns":7},{"damage":31,"enemies":"3 Sentries","floor":8,"turns":9},{"damage":3,"enemies":"Looter","floor":10,"turns":4},{"damage":22,"enemies":"Lagavulin","floor":11,"turns":9},{"damage":6,"enemies":"Red Slaver","floor":14,"turns":4},{"damage":13,"enemies":"The Guardian","floor":16,"turns":13},{"damage":13,"enemies":"Chosen","floor":18,"turns":6},{"damage":15,"enemies":"Shell Parasite","floor":19,"turns":8},{"damage":24,"enemies":"Centurion and Healer","floor":21,"turns":2}],"seed_played":"4315965302760804797","potions_obtained":[{"floor":2,"key":"AttackPotion"},{"floor":10,"key":"GhostInAJar"},{"floor":11,"key":"AttackPotion"},{"floor":18,"key":"AttackPotion"}],"is_trial":false,"path_per_floor":["M","M","?","$","M","E","R","E","T","M","E","R","$","M","R","B",null,"M","M","?"],"character_chosen":"THE_SILENT","items_purchased":["Noxious Fumes"],"campfire_rested":3,"item_purchase_floors":[13],"current_hp_per_floor":[59,59,70,70,70,40,61,30,30,27,5,26,26,20,41,28,60,47,32,16,0],"gold":244,"neow_bonus":"","is_prod":false,"is_daily":false,"chose_seed":false,"campfire_upgraded":0,"win_rate":0,"timestamp":1530827850,"path_taken":["M","M","?","$","M","E","R","E","T","M","E","R","?","M","R","BOSS","M","M","?","M"],"build_version":"2018-07-05","purchased_purges":1,"victory":false,"max_hp_per_floor":[70,70,70,70,70,70,70,70,70,70,70,70,70,70,70,70,70,70,70,70,70],"card_choices":[{"not_picked":["Underhanded Strike","Bane","Quick Slash"],"picked":"SKIP","floor":1},{"not_picked":["Cloak And Dagger","Riddle With Holes"],"picked":"Dash","floor":2},{"not_picked":["Dagger Spray","Endless Agony"],"picked":"Predator","floor":5},{"not_picked":["Outmaneuver","Masterful Stab"],"picked":"Cloak And Dagger","floor":6},{"not_picked":["Choke","Concentrate","Phantasmal Killer"],"picked":"SKIP","floor":8},{"not_picked":["Bane","Flying Knee","Sucker Punch"],"picked":"SKIP","floor":10},{"not_picked":["Masterful Stab","Infinite Blades","Bouncing Flask"],"picked":"SKIP","floor":11},{"not_picked":["Predator","Flying Knee"],"picked":"Dodge and Roll","floor":14},{"not_picked":["Unload","Wraith Form v2"],"picked":"Night Terror","floor":16},{"not_picked":["Infinite Blades","Backflip"],"picked":"Well Laid Plans","floor":18},{"not_picked":["Setup+1","Cloak And Dagger"],"picked":"Prepared+1","floor":19}],"player_experience":262165,"relics_obtained":[{"floor":6,"key":"Tingsha"},{"floor":8,"key":"Gremlin Horn"},{"floor":9,"key":"Toolbox"},{"floor":11,"key":"Vajra"}],"event_choices":[{"event_name":"Big Fish","player_choice":"Banana","floor":3,"damage_taken":0},{"event_name":"Cursed Tome","player_choice":"Obtained Book","floor":20,"damage_taken":0}],"boss_relics":[{"not_picked":["Ectoplasm","Pandora\u0027s Box"],"picked":"Fusion Hammer"}],"items_purged_floors":[4],"is_endless":false,"potions_floor_spawned":[2,10,11,18],"killed_by":"Centurion and Healer","ascension_level":8}