{"gold_per_floor":[119,134,134,148,165,165,182,60,60,60,73,87,102,112,112,208,208,218,218,235,235,235,235,150,150,150,164,164,17,27,27],"floor_reached":31,"playtime":1582,"items_purged":["Strike_R","Strike_R"],"score":280,"play_id":"4b423a53-d5c4-47bb-ab2a-631e87f42b67","local_time":"20180626220301","is_ascension_mode":true,"campfire_choices":[{"floor":6,"key":"REST"},{"data":"Body Slam","floor":15,"key":"SMITH"},{"floor":23,"key":"REST"},{"data":"Metallicize","floor":25,"key":"SMITH"},{"floor":28,"key":"REST"}],"neow_cost":"NONE","seed_source_timestamp":180489897616720,"circlet_count":0,"master_deck":["Strike_R","Strike_R+1","Strike_R","Defend_R","Defend_R","Defend_R","Defend_R","Bash","Body Slam+1","Shrug It Off+1","Body Slam+1","Cleave","Iron Wave","Armaments","Metallicize+1","Double Tap","Body Slam","Metallicize","Shrug It Off","Iron Wave"],"relics":["Burning Blood","NeowsBlessing","Darkstone Periapt","Sozu","Self Forming Clay","Ginger"],"potions_floor_usage":[7,16,16,21,27],"damage_taken":[{"damage":0,"enemies":"Jaw Worm","floor":1,"turns":1},{"damage":0,"enemies":"Small Slimes","floor":2,"turns":1},{"damage":0,"enemies":"Cultist","floor":4,"turns":1},{"damage":44,"enemies":"Exordium Thugs","floor":5,"turns":6},{"damage":2,"enemies":"2 Fungi Beasts","floor":7,"turns":4},{"damage":1,"enemies":"Lots of Slimes","floor":11,"turns":3},{"damage":0,"enemies":"Exordium Wildlife","floor":12,"turns":3},{"damage":9,"enemies":"Large Slime","floor":13,"turns":5},{"damage":0,"enemies":"2 Fungi Beasts","floor":14,"turns":3},{"damage":61,"enemies":"Slime Boss","floor":16,"turns":12},{"damage":2,"enemies":"Chosen","floor":18,"turns":5},{"damage":33,"enemies":"3 Byrds","floor":20,"turns":6},{"damage":0,"enemies":"Snecko","floor":21,"turns":1},{"damage":20,"enemies":"Centurion and Healer","floor":27,"turns":10},{"damage":9,"enemies":"Slaver and Parasite","floor":30,"turns":6},{"damage":93,"enemies":"Gremlin Leader","floor":31,"turns":7}],"seed_played":"1183194143851397656","potions_obtained":[{"floor":1,"key":"Block Potion"},{"floor":5,"key":"SmokeBomb"},{"floor":11,"key":"Strength Potion"},{"floor":12,"key":"SkillPotion"},{"floor":16,"key":"SpeedPotion"}],"is_trial":false,"path_per_floor":["M","M","?","M","M","R","M","$","T","?","M","M","M","M","R","B",null,"M","?","M","M","?","R","?","R","T","M","R","$","M"],"character_chosen":"IRONCLAD","items_purchased":["Iron Wave","Shrug It Off"],"campfire_rested":3,"item_purchase_floors":[8,29],"current_hp_per_floor":[80,80,64,70,32,56,60,60,60,60,65,71,68,74,74,19,80,80,80,53,59,51,75,75,75,75,61,80,80,77,0],"gold":27,"neow_bonus":"THREE_ENEMY_KILL","is_prod":false,"is_daily":false,"chose_seed":false,"campfire_upgraded":2,"win_rate":0,"timestamp":1530064981,"path_taken":["M","M","?","M","M","R","M","?","T","?","M","?","M","M","R","BOSS","M","?","?","M","?","R","?","R","T","?","R","?","M","E"],"build_version":"2018-06-21v2","purchased_purges":2,"victory":false,"max_hp_per_floor":[80,80,80,80,80,80,80,80,80,80,80,80,80,80,80,80,80,80,80,80,80,80,80,80,80,80,80,80,80,80,80],"card_choices":[{"not_picked":["Dropkick","Combust"],"picked":"Body Slam","floor":1},{"not_picked":["Thunderclap","Sword Boomerang"],"picked":"Shrug It Off","floor":2},{"not_picked":["Inflame","Combust"],"picked":"Body Slam","floor":4},{"not_picked":["Cleave","Evolve","Corruption"],"picked":"SKIP","floor":5},{"not_picked":["Evolve","Twin Strike"],"picked":"Cleave","floor":7},{"not_picked":["Berserk","Cleave","Clash"],"picked":"SKIP","floor":11},{"not_picked":["Headbutt","Sword Boomerang"],"picked":"Armaments","floor":12},{"not_picked":["Searing Blow","True Grit"],"picked":"Metallicize","floor":13},{"not_picked":["Havoc","Reckless Charge","Heavy Blade"],"picked":"SKIP","floor":14},{"not_picked":["Offering","Fiend Fire"],"picked":"Double Tap","floor":16},{"not_picked":["Inflame","Pummel+1","Headbutt"],"picked":"SKIP","floor":18},{"not_picked":["Clash","Fire Breathing"],"picked":"Metallicize","floor":20},{"not_picked":["Heavy Blade+1","Reckless Charge","True Grit+1"],"picked":"SKIP","floor":27},{"not_picked":["Anger","Clothesline"],"picked":"Iron Wave","floor":30}],"player_experience":807860,"relics_obtained":[{"floor":9,"key":"Darkstone Periapt"},{"floor":26,"key":"Ginger"}],"event_choices":[{"event_name":"Shining Light","player_choice":"Entered Light","floor":3,"damage_taken":0},{"event_name":"Accursed Blacksmith","player_choice":"Forge","floor":10,"damage_taken":0},{"event_name":"The Library","player_choice":"Read","floor":19,"damage_taken":0},{"event_name":"Knowing Skull","player_choice":"","floor":22,"damage_taken":0},{"event_name":"Addict","player_choice":"Obtained Relic","floor":24,"damage_taken":0}],"boss_relics":[{"not_picked":["Cursed Key","Black Star"],"picked":"Sozu"}],"items_purged_floors":[8,29],"is_endless":false,"potions_floor_spawned":[1,5,11,12,16,20,27],"killed_by":"Gremlin Leader","ascension_level":4}