{"gold_per_floor":[110,29,29,49,65,65,17,17,17,17,17,29,29,48,48,144,144,161,161,180,180,180],"floor_reached":22,"playtime":853,"items_purged":[],"score":209,"play_id":"6a0def6d-634f-45ae-a0cd-0eb87437e954","local_time":"20180627214010","is_ascension_mode":true,"campfire_choices":[{"data":"Juggernaut","floor":6,"key":"SMITH"},{"data":"Armaments","floor":8,"key":"SMITH"},{"data":"Heavy Blade","floor":11,"key":"SMITH"},{"floor":15,"key":"REST"}],"neow_cost":"NONE","seed_source_timestamp":266235314653535,"circlet_count":0,"master_deck":["Strike_R","Strike_R","Strike_R","Strike_R","Defend_R","Defend_R","Defend_R","Defend_R","Bash","Heavy Blade+1","Shrug It Off","Juggernaut+1","Flex","Armaments+1","Whirlwind","Body Slam","Double Tap","Heavy Blade","Decay","Iron Wave+1"],"relics":["Burning Blood","The Courier","Fusion Hammer"],"potions_floor_usage":[16,16,20,22],"damage_taken":[{"damage":6,"enemies":"2 Louse","floor":1,"turns":3},{"damage":16,"enemies":"Jaw Worm","floor":4,"turns":4},{"damage":7,"enemies":"Small Slimes","floor":5,"turns":4},{"damage":8,"enemies":"Blue Slaver","floor":12,"turns":5},{"damage":17,"enemies":"3 Louse","floor":14,"turns":2},{"damage":26,"enemies":"The Guardian","floor":16,"turns":10},{"damage":35,"enemies":"2 Thieves","floor":18,"turns":4},{"damage":18,"enemies":"Spheric Guardian","floor":20,"turns":4},{"damage":56,"enemies":"Snecko","floor":22,"turns":5}],"seed_played":"6953431791034781550","potions_obtained":[{"floor":5,"key":"Swift Potion"},{"floor":12,"key":"EssenceOfSteel"},{"floor":14,"key":"FearPotion"},{"floor":16,"key":"SpeedPotion"},{"floor":20,"key":"BloodPotion"}],"is_trial":false,"path_per_floor":["M","$","?","M","M","R","$","R","T","$","R","M","?","M","R","B",null,"M","?","M","?"],"character_chosen":"IRONCLAD","items_purchased":["Juggernaut","Armaments"],"campfire_rested":1,"item_purchase_floors":[2,7],"current_hp_per_floor":[80,80,80,70,69,69,69,69,69,69,69,67,60,49,73,53,80,51,51,39,39,0],"gold":180,"neow_bonus":"THREE_CARDS","is_prod":false,"is_daily":false,"chose_seed":false,"campfire_upgraded":3,"win_rate":0,"timestamp":1530150010,"path_taken":["M","$","?","M","M","R","$","R","T","?","R","M","?","M","R","BOSS","M","?","M","?","M"],"build_version":"2018-06-21v2","purchased_purges":0,"victory":false,"max_hp_per_floor":[80,80,80,80,80,80,80,80,80,80,80,80,80,80,80,80,80,80,80,80,80,80],"card_choices":[{"not_picked":["Havoc","True Grit"],"picked":"Heavy Blade","floor":0},{"not_picked":["Sword Boomerang","Searing Blow"],"picked":"Shrug It Off","floor":1},{"not_picked":["Clash","Dual Wield","Blood for Blood"],"picked":"SKIP","floor":4},{"not_picked":["Ghostly Armor","Anger"],"picked":"Flex","floor":5},{"not_picked":["Armaments","Headbutt"],"picked":"Whirlwind","floor":12},{"not_picked":["Cleave","Warcry"],"picked":"Body Slam","floor":14},{"not_picked":["Dark Embrace","Brutality"],"picked":"Double Tap","floor":16},{"not_picked":["Pommel Strike","Hemokinesis+1"],"picked":"Heavy Blade","floor":18},{"not_picked":["True Grit","Havoc"],"picked":"Iron Wave+1","floor":20}],"player_experience":823554,"relics_obtained":[{"floor":9,"key":"The Courier"}],"event_choices":[{"event_name":"Shining Light","player_choice":"Ignored","floor":3,"damage_taken":0},{"event_name":"Golden Wing","player_choice":"Card Removal","floor":13,"damage_taken":0},{"event_name":"Forgotten Altar","player_choice":"Smashed Altar","floor":19,"damage_taken":0},{"event_name":"Ghosts","player_choice":"Ignored","floor":21,"damage_taken":0}],"boss_relics":[{"not_picked":["White Beast Statue","Runic Dome"],"picked":"Fusion Hammer"}],"items_purged_floors":[],"is_endless":false,"potions_floor_spawned":[5,12,14,16,20],"killed_by":"Snecko","ascension_level":4}