{"path_per_floor":["M","$","?","M","M","R","M","?","T","M","$","?","M","M","R","B",null,"M","$","?","M","M","R","M","M","T","$","R","E"],"character_chosen":"THE_SILENT","items_purchased":["Caltrops","Leg Sweep","Noxious Fumes","Deadly Poison"],"gold_per_floor":[110,30,30,50,61,61,78,78,78,97,27,27,44,58,58,153,153,168,20,0,15,28,28,46,62,62,10,10,335,335],"floor_reached":30,"campfire_rested":3,"playtime":1776,"item_purchase_floors":[2,11,19,27],"current_hp_per_floor":[70,70,75,75,75,75,62,47,47,27,27,27,19,16,38,25,75,64,64,64,40,20,42,33,16,16,16,38,6,0],"items_purged":["Strike_G"],"gold":335,"score":256,"play_id":"41579c05-f0b4-495b-9db9-81eb825a9f79","local_time":"20180611125640","is_prod":false,"is_daily":false,"chose_seed":false,"is_ascension_mode":true,"campfire_upgraded":1,"win_rate":0,"timestamp":1528736200,"campfire_choices":[{"data":"Caltrops","floor":6,"key":"SMITH"},{"floor":15,"key":"REST"},{"floor":23,"key":"REST"},{"floor":28,"key":"REST"}],"path_taken":["M","$","?","M","?","R","M","?","T","M","$","?","?","?","R","BOSS","M","?","?","M","?","R","M","M","T","$","R","E","M"],"build_version":"2018-06-07v3","seed_source_timestamp":408762966978031,"purchased_purges":1,"victory":false,"master_deck":["Defend_G","Defend_G","Defend_G","Defend_G","Defend_G","Strike_G","Strike_G","Strike_G","Survivor+1","Neutralize+1","PiercingWail","Caltrops+1","Underhanded Strike","Bouncing Flask","Infinite Blades","Noxious Fumes","Leg Sweep","Envenom","Distraction","Bouncing Flask","After Image","Cloak And Dagger","Noxious Fumes","Noxious Fumes+1","Backflip+1","Crippling Poison","Flying Knee","Decay","Deadly Poison","Cloak And Dagger"],"max_hp_per_floor":[70,70,75,75,75,75,75,75,75,75,75,75,75,75,75,75,75,75,75,75,75,75,75,75,75,75,75,75,75,75],"relics":["Ring of the Snake","NeowsBlessing","Centennial Puzzle","Cursed Key","Pantograph","Old Coin"],"card_choices":[{"not_picked":["Escape Plan","Accuracy"],"picked":"PiercingWail","floor":1},{"not_picked":["Setup","Sucker Punch"],"picked":"Underhanded Strike","floor":4},{"not_picked":["Backflip","Night Terror"],"picked":"Bouncing Flask","floor":5},{"not_picked":["Riddle With Holes","Malaise"],"picked":"Infinite Blades","floor":7},{"not_picked":["Dagger Spray","Quick Slash"],"picked":"Noxious Fumes","floor":10},{"not_picked":["Dagger Throw","Bane"],"picked":"Distraction","floor":13},{"not_picked":["Setup","Infinite Blades"],"picked":"Bouncing Flask","floor":14},{"not_picked":["Night Terror","Envenom"],"picked":"After Image","floor":16},{"not_picked":["Sucker Punch","Deflect"],"picked":"Cloak And Dagger","floor":18},{"not_picked":["PiercingWail+1","Deflect"],"picked":"Noxious Fumes+1","floor":21},{"not_picked":["Sucker Punch","Deflect"],"picked":"Backflip+1","floor":22},{"not_picked":["Deflect","Dagger Spray"],"picked":"Crippling Poison","floor":24},{"not_picked":["Reflex","Skewer"],"picked":"Flying Knee","floor":25},{"not_picked":["Flechettes","Dagger Spray+1"],"picked":"Cloak And Dagger","floor":29}],"player_experience":483397,"potions_floor_usage":[14,14,14,16,16,16,25,29],"damage_taken":[{"damage":0,"enemies":"Jaw Worm","floor":1,"turns":1},{"damage":0,"enemies":"Small Slimes","floor":4,"turns":1},{"damage":0,"enemies":"Cultist","floor":5,"turns":1},{"damage":13,"enemies":"3 Louse","floor":7,"turns":2},{"damage":20,"enemies":"Looter","floor":10,"turns":3},{"damage":8,"enemies":"Lots of Slimes","floor":13,"turns":4},{"damage":3,"enemies":"Red Slaver","floor":14,"turns":5},{"damage":13,"enemies":"Slime Boss","floor":16,"turns":10},{"damage":11,"enemies":"Shell Parasite","floor":18,"turns":5},{"damage":24,"enemies":"2 Thieves","floor":21,"turns":5},{"damage":20,"enemies":"Snecko","floor":22,"turns":5},{"damage":9,"enemies":"Snake Plant","floor":24,"turns":5},{"damage":17,"enemies":"Cultist and Chosen","floor":25,"turns":7},{"damage":32,"enemies":"Gremlin Leader","floor":29,"turns":7},{"damage":7,"enemies":"Centurion and Healer","floor":30,"turns":1}],"relics_obtained":[{"floor":9,"key":"Centennial Puzzle"},{"floor":26,"key":"Pantograph"},{"floor":29,"key":"Old Coin"}],"event_choices":[{"event_name":"Big Fish","player_choice":"Donut","floor":3,"damage_taken":0},{"event_name":"Shining Light","player_choice":"Entered Light","floor":8,"damage_taken":0},{"event_name":"Transmorgrifier","player_choice":"Transform","floor":12,"damage_taken":0},{"event_name":"Masked Bandits","player_choice":"Paid Bandits 20 gold","floor":20,"damage_taken":0}],"boss_relics":[{"not_picked":["Astrolabe","White Beast Statue"],"picked":"Cursed Key"}],"items_purged_floors":[19],"potions_floor_spawned":[1,7,10,13,14,22,24],"seed_played":"-3872218650937618588","killed_by":"Centurion and Healer","ascension_level":1,"potions_obtained":[{"floor":1,"key":"Dexterity Potion"},{"floor":7,"key":"EntropicBrew"},{"floor":10,"key":"SteroidPotion"},{"floor":13,"key":"Ancient Potion"},{"floor":22,"key":"PowerPotion"},{"floor":24,"key":"Block Potion"}],"is_trial":false}