{"gold_per_floor":[119,43,61,74,89,123,123,141,441,454,485,504,504,536,536,640,640,657,657,582,169,169,203,219,19,44,44],"floor_reached":27,"playtime":1494,"items_purged":["Strike_R","Perfected Strike"],"score":278,"play_id":"f6ae25b8-71a0-4cdf-8d4f-2dc94113c675","local_time":"20190214235845","is_ascension_mode":true,"campfire_choices":[{"data":"Uppercut","floor":7.0,"key":"SMITH"},{"floor":13.0,"key":"REST"},{"data":"Armaments","floor":15.0,"key":"SMITH"}],"neow_cost":"TEN_PERCENT_HP_LOSS","seed_source_timestamp":26387952603384,"circlet_count":0,"master_deck":["Strike_R+1","Strike_R","Strike_R+1","Defend_R","Defend_R","Defend_R","Defend_R","Bash","Immolate","Uppercut+1","Inflame","Armaments+1","Shrug It Off","Metallicize","True Grit","Flame Barrier","Bludgeon","J.A.X.","Rupture","Writhe","Feed"],"special_seed":0,"relics":["Burning Blood","Art of War","Old Coin","Shuriken","Shovel","Mark of Pain","Bottled Lightning","Smiling Mask","Bronze Scales","Whetstone","Orichalcum"],"potions_floor_usage":[27],"damage_taken":[{"damage":0.0,"enemies":"2 Louse","floor":1.0,"turns":1.0},{"damage":7.0,"enemies":"Small Slimes","floor":3.0,"turns":2.0},{"damage":6.0,"enemies":"Jaw Worm","floor":4.0,"turns":3.0},{"damage":9.0,"enemies":"Blue Slaver","floor":5.0,"turns":2.0},{"damage":26.0,"enemies":"3 Sentries","floor":6.0,"turns":5.0},{"damage":23.0,"enemies":"Exordium Thugs","floor":8.0,"turns":4.0},{"damage":0.0,"enemies":"Lots of Slimes","floor":10.0,"turns":1.0},{"damage":14.0,"enemies":"Gremlin Nob","floor":11.0,"turns":3.0},{"damage":0.0,"enemies":"2 Fungi Beasts","floor":12.0,"turns":1.0},{"damage":10.0,"enemies":"3 Sentries","floor":14.0,"turns":5.0},{"damage":29.0,"enemies":"Hexaghost","floor":16.0,"turns":10.0},{"damage":12.0,"enemies":"Spheric Guardian","floor":18.0,"turns":4.0},{"damage":45,"enemies":"Gremlin Leader","floor":23,"turns":7},{"damage":18,"enemies":"Shell Parasite","floor":24,"turns":4},{"damage":18,"enemies":"Chosen and Byrds","floor":27,"turns":5}],"seed_played":"-7226172683921933167","potions_obtained":[{"floor":4.0,"key":"GamblersBrew"},{"floor":5.0,"key":"LiquidBronze"},{"floor":8.0,"key":"LiquidBronze"},{"floor":10.0,"key":"Energy Potion"},{"floor":16.0,"key":"Weak Potion"},{"floor":18.0,"key":"Dexterity Potion"},{"floor":23,"key":"AttackPotion"}],"is_trial":false,"path_per_floor":["M","$","M","M","M","E","R","M","T","M","E","M","R","E","R","B",null,"M","?","?","$","?","E","M","$","T","M"],"character_chosen":"IRONCLAD","items_purchased":["Uppercut","Bottled Lightning","Rupture","Whetstone"],"campfire_rested":1,"item_purchase_floors":[2,21,21,25],"current_hp_per_floor":[72,72,71,71,68,48,48,31,31,37,29,35,56,52,52,29,72,66,66,66,66,66,27,15,15,15,0],"gold":44,"neow_bonus":"THREE_RARE_CARDS","is_prod":false,"is_daily":false,"chose_seed":false,"campfire_upgraded":2,"win_rate":0,"timestamp":1550159925,"path_taken":["M","$","M","M","M","E","R","M","T","M","E","M","R","E","R","BOSS","M","?","?","$","?","E","M","?","T","?"],"build_version":"2019-01-23","purchased_purges":2,"victory":false,"max_hp_per_floor":[72,72,72,72,72,72,72,72,72,72,72,72,72,72,72,72,72,72,72,72,72,72,72,72,72,72,72],"card_choices":[{"not_picked":["Exhume","Juggernaut"],"picked":"Immolate","floor":0.0},{"not_picked":["True Grit","Power Through"],"picked":"Perfected Strike","floor":1.0},{"not_picked":["Cleave","Thunderclap","True Grit"],"picked":"SKIP","floor":3.0},{"not_picked":["Cleave","Heavy Blade"],"picked":"Inflame","floor":4.0},{"not_picked":["Combust","Thunderclap"],"picked":"Armaments","floor":5.0},{"not_picked":["Dark Embrace","Cleave"],"picked":"Shrug It Off","floor":6.0},{"not_picked":["Perfected Strike","Burning Pact","Second Wind"],"picked":"SKIP","floor":8.0},{"not_picked":["Bloodletting","Clothesline"],"picked":"Metallicize","floor":10.0},{"not_picked":["Sever Soul","Sword Boomerang"],"picked":"True Grit","floor":11.0},{"not_picked":["Twin Strike","Hemokinesis"],"picked":"Flame Barrier","floor":12.0},{"not_picked":["Rampage","Shrug It Off","Clash"],"picked":"SKIP","floor":14.0},{"not_picked":["Immolate","Dark Embrace"],"picked":"Bludgeon","floor":16.0},{"not_picked":["Clash+1","Flex+1","Iron Wave"],"picked":"SKIP","floor":18.0},{"not_picked":["Sever Soul","Shrug It Off"],"picked":"Feed","floor":23},{"not_picked":["Corruption","Clothesline","Perfected Strike"],"picked":"SKIP","floor":24}],"player_experience":139674,"relics_obtained":[{"floor":6.0,"key":"Art of War"},{"floor":9.0,"key":"Old Coin"},{"floor":11.0,"key":"Shuriken"},{"floor":14.0,"key":"Shovel"},{"floor":23,"key":"Bronze Scales"},{"floor":26,"key":"Orichalcum"}],"event_choices":[{"damage_healed":0.0,"max_hp_gain":0.0,"max_hp_loss":0.0,"gold_gain":0.0,"event_name":"Drug Dealer","player_choice":"Obtain J.A.X.","floor":19.0,"gold_loss":0.0,"damage_taken":0.0,"cards_obtained":["J.A.X."]},{"cards_removed":["Strike_R"],"damage_healed":0.0,"max_hp_gain":0.0,"max_hp_loss":0.0,"gold_gain":0.0,"event_name":"Beggar","player_choice":"Gave Gold","floor":20.0,"gold_loss":75.0,"damage_taken":0.0},{"damage_healed":0.0,"max_hp_gain":0.0,"max_hp_loss":0.0,"gold_gain":0.0,"event_name":"The Mausoleum","player_choice":"Opened","floor":22.0,"gold_loss":0.0,"damage_taken":0.0,"relics_obtained":["Smiling Mask"],"cards_obtained":["Writhe"]}],"is_beta":false,"boss_relics":[{"not_picked":["Snecko Eye","Sozu"],"picked":"Mark of Pain"}],"items_purged_floors":[21,25],"is_endless":false,"potions_floor_spawned":[4,5,8,10,16,18,23],"killed_by":"Chosen and Byrds","ascension_level":2}