{"gold_per_floor":[112,122,140,157,175,187,187,220,220,240,240,258,258,277,277,374,374,384,309],"floor_reached":19,"playtime":1026,"items_purged":[],"score":228,"play_id":"ac66f08a-640e-4587-bebb-275578d9e83b","local_time":"20180625160039","is_ascension_mode":true,"campfire_choices":[{"floor":7,"key":"REST"},{"floor":15,"key":"REST"}],"neow_cost":"NONE","seed_source_timestamp":72913863414076,"circlet_count":0,"master_deck":["Strike_B","Strike_B","Strike_B","Strike_B","Defend_B","Defend_B","Defend_B","Defend_B","Zap","Dualcast","Gash","Genetic Algorithm","Beam Cell","Hologram+1","Gash","BootSequence","Ball Lightning","Leap","Hologram","Cold Snap","Thunder Strike","Genetic Algorithm"],"relics":["Cracked Core","NeowsBlessing","Matryoshka","Potion Belt","Letter Opener","Pantograph","Cursed Key"],"potions_floor_usage":[8,14,19],"damage_taken":[{"damage":0,"enemies":"Cultist","floor":1,"turns":1},{"damage":0,"enemies":"Small Slimes","floor":2,"turns":1},{"damage":0,"enemies":"2 Louse","floor":3,"turns":1},{"damage":16,"enemies":"Gremlin Gang","floor":4,"turns":6},{"damage":9,"enemies":"2 Fungi Beasts","floor":5,"turns":3},{"damage":20,"enemies":"Large Slime","floor":6,"turns":5},{"damage":35,"enemies":"Lagavulin","floor":8,"turns":6},{"damage":13,"enemies":"Exordium Thugs","floor":10,"turns":4},{"damage":0,"enemies":"Blue Slaver","floor":12,"turns":3},{"damage":0,"enemies":"Gremlin Gang","floor":14,"turns":4},{"damage":49,"enemies":"Slime Boss","floor":16,"turns":10},{"damage":37,"enemies":"Shell Parasite","floor":18,"turns":5},{"damage":23,"enemies":"2 Thieves","floor":19,"turns":3}],"seed_played":"6421449107639551623","potions_obtained":[{"floor":4,"key":"Regen Potion"},{"floor":8,"key":"Strength Potion"},{"floor":16,"key":"Energy Potion"},{"floor":18,"key":"Ancient Potion"}],"is_trial":false,"path_per_floor":["M","M","M","M","M","M","R","E","T","M","?","M","?","M","R","B",null,"M"],"character_chosen":"DEFECT","items_purchased":[],"campfire_rested":2,"item_purchase_floors":[],"current_hp_per_floor":[68,68,68,52,43,23,45,22,22,9,9,9,9,9,31,7,58,21,0],"gold":309,"neow_bonus":"THREE_ENEMY_KILL","is_prod":false,"is_daily":false,"chose_seed":false,"campfire_upgraded":0,"win_rate":0,"timestamp":1529956839,"path_taken":["M","M","?","M","M","M","R","E","T","M","?","M","?","M","R","BOSS","M","?"],"build_version":"2018-06-21v2","purchased_purges":0,"victory":false,"max_hp_per_floor":[75,75,75,75,75,75,75,75,75,75,75,75,75,75,75,75,75,75,75],"card_choices":[{"not_picked":["Ball Lightning","Cold Snap"],"picked":"Gash","floor":1},{"not_picked":["Blizzard","Cold Snap"],"picked":"Genetic Algorithm","floor":2},{"not_picked":["Redo","Cold Snap"],"picked":"Beam Cell","floor":3},{"not_picked":["Sweeping Beam","Reinforced Body"],"picked":"Hologram","floor":4},{"not_picked":["Leap","FTL"],"picked":"Gash","floor":5},{"not_picked":["Hyperbeam","Sweeping Beam"],"picked":"BootSequence","floor":6},{"not_picked":["Hologram","Conserve Battery"],"picked":"Ball Lightning","floor":8},{"not_picked":["Cold Snap","Sweeping Beam"],"picked":"Leap","floor":10},{"not_picked":["Loop","Capacitor"],"picked":"Hologram","floor":12},{"not_picked":["White Noise","Recycle"],"picked":"Cold Snap","floor":14},{"not_picked":["Meteor Strike","Fission"],"picked":"Thunder Strike","floor":16},{"not_picked":["Streamline","Loop+1"],"picked":"Genetic Algorithm","floor":18}],"player_experience":754714,"relics_obtained":[{"floor":8,"key":"Matryoshka"},{"floor":9,"key":"Potion Belt"},{"floor":9,"key":"Letter Opener"}],"event_choices":[{"event_name":"Living Wall","player_choice":"Grow","floor":11,"damage_taken":0},{"event_name":"Dead Adventurer","player_choice":"Searched \u00271\u0027 times","floor":13,"damage_taken":0}],"boss_relics":[{"not_picked":["Eternal Feather","Inserter"],"picked":"Cursed Key"}],"items_purged_floors":[],"is_endless":false,"potions_floor_spawned":[4,8,10,16,18],"killed_by":"2 Thieves","ascension_level":6}