{"gold_per_floor":[114,1,1,16,16,46,61,61,61,76,106,106,81,111,111,211,211,226,226,226,241,256,256,256,286,286,286,301,178,178,193,193,293,293,308,308,323,254,254,284,284,284,284,284,284,299,314,339,339,339],"floor_reached":51,"playtime":2871,"items_purged":[],"score":1011,"play_id":"e11a2457-86f9-4272-bd1b-e6b861b2effc","local_time":"20180815155348","daily_mods":["Brewmaster","Binary","Hoarder"],"is_ascension_mode":false,"campfire_choices":[{"data":"Blur","floor":8,"key":"SMITH"},{"data":"Blur","floor":12,"key":"SMITH"},{"data":"Poisoned Stab","floor":15,"key":"SMITH"},{"data":"Envenom","floor":23,"key":"SMITH"},{"data":"Dagger Spray","floor":27,"key":"SMITH"},{"data":"Footwork","floor":30,"key":"SMITH"},{"data":"Footwork","floor":32,"key":"SMITH"},{"data":"Footwork","floor":41,"key":"SMITH"},{"data":"Underhanded Strike","floor":49,"key":"SMITH"}],"neow_cost":"","seed_source_timestamp":0,"circlet_count":0,"master_deck":["Survivor+1","Neutralize+1","Venomology+1","Venomology+1","Venomology+1","Venomology+1","Venomology+1","Venomology+1","Venomology+1","Venomology+1","Venomology+1","Venomology+1","Venomology+1","Venomology+1","Venomology+1","Venomology+1","Venomology+1","Blur+1","Blur+1","Blur+1","Well Laid Plans+1","Well Laid Plans+1","Well Laid Plans+1","Predator+1","Predator+1","Predator+1","Dagger Spray+1","Dagger Spray+1","Dagger Spray+1","Slice+1","Slice+1","Slice+1","Distraction+1","Distraction+1","Distraction+1","Poisoned Stab+1","Poisoned Stab+1","Poisoned Stab+1","Deflect+1","Deflect+1","Deflect+1","Riddle With Holes+1","Riddle With Holes+1","Riddle With Holes+1","Envenom+1","Envenom+1","Envenom+1","Prepared+1","Prepared+1","Prepared+1","Dagger Spray+1","Dagger Spray+1","Dagger Spray+1","Heel Hook+1","Heel Hook+1","Heel Hook+1","PiercingWail+1","PiercingWail+1","PiercingWail+1","Flechettes+1","Flechettes+1","Flechettes+1","Cloak And Dagger+1","Cloak And Dagger+1","Cloak And Dagger+1","Slice+1","Slice+1","Slice+1","Cloak And Dagger+1","Cloak And Dagger+1","Cloak And Dagger+1","Sucker Punch+1","Sucker Punch+1","Sucker Punch+1","Backflip+1","Backflip+1","Backflip+1","PiercingWail+1","PiercingWail+1","PiercingWail+1","Acrobatics+1","Acrobatics+1","Acrobatics+1","Terror+1","Terror+1","Terror+1","Flying Knee+1","Flying Knee+1","Flying Knee+1","Dodge and Roll+1","Dodge and Roll+1","Dodge and Roll+1","Footwork+1","Footwork+1","Footwork+1","Cloak And Dagger+1","Cloak And Dagger+1","Cloak And Dagger+1","Dagger Throw+1","Dagger Throw+1","Dagger Throw+1","Burst+1","Burst+1","Burst+1","Backflip+1","Backflip+1","Backflip+1","Sadistic Nature+1","Sadistic Nature+1","Sadistic Nature+1","Panache+1","Panache+1","Panache+1","Secret Weapon+1","Secret Weapon+1","Secret Weapon+1","Underhanded Strike+1","Underhanded Strike+1","Underhanded Strike+1","Calculated Gamble+1","Calculated Gamble+1","Calculated Gamble+1","Concentrate+1","Concentrate+1","Concentrate+1","Underhanded Strike+1","Underhanded Strike","Underhanded Strike","Terror+1","Terror+1","Terror+1","Backflip+1","Backflip+1","Backflip+1"],"special_seed":17758,"relics":["Ring of the Snake","White Beast Statue","Mercury Hourglass","Boot","Omamori","Tough Bandages","Pandora\u0027s Box","Singing Bowl","Du-Vu Doll","Bottled Flame","Cursed Key","Snake Skull","Gremlin Horn","Mark of the Bloom","Ginger"],"potions_floor_usage":[1,1,1,1,4,4,4,6,6,6,6,6,6,6,10,11,11,14,14,14,14,16,16,16,16,16,16,16,16,18,18,18,18,18,21,22,22,25,25,25,25,25,28,28,31,31,33,33,33,35,35,35,37,37,37,37,40,47,47,48,48,48,48,48,50,50,50,50,50,50,50],"damage_taken":[{"damage":2,"enemies":"2 Louse","floor":1,"turns":4},{"damage":0,"enemies":"Cultist","floor":4,"turns":5},{"damage":16,"enemies":"Lagavulin","floor":6,"turns":7},{"damage":2,"enemies":"Small Slimes","floor":7,"turns":2},{"damage":0,"enemies":"Exordium Wildlife","floor":10,"turns":2},{"damage":14,"enemies":"Gremlin Nob","floor":11,"turns":3},{"damage":0,"enemies":"3 Sentries","floor":14,"turns":3},{"damage":17,"enemies":"The Guardian","floor":16,"turns":8},{"damage":5,"enemies":"Spheric Guardian","floor":18,"turns":4},{"damage":0,"enemies":"2 Thieves","floor":21,"turns":3},{"damage":7,"enemies":"Snecko","floor":22,"turns":5},{"damage":0,"enemies":"Gremlin Leader","floor":25,"turns":7},{"damage":4,"enemies":"Centurion and Healer","floor":28,"turns":6},{"damage":9,"enemies":"Chosen and Byrds","floor":31,"turns":6},{"damage":25,"enemies":"Champ","floor":33,"turns":13},{"damage":13,"enemies":"Flame Bruiser 1 Orb","floor":35,"turns":6},{"damage":0,"enemies":"3 Darklings","floor":37,"turns":5},{"damage":19,"enemies":"2 Orb Walkers","floor":40,"turns":4},{"damage":0,"enemies":"4 Shapes","floor":46,"turns":3},{"damage":0,"enemies":"Transient","floor":47,"turns":5},{"damage":9,"floor":48,"turns":2},{"damage":8,"enemies":"Awakened One","floor":50,"turns":8}],"seed_played":"-5253540401406908364","potions_obtained":[{"floor":1,"key":"Fruit Juice"},{"floor":4,"key":"Poison Potion"},{"floor":6,"key":"SpeedPotion"},{"floor":10,"key":"Explosive Potion"},{"floor":16,"key":"GamblersBrew"},{"floor":18,"key":"Ancient Potion"},{"floor":21,"key":"Regen Potion"},{"floor":25,"key":"Energy Potion"},{"floor":40,"key":"SpeedPotion"},{"floor":48,"key":"EssenceOfSteel"}],"is_trial":false,"path_per_floor":["M","$","?","M","?","E","M","R","T","M","E","R","$","E","R","B",null,"M","$","T","M","M","R","?","E","T","R","M","$","R","M","R","B",null,"M","?","M","$","?","E","R","$","T","$","?","M","M","?","R","B"],"character_chosen":"THE_SILENT","items_purchased":["Well Laid Plans","Predator","Deflect","Footwork","Cloak And Dagger","Calculated Gamble"],"campfire_rested":0,"item_purchase_floors":[2,2,13,29,29,38],"current_hp_per_floor":[68,68,68,73,78,62,60,60,60,60,46,46,46,46,46,29,80,75,75,75,75,77,77,62,62,62,62,58,58,58,83,83,58,85,72,62,62,62,62,43,43,43,43,43,43,43,43,34,34,26],"gold":339,"neow_bonus":"","is_prod":false,"is_daily":true,"chose_seed":false,"campfire_upgraded":9,"win_rate":0,"timestamp":1534341228,"path_taken":["M","$","?","M","?","E","M","R","T","M","E","R","$","E","R","BOSS","M","$","?","M","M","R","?","E","T","R","M","$","R","M","R","BOSS","M","?","M","$","?","E","R","$","T","$","?","?","M","?","R","BOSS"],"build_version":"2018-08-09","purchased_purges":0,"victory":true,"max_hp_per_floor":[70,70,70,75,80,80,80,80,80,80,80,80,80,80,80,80,80,80,80,80,80,80,80,85,85,85,85,85,85,85,85,85,85,85,85,85,85,85,85,85,85,85,85,85,85,85,85,85,85,85],"card_choices":[{"not_picked":["Endless Agony"],"picked":"Blur","floor":1},{"not_picked":["Flying Knee"],"picked":"Dagger Spray","floor":4},{"not_picked":["Prepared"],"picked":"Slice","floor":6},{"not_picked":["Dagger Spray"],"picked":"Distraction","floor":7},{"not_picked":["Dagger Spray"],"picked":"Poisoned Stab","floor":10},{"not_picked":["Reflex","Expertise"],"picked":"SKIP","floor":11},{"not_picked":["All Out Attack"],"picked":"Riddle With Holes","floor":14},{"not_picked":["Night Terror"],"picked":"Envenom","floor":16},{"not_picked":["Slice"],"picked":"PiercingWail","floor":18},{"not_picked":["Underhanded Strike"],"picked":"Acrobatics","floor":21},{"not_picked":["Slice"],"picked":"Terror","floor":22},{"not_picked":["Envenom"],"picked":"Flying Knee","floor":25},{"not_picked":["Predator+1"],"picked":"Dodge and Roll","floor":28},{"not_picked":["Flying Knee"],"picked":"Dagger Throw","floor":31},{"not_picked":["Wraith Form v2"],"picked":"Burst","floor":33},{"not_picked":["Expertise+1"],"picked":"Backflip+1","floor":35},{"not_picked":["Blind"],"picked":"Sadistic Nature","floor":36},{"not_picked":["Enlightenment"],"picked":"Panache","floor":36},{"not_picked":["Swift Strike"],"picked":"Secret Weapon","floor":36},{"not_picked":["Dagger Spray"],"picked":"Underhanded Strike","floor":37},{"not_picked":["Dagger Spray"],"picked":"Concentrate","floor":40},{"not_picked":["Bane"],"picked":"Underhanded Strike","floor":46},{"not_picked":["Quick Slash"],"picked":"Terror+1","floor":47},{"not_picked":["Dagger Throw+1"],"picked":"Backflip+1","floor":48}],"player_experience":1326544,"relics_obtained":[{"floor":6,"key":"Mercury Hourglass"},{"floor":9,"key":"Boot"},{"floor":11,"key":"Omamori"},{"floor":14,"key":"Tough Bandages"},{"floor":20,"key":"Singing Bowl"},{"floor":25,"key":"Du-Vu Doll"},{"floor":26,"key":"Bottled Flame"},{"floor":40,"key":"Snake Skull"},{"floor":43,"key":"Gremlin Horn"},{"floor":48,"key":"Ginger"}],"event_choices":[{"event_name":"Living Wall","player_choice":"Grow","floor":3,"damage_taken":0},{"event_name":"Big Fish","player_choice":"Donut","floor":5,"damage_taken":0},{"event_name":"Forgotten Altar","player_choice":"Shed Blood","floor":24,"damage_taken":0},{"event_name":"SensoryStone","player_choice":"Memory 3","floor":36,"damage_taken":0},{"event_name":"Tomb of Lord Red Mask","player_choice":"Ignored","floor":39,"damage_taken":0},{"event_name":"MindBloom","player_choice":"Upgrade","floor":45,"damage_taken":0},{"event_name":"Mysterious Sphere","player_choice":"Fight","floor":48,"damage_taken":0}],"is_beta":false,"boss_relics":[{"not_picked":["Philosopher\u0027s Stone","Ectoplasm"],"picked":"Pandora\u0027s Box"},{"not_picked":["Runic Dome","Velvet Choker"],"picked":"Cursed Key"}],"items_purged_floors":[],"is_endless":false,"potions_floor_spawned":[1,4,6,7,10,11,14,16,18,21,22,25,28,31,33,35,37,40,46,47,48],"ascension_level":0}