{"gold_per_floor":[213,230,248,262,17,52,52,0,0,20,30,30,30,44,44,144,144,156,156,166,91,105,105,105],"floor_reached":24,"playtime":1500,"items_purged":["Strike_B"],"score":280,"play_id":"bec4513b-0643-4a9e-b5c2-0cab0e5282a8","local_time":"20180702163359","is_ascension_mode":true,"campfire_choices":[{"floor":7,"key":"REST"},{"floor":13,"key":"REST"},{"data":"Zap","floor":15,"key":"SMITH"},{"floor":23,"key":"REST"}],"neow_cost":"NONE","seed_source_timestamp":679135932939218,"circlet_count":0,"master_deck":["Defend_B","Defend_B","Defend_B","Zap+1","Dualcast","Beam Cell","Go for the Eyes","Streamline","Scrape","Beam Cell","Streamline","Gash","Coolheaded","BootSequence","Barrage","Echo Form","Electrodynamics+1","Tempest+1","Sunder","Gash","Coolheaded"],"relics":["Cracked Core","Art of War","Lantern","Astrolabe","Nilry\u0027s Codex"],"potions_floor_usage":[6,16,16,16,22],"damage_taken":[{"damage":6,"enemies":"Cultist","floor":1,"turns":3},{"damage":2,"enemies":"Jaw Worm","floor":2,"turns":3},{"damage":8,"enemies":"2 Louse","floor":3,"turns":2},{"damage":0,"enemies":"Large Slime","floor":4,"turns":4},{"damage":18,"enemies":"Gremlin Nob","floor":6,"turns":3},{"damage":0,"enemies":"2 Fungi Beasts","floor":10,"turns":2},{"damage":3,"enemies":"Exordium Wildlife","floor":11,"turns":3},{"damage":0,"enemies":"Blue Slaver","floor":14,"turns":3},{"damage":40,"enemies":"Hexaghost","floor":16,"turns":8},{"damage":32,"enemies":"2 Thieves","floor":18,"turns":4},{"damage":1,"enemies":"3 Byrds","floor":20,"turns":3},{"damage":4,"enemies":"Centurion and Healer","floor":22,"turns":6},{"damage":54,"enemies":"3 Cultists","floor":24,"turns":4}],"seed_played":"-2988148603537984884","potions_obtained":[{"floor":3,"key":"Weak Potion"},{"floor":6,"key":"LiquidBronze"},{"floor":11,"key":"Poison Potion"},{"floor":18,"key":"Block Potion"},{"floor":20,"key":"FearPotion"}],"is_trial":false,"path_per_floor":["M","M","M","M","$","E","R","$","T","M","M","?","R","M","R","B",null,"M","?","M","?","M","R"],"character_chosen":"DEFECT","items_purchased":["Beam Cell","Streamline","Fruit Juice","Coolheaded"],"campfire_rested":3,"item_purchase_floors":[5,5,5,8],"current_hp_per_floor":[62,60,52,52,52,39,63,63,63,63,60,53,77,77,77,37,69,37,21,20,20,30,54,0],"gold":105,"neow_bonus":"HUNDRED_GOLD","is_prod":false,"is_daily":false,"chose_seed":false,"campfire_upgraded":1,"win_rate":0,"timestamp":1530563639,"path_taken":["M","M","M","M","$","E","R","$","T","M","?","?","R","M","R","BOSS","M","?","M","?","?","R","M"],"build_version":"2018-06-28","purchased_purges":1,"victory":false,"max_hp_per_floor":[75,75,75,75,75,80,80,80,80,80,80,80,80,80,80,80,80,80,80,80,80,80,80,80],"card_choices":[{"not_picked":["Compile Driver","Fusion"],"picked":"Beam Cell","floor":1},{"not_picked":["Barrage","Turbo"],"picked":"Go for the Eyes","floor":2},{"not_picked":["Conserve Battery","Chaos"],"picked":"Streamline","floor":3},{"not_picked":["Steam Power","Leap"],"picked":"Scrape","floor":4},{"not_picked":["Steam","Melter"],"picked":"Gash","floor":6},{"not_picked":["Conserve Battery","Recycle"],"picked":"BootSequence","floor":10},{"not_picked":["Thunder Strike","Streamline"],"picked":"Barrage","floor":11},{"not_picked":["Rebound","Defragment","Redo"],"picked":"SKIP","floor":14},{"not_picked":["Creative AI","Reboot"],"picked":"Echo Form","floor":16},{"not_picked":["Loop","Doom and Gloom"],"picked":"Sunder","floor":18},{"not_picked":["Recycle","Redo"],"picked":"Gash","floor":20},{"not_picked":["Barrage","Consume"],"picked":"Coolheaded","floor":22}],"player_experience":923130,"relics_obtained":[{"floor":6,"key":"Art of War"},{"floor":9,"key":"Lantern"},{"floor":19,"key":"Nilry\u0027s Codex"}],"event_choices":[{"event_name":"Golden Wing","player_choice":"Card Removal","floor":12,"damage_taken":0},{"event_name":"Cursed Tome","player_choice":"Obtained Book","floor":19,"damage_taken":0},{"event_name":"Beggar","player_choice":"Gave Gold","floor":21,"damage_taken":0}],"boss_relics":[{"not_picked":["White Beast Statue","Velvet Choker"],"picked":"Astrolabe"}],"items_purged_floors":[5],"is_endless":false,"potions_floor_spawned":[3,6,11,18,20],"killed_by":"3 Cultists","ascension_level":8}