{"gold_per_floor":[110,127,127,138,150,178,178,193,216,247,247,6,6,41,41,113,113,124,124,124,124,124,124],"floor_reached":23,"playtime":1210,"items_purged":[],"score":406,"play_id":"30d4730c-cdc9-4eb3-859b-324526a77fe0","local_time":"20180707014721","is_ascension_mode":true,"campfire_choices":[{"floor":7,"key":"REST"},{"data":"Noxious Fumes","floor":11,"key":"SMITH"},{"floor":15,"key":"REST"}],"neow_cost":"","seed_source_timestamp":908393020985645,"circlet_count":0,"master_deck":["Defend_G+1","Defend_G+1","Defend_G+1","Defend_G+1","Defend_G+1","Strike_G+1","Strike_G+1","Strike_G+1","Strike_G+1","Strike_G+1","Survivor","Neutralize","AscendersBane","Dagger Throw","Predator","Well Laid Plans","Noxious Fumes+1","Sucker Punch","Cloak And Dagger+1","Cloak And Dagger","A Thousand Cuts","Underhanded Strike"],"relics":["Ring of the Snake","Vajra","Orichalcum","Regal Pillow","Kunai","Potion Belt","Snecko Eye"],"potions_floor_usage":[6,14,14,23],"damage_taken":[{"damage":0,"enemies":"2 Louse","floor":1,"turns":4},{"damage":0,"enemies":"Small Slimes","floor":2,"turns":4},{"damage":4,"enemies":"Jaw Worm","floor":4,"turns":5},{"damage":3,"enemies":"3 Louse","floor":5,"turns":5},{"damage":36,"enemies":"Gremlin Nob","floor":6,"turns":5},{"damage":0,"enemies":"Large Slime","floor":8,"turns":4},{"damage":8,"enemies":"3 Sentries","floor":10,"turns":8},{"damage":0,"enemies":"Gremlin Nob","floor":14,"turns":3},{"damage":41,"enemies":"Slime Boss","floor":16,"turns":9},{"damage":3,"enemies":"3 Byrds","floor":18,"turns":4},{"damage":61,"enemies":"Gremlin Leader","floor":23,"turns":7}],"seed_played":"6509344776278466438","potions_obtained":[{"floor":1,"key":"Weak Potion"},{"floor":2,"key":"Energy Potion"},{"floor":6,"key":"FearPotion"},{"floor":18,"key":"Poison Potion"}],"is_trial":false,"path_per_floor":["M","M","?","M","M","E","R","M","T","E","R","$","?","E","R","B",null,"M","?","?","?","$"],"character_chosen":"THE_SILENT","items_purchased":["Kunai"],"campfire_rested":2,"item_purchase_floors":[12],"current_hp_per_floor":[59,59,64,60,57,21,42,42,42,34,34,34,13,13,49,8,55,52,52,52,52,52,0],"gold":124,"neow_bonus":"","is_prod":false,"is_daily":false,"chose_seed":false,"campfire_upgraded":1,"win_rate":0,"timestamp":1530920841,"path_taken":["M","M","?","M","M","E","R","M","T","E","R","$","?","E","R","BOSS","M","?","?","?","$","E"],"build_version":"2018-07-05","purchased_purges":0,"victory":false,"max_hp_per_floor":[66,66,71,71,71,71,71,71,71,71,71,71,71,71,71,71,71,71,71,71,71,71,71],"card_choices":[{"not_picked":["Flechettes","Blur"],"picked":"Dagger Throw","floor":1},{"not_picked":["Eviscerate","Expertise"],"picked":"Predator","floor":2},{"not_picked":["PiercingWail","Flying Knee"],"picked":"Well Laid Plans","floor":4},{"not_picked":["Quick Slash","Acrobatics"],"picked":"Noxious Fumes","floor":5},{"not_picked":["Blade Dance","Phantasmal Killer","Accuracy"],"picked":"SKIP","floor":6},{"not_picked":["Deflect","PiercingWail"],"picked":"Sucker Punch","floor":8},{"not_picked":["Heel Hook","Prepared"],"picked":"Cloak And Dagger","floor":10},{"not_picked":["Quick Slash","Bane"],"picked":"Cloak And Dagger","floor":14},{"not_picked":["Wraith Form v2","Unload"],"picked":"A Thousand Cuts","floor":16},{"not_picked":["Bane","Slice+1"],"picked":"Underhanded Strike","floor":18}],"player_experience":987705,"relics_obtained":[{"floor":6,"key":"Vajra"},{"floor":9,"key":"Orichalcum"},{"floor":10,"key":"Regal Pillow"},{"floor":14,"key":"Potion Belt"}],"event_choices":[{"event_name":"Big Fish","player_choice":"Donut","floor":3,"damage_taken":0},{"event_name":"Shining Light","player_choice":"Entered Light","floor":13,"damage_taken":0},{"event_name":"Vampires","player_choice":"Ignored","floor":19,"damage_taken":0},{"event_name":"Back to Basics","player_choice":"Simplicity","floor":20,"damage_taken":0},{"event_name":"Ghosts","player_choice":"Ignored","floor":21,"damage_taken":0}],"boss_relics":[{"not_picked":["Empty Cage","Coffee Dripper"],"picked":"Snecko Eye"}],"items_purged_floors":[],"is_endless":false,"potions_floor_spawned":[1,2,4,6,18],"killed_by":"Gremlin Leader","ascension_level":15}