{"gold_per_floor":[112,131,131,145,161,188,188,198,198,198,214,214,214,230,230,230],"floor_reached":16,"playtime":1158,"items_purged":[],"score":104,"play_id":"fd259ab1-338d-4569-be7e-daace4f34b99","local_time":"20181102121405","is_ascension_mode":false,"campfire_choices":[{"floor":7,"key":"DIG"},{"floor":10,"key":"DIG"},{"floor":12,"key":"DIG"},{"floor":15,"key":"DIG"}],"neow_cost":"CURSE","seed_source_timestamp":2017919802155173,"circlet_count":0,"master_deck":["Strike_R","Strike_R","Strike_R+1","Strike_R+1","Strike_R","Defend_R","Defend_R","Defend_R","Defend_R","Bash","Doubt","Battle Trance","Sword Boomerang","Iron Wave","Clothesline","Shrug It Off","Metallicize","Armaments","Flame Barrier"],"relics":["Burning Blood","Shovel","Centennial Puzzle","Lantern","Pantograph","Whetstone","Self Forming Clay","Mummified Hand","Ancient Tea Set"],"potions_floor_usage":[5],"damage_taken":[{"damage":6,"enemies":"Cultist","floor":1,"turns":4},{"damage":1,"enemies":"2 Louse","floor":2,"turns":3},{"damage":3,"enemies":"Small Slimes","floor":4,"turns":3},{"damage":14,"enemies":"3 Louse","floor":5,"turns":4},{"damage":21,"enemies":"Gremlin Nob","floor":6,"turns":5},{"damage":16,"enemies":"Exordium Wildlife","floor":8,"turns":4},{"damage":0,"enemies":"2 Fungi Beasts","floor":11,"turns":4},{"damage":2,"enemies":"Blue Slaver","floor":14,"turns":4},{"damage":86,"enemies":"Hexaghost","floor":16,"turns":16}],"seed_played":"-8465701691303577952","potions_obtained":[{"floor":2,"key":"GamblersBrew"},{"floor":4,"key":"Weak Potion"}],"is_trial":false,"path_per_floor":["M","M","?","M","M","E","R","M","T","R","M","R","?","M","R","B"],"character_chosen":"IRONCLAD","items_purchased":[],"campfire_rested":0,"item_purchase_floors":[],"current_hp_per_floor":[80,80,80,80,72,57,57,47,47,47,53,53,58,62,62,0],"gold":230,"neow_bonus":"ONE_RARE_RELIC","is_prod":false,"is_daily":false,"chose_seed":false,"campfire_upgraded":0,"win_rate":0,"timestamp":1541175245,"path_taken":["M","?","?","M","?","E","R","M","T","R","M","R","?","M","R","BOSS"],"build_version":"2018-11-01","purchased_purges":0,"victory":false,"max_hp_per_floor":[80,80,80,80,80,80,80,80,80,80,80,80,85,85,85,85],"card_choices":[{"not_picked":["Power Through","Blood for Blood"],"picked":"Battle Trance","floor":1},{"not_picked":["Infernal Blade","Anger"],"picked":"Sword Boomerang","floor":2},{"not_picked":["Havoc","Reckless Charge"],"picked":"Iron Wave","floor":4},{"not_picked":["Cleave","Intimidate"],"picked":"Clothesline","floor":5},{"not_picked":["Heavy Blade","Sever Soul"],"picked":"Shrug It Off","floor":6},{"not_picked":["Rampage","Sword Boomerang"],"picked":"Metallicize","floor":8},{"not_picked":["Wild Strike","Anger"],"picked":"Armaments","floor":11},{"not_picked":["Clothesline","Pummel"],"picked":"Flame Barrier","floor":14}],"player_experience":1628455,"relics_obtained":[{"floor":6,"key":"Lantern"},{"floor":7,"key":"Pantograph"},{"floor":9,"key":"Whetstone"},{"floor":10,"key":"Self Forming Clay"},{"floor":12,"key":"Mummified Hand"},{"floor":15,"key":"Ancient Tea Set"}],"event_choices":[{"damage_healed":0,"gold_gain":0,"player_choice":"Gave Potion","damage_taken":0,"relics_obtained":["Centennial Puzzle"],"max_hp_gain":0,"max_hp_loss":0,"event_name":"WeMeetAgain","floor":3,"gold_loss":0},{"damage_healed":0,"gold_gain":0,"player_choice":"Donut","damage_taken":0,"max_hp_gain":5,"max_hp_loss":0,"event_name":"Big Fish","floor":13,"gold_loss":0}],"is_beta":false,"boss_relics":[],"items_purged_floors":[],"is_endless":false,"potions_floor_spawned":[2,4],"killed_by":"Hexaghost","ascension_level":0}