{"gold_per_floor":[119,135,10,10,26,54,54,54,54,69,69,95,114,189,189,286,286,305,325,425,425,350,350,360,360,360,360,370,370,382,398,398,498,498,513,532,542,542,542,575,575,607,631,644,20,88,104,117,117,117],"floor_reached":50,"playtime":2931,"items_purged":["Strike_R","Strike_R+1"],"score":564,"play_id":"e63e3a72-19a2-4d5f-9535-58277217e577","local_time":"20181102134422","is_ascension_mode":false,"campfire_choices":[{"data":"Bash","floor":8,"key":"SMITH"},{"data":"Disarm","floor":11,"key":"SMITH"},{"floor":15,"key":"REST"},{"data":"Immolate","floor":27,"key":"SMITH"},{"data":"Rage","floor":29,"key":"SMITH"},{"data":"Battle Trance","floor":32,"key":"SMITH"},{"data":"Pommel Strike","floor":41,"key":"SMITH"},{"data":"Strike_R+1","floor":49,"key":"PURGE"}],"neow_cost":"NONE","seed_source_timestamp":2021561691744342,"circlet_count":0,"master_deck":["Defend_R+1","Defend_R+1","Defend_R+1","Defend_R+1","Bash+1","Dropkick","Pommel Strike+1","Shrug It Off","Battle Trance+1","Cleave+1","Disarm+1","Iron Wave","Disarm","Immolate+1","Disarm","Intimidate","Shrug It Off","True Grit+1","Rage+1","Iron Wave+1","Impervious","Pummel","Rage","Ghostly Armor","Shrug It Off+1","Power Through"],"relics":["Burning Blood","Vajra","Mercury Hourglass","Bag of Preparation","Darkstone Periapt","Whetstone","Coffee Dripper","Thread and Needle","Sundial","Gremlin Horn","Lizard Tail","Smiling Mask","Peace Pipe","PreservedInsect","Ginger","ClockworkSouvenir","Kunai"],"potions_floor_usage":[20,33,42,50,50],"damage_taken":[{"damage":10,"enemies":"Cultist","floor":1,"turns":4},{"damage":6,"enemies":"Jaw Worm","floor":2,"turns":2},{"damage":4,"enemies":"2 Louse","floor":5,"turns":3},{"damage":8,"enemies":"Gremlin Nob","floor":6,"turns":3},{"damage":10,"enemies":"Looter","floor":10,"turns":2},{"damage":19,"enemies":"3 Sentries","floor":12,"turns":6},{"damage":7,"enemies":"2 Fungi Beasts","floor":13,"turns":3},{"damage":0,"enemies":"Slime Boss","floor":16,"turns":6},{"damage":5,"enemies":"Spheric Guardian","floor":18,"turns":3},{"damage":11,"enemies":"Shell Parasite","floor":19,"turns":3},{"damage":8,"enemies":"Colosseum Slavers","floor":20,"turns":2},{"damage":26,"enemies":"Colosseum Nobs","floor":20,"turns":4},{"damage":0,"enemies":"3 Cultists","floor":24,"turns":2},{"damage":0,"enemies":"Centurion and Healer","floor":28,"turns":4},{"damage":0,"enemies":"Snecko","floor":30,"turns":3},{"damage":0,"enemies":"Cultist and Chosen","floor":31,"turns":4},{"damage":6,"enemies":"Collector","floor":33,"turns":7},{"damage":0,"enemies":"3 Darklings","floor":35,"turns":2},{"damage":2,"enemies":"3 Shapes","floor":36,"turns":6},{"damage":13,"enemies":"Writhing Mass","floor":37,"turns":7},{"damage":6,"enemies":"Reptomancer","floor":40,"turns":5},{"damage":41,"enemies":"Nemesis","floor":42,"turns":9},{"damage":0,"enemies":"Transient","floor":44,"turns":5},{"damage":10,"enemies":"Sphere and 2 Shapes","floor":47,"turns":7},{"damage":21,"enemies":"Spire Growth","floor":48,"turns":7},{"damage":79,"enemies":"Donu and Deca","floor":50,"turns":8}],"seed_played":"6622107401058378678","potions_obtained":[{"floor":1,"key":"FearPotion"},{"floor":13,"key":"LiquidBronze"},{"floor":16,"key":"Swift Potion"},{"floor":30,"key":"SpeedPotion"},{"floor":31,"key":"FearPotion"},{"floor":33,"key":"Weak Potion"},{"floor":37,"key":"LiquidBronze"},{"floor":47,"key":"Fire Potion"}],"is_trial":false,"path_per_floor":["M","M","$","?","M","E","?","R","T","M","R","E","M","?","R","B",null,"M","M","?","?","?","?","M","?","T","R","M","R","M","M","R","B",null,"M","M","M","?","?","E","R","E","T","M","$","T","M","M","R","B"],"character_chosen":"IRONCLAD","items_purchased":["Shrug It Off","Ginger","ClockworkSouvenir","Ghostly Armor"],"campfire_rested":1,"item_purchase_floors":[3,45,45,45],"current_hp_per_floor":[76,76,76,76,78,76,73,73,73,69,69,56,55,44,68,74,80,80,75,53,53,53,53,59,80,80,80,80,80,80,80,80,80,80,80,80,73,73,73,73,73,38,38,44,44,44,40,25,25,0],"gold":117,"neow_bonus":"RANDOM_COMMON_RELIC","is_prod":false,"is_daily":false,"chose_seed":false,"campfire_upgraded":6,"win_rate":0,"timestamp":1541180662,"path_taken":["M","M","$","?","M","E","?","R","T","M","R","E","M","?","R","BOSS","M","M","?","?","?","?","M","?","T","R","M","R","M","M","R","BOSS","M","M","M","?","?","E","R","E","T","M","?","?","?","M","R","BOSS"],"build_version":"2018-11-01","purchased_purges":2,"victory":false,"max_hp_per_floor":[80,80,80,80,80,80,80,80,80,80,80,80,80,80,80,80,80,80,80,80,80,80,80,80,80,80,80,80,80,80,80,80,80,80,80,80,80,80,80,80,80,80,80,80,80,80,80,80,80,80],"card_choices":[{"not_picked":["Clash","Feel No Pain"],"picked":"Dropkick","floor":1},{"not_picked":["Headbutt","Clothesline"],"picked":"Pommel Strike","floor":2},{"not_picked":["Wild Strike","True Grit"],"picked":"Battle Trance","floor":5},{"not_picked":["Twin Strike","Reckless Charge"],"picked":"Cleave","floor":6},{"not_picked":["True Grit","Flex"],"picked":"Disarm","floor":10},{"not_picked":["Blood for Blood","Warcry"],"picked":"Iron Wave","floor":12},{"not_picked":["Armaments","Cleave"],"picked":"Disarm","floor":13},{"not_picked":["Double Tap","Bludgeon"],"picked":"Immolate","floor":16},{"not_picked":["Heavy Blade","Havoc+1"],"picked":"Disarm","floor":18},{"not_picked":["Heavy Blade","Perfected Strike"],"picked":"Intimidate","floor":19},{"not_picked":["Ghostly Armor","Clothesline"],"picked":"Shrug It Off","floor":20},{"not_picked":["Rampage","Shrug It Off"],"picked":"True Grit+1","floor":24},{"not_picked":["Perfected Strike","Body Slam"],"picked":"Rage","floor":28},{"not_picked":["Double Tap","Rampage"],"picked":"Iron Wave+1","floor":30},{"not_picked":["Warcry","Armaments","Body Slam"],"picked":"SKIP","floor":31},{"not_picked":["Bludgeon","Exhume"],"picked":"Impervious","floor":33},{"not_picked":["Armaments","Cleave","Carnage"],"picked":"SKIP","floor":35},{"not_picked":["Havoc+1","Burning Pact","Headbutt+1"],"picked":"SKIP","floor":36},{"not_picked":["Clothesline+1","Rage","Anger"],"picked":"SKIP","floor":37},{"not_picked":["Battle Trance+1","Evolve+1","Anger+1"],"picked":"SKIP","floor":40},{"not_picked":["Body Slam","Thunderclap+1"],"picked":"Pummel","floor":42},{"not_picked":["Sword Boomerang","Clash"],"picked":"Rage","floor":44},{"not_picked":["True Grit+1","Reckless Charge"],"picked":"Shrug It Off+1","floor":47},{"not_picked":["Sentinel","Body Slam"],"picked":"Power Through","floor":48}],"player_experience":1632038,"relics_obtained":[{"floor":6,"key":"Mercury Hourglass"},{"floor":9,"key":"Darkstone Periapt"},{"floor":12,"key":"Whetstone"},{"floor":20,"key":"Thread and Needle"},{"floor":20,"key":"Sundial"},{"floor":26,"key":"Gremlin Horn"},{"floor":40,"key":"Smiling Mask"},{"floor":42,"key":"Peace Pipe"},{"floor":43,"key":"PreservedInsect"},{"floor":46,"key":"Kunai"}],"event_choices":[{"damage_healed":0,"gold_gain":0,"player_choice":"Ignored","damage_taken":0,"max_hp_gain":0,"max_hp_loss":0,"event_name":"Golden Idol","floor":4,"gold_loss":0},{"damage_healed":0,"gold_gain":0,"player_choice":"Success","damage_taken":3,"relics_obtained":["Bag of Preparation"],"max_hp_gain":0,"max_hp_loss":0,"event_name":"Scrap Ooze","floor":7,"gold_loss":0},{"damage_healed":0,"gold_gain":75,"player_choice":"Gather Gold","damage_taken":11,"max_hp_gain":0,"max_hp_loss":0,"event_name":"World of Goop","floor":14,"gold_loss":0},{"damage_healed":0,"gold_gain":0,"player_choice":"Fight","damage_taken":0,"max_hp_gain":0,"max_hp_loss":0,"event_name":"Colosseum","floor":20,"gold_loss":0},{"damage_healed":0,"gold_gain":0,"player_choice":"Fought Nobs","damage_taken":0,"max_hp_gain":0,"max_hp_loss":0,"event_name":"Colosseum","floor":20,"gold_loss":0},{"damage_healed":0,"gold_gain":0,"player_choice":"Simplicity","damage_taken":0,"max_hp_gain":0,"max_hp_loss":0,"event_name":"Back to Basics","floor":21,"gold_loss":0,"cards_upgraded":["Strike_R","Strike_R","Strike_R","Defend_R","Defend_R","Defend_R","Defend_R"]},{"cards_removed":["Strike_R"],"damage_healed":0,"gold_gain":0,"player_choice":"Gave Gold","damage_taken":0,"max_hp_gain":0,"max_hp_loss":0,"event_name":"Beggar","floor":22,"gold_loss":75},{"damage_healed":0,"gold_gain":0,"player_choice":"Ignored","damage_taken":0,"max_hp_gain":0,"max_hp_loss":0,"event_name":"Ghosts","floor":23,"gold_loss":0},{"damage_healed":26,"gold_gain":0,"player_choice":"Heal","damage_taken":0,"max_hp_gain":0,"max_hp_loss":0,"event_name":"The Library","floor":25,"gold_loss":0},{"damage_healed":0,"gold_gain":0,"player_choice":"Memory 1","damage_taken":0,"max_hp_gain":0,"max_hp_loss":0,"event_name":"SensoryStone","floor":38,"gold_loss":0},{"cards_removed":["Strike_R"],"damage_healed":0,"gold_gain":0,"player_choice":"Removed Attack","damage_taken":0,"max_hp_gain":0,"max_hp_loss":0,"event_name":"Falling","floor":39,"gold_loss":0}],"is_beta":false,"boss_relics":[{"not_picked":["Ectoplasm","Eternal Feather"],"picked":"Coffee Dripper"},{"not_picked":["Black Star","Cursed Key"],"picked":"Lizard Tail"}],"items_purged_floors":[3,45],"is_endless":false,"potions_floor_spawned":[1,13,16,20,30,31,33,37,40,47,48],"killed_by":"Donu and Deca","ascension_level":0}