{"gold_per_floor":[115,125,144,144,159,159,194,210,210,223,223,236,255,271,271,370,370,386,54,54],"floor_reached":20,"playtime":1483,"items_purged":["Defend_R"],"score":225,"play_id":"8f1b5020-6b42-45a3-9b66-65a9fc2cbd94","local_time":"20180703230645","is_ascension_mode":true,"campfire_choices":[{"floor":6,"key":"REST"},{"data":"Rampage","floor":11,"key":"SMITH"},{"floor":15,"key":"REST"}],"neow_cost":"NONE","seed_source_timestamp":6755259049300,"circlet_count":0,"master_deck":["Strike_R","Strike_R","Strike_R","Strike_R","Strike_R","Defend_R","Defend_R","Defend_R","Bash","Impervious","Rampage+1","Dropkick","True Grit","Thunderclap","Rage","Warcry","Ghostly Armor","Second Wind","Rage","Fiend Fire","Shrug It Off"],"relics":["Burning Blood","Question Card","Gambling Chip","Paper Frog","Eternal Feather","Shuriken"],"potions_floor_usage":[7,8,12,16,16,20],"damage_taken":[{"damage":8,"enemies":"Jaw Worm","floor":1,"turns":4},{"damage":0,"enemies":"Small Slimes","floor":2,"turns":3},{"damage":6,"enemies":"Cultist","floor":3,"turns":3},{"damage":24,"enemies":"Exordium Thugs","floor":5,"turns":6},{"damage":34,"enemies":"Lagavulin","floor":7,"turns":7},{"damage":13,"enemies":"Blue Slaver","floor":8,"turns":4},{"damage":6,"enemies":"3 Louse","floor":10,"turns":4},{"damage":8,"enemies":"Large Slime","floor":12,"turns":5},{"damage":8,"enemies":"Exordium Wildlife","floor":13,"turns":5},{"damage":11,"enemies":"3 Louse","floor":14,"turns":4},{"damage":77,"enemies":"Hexaghost","floor":16,"turns":14},{"damage":46,"enemies":"Chosen","floor":18,"turns":7},{"damage":24,"enemies":"Shell Parasite","floor":20,"turns":4}],"seed_played":"-1491858195367255015","potions_obtained":[{"floor":1,"key":"FearPotion"},{"floor":7,"key":"AttackPotion"},{"floor":8,"key":"Fire Potion"},{"floor":13,"key":"Weak Potion"},{"floor":14,"key":"Regen Potion"},{"floor":16,"key":"LiquidBronze"},{"floor":18,"key":"Fire Potion"}],"is_trial":false,"path_per_floor":["M","M","M","?","M","R","E","M","T","M","R","M","M","M","R","B",null,"M","$"],"character_chosen":"IRONCLAD","items_purchased":["Shuriken"],"campfire_rested":2,"item_purchase_floors":[19],"current_hp_per_floor":[78,80,80,77,59,80,52,49,49,49,49,47,45,40,64,8,62,22,22,0],"gold":54,"neow_bonus":"ONE_RANDOM_RARE_CARD","is_prod":false,"is_daily":false,"chose_seed":false,"campfire_upgraded":1,"win_rate":0,"timestamp":1530673605,"path_taken":["M","M","M","?","M","R","E","M","T","M","R","M","M","M","R","BOSS","M","$","?"],"build_version":"2018-06-28","purchased_purges":1,"victory":false,"max_hp_per_floor":[80,80,80,80,80,80,80,80,80,80,80,80,80,80,80,80,80,80,80,80],"card_choices":[{"not_picked":["Havoc","Perfected Strike"],"picked":"Rampage","floor":1},{"not_picked":["Twin Strike","Perfected Strike"],"picked":"Dropkick","floor":2},{"not_picked":["Feel No Pain","Heavy Blade"],"picked":"True Grit","floor":3},{"not_picked":["Pommel Strike","Havoc","Dual Wield"],"picked":"Thunderclap","floor":5},{"not_picked":["Bludgeon","Reckless Charge","Havoc"],"picked":"Rage","floor":7},{"not_picked":["Flex","Rage","Searing Blow"],"picked":"Warcry","floor":8},{"not_picked":["Anger","Metallicize","Heavy Blade"],"picked":"Ghostly Armor","floor":10},{"not_picked":["Flame Barrier","Dual Wield","Iron Wave","Spot Weakness"],"picked":"SKIP","floor":12},{"not_picked":["Inflame","Rupture","Combust"],"picked":"Second Wind","floor":13},{"not_picked":["Sword Boomerang","Flame Barrier","Anger"],"picked":"Rage","floor":14},{"not_picked":["Bludgeon","Demon Form","Immolate"],"picked":"Fiend Fire","floor":16},{"not_picked":["Wild Strike","Clash","Burning Pact"],"picked":"Shrug It Off","floor":18}],"player_experience":947032,"relics_obtained":[{"floor":7,"key":"Gambling Chip"},{"floor":9,"key":"Paper Frog"}],"event_choices":[{"event_name":"Scrap Ooze","player_choice":"success","floor":4,"damage_taken":3}],"boss_relics":[{"not_picked":["Runic Pyramid","Ectoplasm"],"picked":"Eternal Feather"}],"items_purged_floors":[19],"is_endless":false,"potions_floor_spawned":[1,7,8,13,14,16,18],"killed_by":"Shell Parasite","ascension_level":5}