{"gold_per_floor":[112,132,132,132,147,172,172,184,240,240,240,240,315,18,18,121,121,107,107,7,7,25,25,25],"floor_reached":24,"playtime":685,"items_purged":["Strike_R","Strike_R"],"score":240,"play_id":"37cfa779-415e-4a9e-9dd6-8c8a67a22d4d","local_time":"20181226112111","is_ascension_mode":true,"campfire_choices":[{"data":"Searing Blow","floor":7.0,"key":"SMITH"},{"data":"Searing Blow+1","floor":10.0,"key":"SMITH"},{"data":"Searing Blow+2","floor":12.0,"key":"SMITH"},{"data":"Searing Blow+3","floor":15.0,"key":"SMITH"},{"data":"Searing Blow+4","floor":23,"key":"SMITH"}],"neow_cost":"NONE","seed_source_timestamp":38108438043724,"circlet_count":0,"master_deck":["Strike_R","Strike_R","Strike_R","Defend_R","Defend_R","Defend_R","Defend_R","Bash","Searing Blow+5","Iron Wave","Spot Weakness","Shrug It Off","Shockwave","Reaper"],"special_seed":0,"relics":["Burning Blood","NeowsBlessing","Dodecahedron","Centennial Puzzle","Tiny Chest","Singing Bowl","Orichalcum","Eternal Feather"],"potions_floor_usage":[],"damage_taken":[{"damage":0.0,"enemies":"Cultist","floor":1.0,"turns":1.0},{"damage":0.0,"enemies":"Small Slimes","floor":2.0,"turns":1.0},{"damage":0.0,"enemies":"Jaw Worm","floor":5.0,"turns":1.0},{"damage":25.0,"enemies":"Lagavulin","floor":6.0,"turns":5.0},{"damage":9.0,"enemies":"Red Slaver","floor":8.0,"turns":4.0},{"damage":39.0,"enemies":"Hexaghost","floor":16.0,"turns":9.0},{"damage":15,"enemies":"2 Thieves","floor":18,"turns":4},{"damage":6,"enemies":"Chosen","floor":22,"turns":4},{"damage":65,"enemies":"Book of Stabbing","floor":24,"turns":4}],"seed_played":"669816340125998835","potions_obtained":[{"floor":2.0,"key":"PowerPotion"},{"floor":5.0,"key":"Swift Potion"}],"is_trial":false,"path_per_floor":["M","M","?","T","M","E","R","M","T","R","T","R","?","$","R","B",null,"M","?","$","?","M","R","E"],"character_chosen":"IRONCLAD","items_purchased":["Shockwave","Orichalcum"],"campfire_rested":0,"item_purchase_floors":[14,14],"current_hp_per_floor":[80,80,77,77,80,61,61,58,58,58,58,58,47,47,47,14,64,61,53,53,53,55,61,0],"gold":25,"neow_bonus":"THREE_ENEMY_KILL","is_prod":false,"is_daily":false,"chose_seed":false,"campfire_upgraded":5,"win_rate":0,"timestamp":1545790871,"path_taken":["M","?","?","?","?","E","R","M","T","R","?","R","?","$","R","BOSS","M","?","?","?","M","R","E"],"build_version":"2018-12-20","purchased_purges":2,"victory":false,"max_hp_per_floor":[80,80,80,80,80,80,80,80,80,80,80,80,80,80,80,80,80,82,82,82,82,84,84,84],"card_choices":[{"not_picked":["Clash","Body Slam"],"picked":"Searing Blow","floor":1.0},{"not_picked":["Second Wind","Thunderclap"],"picked":"Iron Wave","floor":2.0},{"not_picked":["Rupture","Pummel"],"picked":"Spot Weakness","floor":5.0},{"not_picked":["Clash","Inflame"],"picked":"Shrug It Off","floor":6.0},{"not_picked":["Pommel Strike","Havoc","Power Through"],"picked":"SKIP","floor":8.0},{"not_picked":["Limit Break","Fiend Fire"],"picked":"Reaper","floor":16.0},{"not_picked":["Perfected Strike","Rupture","Iron Wave"],"picked":"Singing Bowl","floor":18},{"not_picked":["Havoc","Headbutt","Twin Strike"],"picked":"Singing Bowl","floor":22}],"player_experience":243564,"relics_obtained":[{"floor":6.0,"key":"Centennial Puzzle"},{"floor":9.0,"key":"Tiny Chest"},{"floor":11.0,"key":"Singing Bowl"}],"event_choices":[{"damage_healed":0.0,"max_hp_gain":0.0,"max_hp_loss":0.0,"gold_gain":0.0,"event_name":"Scrap Ooze","player_choice":"Success","floor":3.0,"gold_loss":0.0,"damage_taken":3.0,"relics_obtained":["Dodecahedron"]},{"damage_healed":0.0,"max_hp_gain":0.0,"max_hp_loss":0.0,"gold_gain":75.0,"event_name":"World of Goop","player_choice":"Gather Gold","floor":13.0,"gold_loss":0.0,"damage_taken":11.0},{"damage_healed":0,"gold_gain":0,"player_choice":"","damage_taken":8,"max_hp_gain":0,"max_hp_loss":0,"event_name":"Knowing Skull","floor":19,"potions_obtained":[],"gold_loss":0,"cards_obtained":[]},{"damage_healed":0,"gold_gain":0,"player_choice":"Ignored","damage_taken":0,"max_hp_gain":0,"max_hp_loss":0,"event_name":"Beggar","floor":21,"gold_loss":0}],"is_beta":false,"boss_relics":[{"not_picked":["Black Star","Runic Cube"],"picked":"Eternal Feather"}],"items_purged_floors":[14,20],"is_endless":false,"potions_floor_spawned":[2,5],"killed_by":"Book of Stabbing","ascension_level":5}