{"gold_per_floor":[113,133,133,143,67,67,101,116,116,131,131,149,149,149,149,226,226,238,264,13,13,31,31,51,69,143,143,143],"floor_reached":28,"playtime":1561,"items_purged":["Strike_B"],"score":429,"play_id":"7537b6b7-849b-43fc-8365-557422ad1082","local_time":"20190207180855","is_ascension_mode":true,"campfire_choices":[{"data":"Zap","floor":6,"key":"SMITH"},{"floor":13,"key":"REST"},{"floor":15,"key":"REST"},{"floor":23,"key":"REST"},{"floor":27,"key":"REST"}],"neow_cost":"TEN_PERCENT_HP_LOSS","seed_source_timestamp":358751299172496,"circlet_count":0,"master_deck":["AscendersBane","Strike_B","Strike_B","Strike_B","Defend_B","Defend_B","Defend_B","Defend_B","Zap+1","Dualcast","Machine Learning","White Noise+1","Leap","Electrodynamics","Go for the Eyes","BootSequence","Rebound","Sweeping Beam","Glacier","Go for the Eyes","Thunder Strike","Steam","Static Discharge","Chill","Glacier","Glacier","Storm+1","Barrage"],"relics":["Cracked Core","Lantern","Smiling Mask","Inserter","Red Mask","Blood Vial","Sundial"],"potions_floor_usage":[4,7,16,18,22],"damage_taken":[{"damage":2,"enemies":"Jaw Worm","floor":1,"turns":3},{"damage":12,"enemies":"Cultist","floor":2,"turns":4},{"damage":0,"enemies":"2 Louse","floor":4,"turns":2},{"damage":32,"enemies":"Gremlin Nob","floor":7,"turns":4},{"damage":1,"enemies":"Red Slaver","floor":8,"turns":3},{"damage":3,"enemies":"Blue Slaver","floor":10,"turns":4},{"damage":3,"enemies":"3 Louse","floor":12,"turns":2},{"damage":28,"enemies":"Slime Boss","floor":16,"turns":9},{"damage":3,"enemies":"3 Byrds","floor":18,"turns":2},{"damage":5,"enemies":"Masked Bandits","floor":19,"turns":3},{"damage":17,"enemies":"Chosen","floor":22,"turns":6},{"damage":21,"enemies":"Snake Plant","floor":24,"turns":6},{"damage":9,"enemies":"Shelled Parasite and Fungi","floor":25,"turns":7},{"damage":44,"enemies":"Colosseum Slavers","floor":28,"turns":3}],"seed_played":"4977381261229755244","potions_obtained":[{"floor":2,"key":"AttackPotion"},{"floor":4,"key":"PowerPotion"},{"floor":8,"key":"SpeedPotion"},{"floor":16,"key":"LiquidBronze"},{"floor":19,"key":"Poison Potion"},{"floor":22,"key":"Dexterity Potion"},{"floor":24,"key":"FearPotion"}],"is_trial":false,"path_per_floor":["M","M","?","M","$","R","E","M","T","M","?","M","R","?","R","B",null,"M","?","$","?","M","R","M","M","T","R","?"],"character_chosen":"DEFECT","items_purchased":["BootSequence","Blood Vial","Chill"],"campfire_rested":4,"item_purchase_floors":[5,20,20],"current_hp_per_floor":[62,50,50,50,50,50,18,17,17,14,14,11,30,30,49,21,53,50,45,45,45,30,49,30,23,23,42,0],"gold":143,"neow_bonus":"THREE_RARE_CARDS","is_prod":false,"is_daily":false,"chose_seed":false,"campfire_upgraded":1,"win_rate":0,"timestamp":1549580935,"path_taken":["M","M","?","M","$","R","E","M","T","?","?","?","R","?","R","BOSS","M","?","$","?","?","R","M","M","T","R","?"],"build_version":"2019-01-23","purchased_purges":1,"victory":false,"max_hp_per_floor":[64,64,64,64,64,64,64,64,64,64,64,64,64,64,64,64,64,64,64,64,64,64,64,64,64,64,64,64],"card_choices":[{"not_picked":["Hyperbeam","Core Surge"],"picked":"Machine Learning","floor":0},{"not_picked":["Cold Snap","Chaos"],"picked":"White Noise","floor":1},{"not_picked":["Scrape","Compile Driver"],"picked":"Leap","floor":2},{"not_picked":["Hologram","Compile Driver"],"picked":"Go for the Eyes","floor":4},{"not_picked":["Turbo","Self Repair"],"picked":"Rebound","floor":7},{"not_picked":["Multi-Cast","Redo"],"picked":"Sweeping Beam","floor":8},{"not_picked":["Static Discharge","Turbo"],"picked":"Glacier","floor":10},{"not_picked":["Streamline","Fusion"],"picked":"Go for the Eyes","floor":12},{"not_picked":["Hyperbeam","Electrodynamics"],"picked":"Thunder Strike","floor":16},{"not_picked":["Rebound","Blizzard"],"picked":"Steam","floor":18},{"not_picked":["Gash","Sunder+1"],"picked":"Static Discharge","floor":19},{"not_picked":["Conserve Battery","Turbo"],"picked":"Glacier","floor":22},{"not_picked":["Compile Driver","Heatsinks"],"picked":"Storm+1","floor":24},{"not_picked":["Hologram","Meteor Strike"],"picked":"Barrage","floor":25}],"player_experience":2336154,"relics_obtained":[{"floor":7,"key":"Lantern"},{"floor":9,"key":"Smiling Mask"},{"floor":19,"key":"Red Mask"},{"floor":26,"key":"Sundial"}],"event_choices":[{"damage_healed":0,"gold_gain":0,"player_choice":"1 cards matched","damage_taken":0,"max_hp_gain":0,"max_hp_loss":0,"event_name":"Match and Keep!","floor":3,"gold_loss":0,"cards_obtained":["Electrodynamics"]},{"damage_healed":0,"gold_gain":0,"player_choice":"Forge","damage_taken":0,"max_hp_gain":0,"max_hp_loss":0,"event_name":"Accursed Blacksmith","floor":11,"gold_loss":0,"cards_upgraded":["White Noise"]},{"damage_healed":0,"gold_gain":0,"player_choice":"Ignored","damage_taken":0,"max_hp_gain":0,"max_hp_loss":0,"event_name":"Shining Light","floor":14,"gold_loss":0},{"damage_healed":0,"gold_gain":0,"player_choice":"Fought Bandits","damage_taken":0,"max_hp_gain":0,"max_hp_loss":0,"event_name":"Masked Bandits","floor":19,"gold_loss":0},{"damage_healed":0,"gold_gain":0,"player_choice":"Copied","damage_taken":0,"max_hp_gain":0,"max_hp_loss":0,"event_name":"Duplicator","floor":21,"gold_loss":0,"cards_obtained":["Glacier"]},{"damage_healed":0,"gold_gain":0,"player_choice":"Fight","damage_taken":0,"max_hp_gain":0,"max_hp_loss":0,"event_name":"Colosseum","floor":28,"gold_loss":0}],"is_beta":false,"boss_relics":[{"not_picked":["White Beast Statue","Runic Dome"],"picked":"Inserter"}],"items_purged_floors":[20],"is_endless":false,"potions_floor_spawned":[2,4,8,16,19,22,24],"killed_by":"Colosseum Slavers","ascension_level":19}