{"gold_per_floor":[214,214,214,113,128,146,146,146,222,234,234,254,204,235,235,340,340,354,5,5,22,42,42,42,53,127,140,140,150,161,174,174,276,276,294,307,307,361,361,361,389,25,25,40,51,151,170,182,182,182,182,182,28,28],"floor_reached":54,"playtime":2904,"items_purged":["Strike_R","Strike_R"],"score":698,"play_id":"7829ee49-9f13-41ca-9204-30768dadb629","local_time":"20190111155012","is_ascension_mode":false,"campfire_choices":[{"data":"Havoc","floor":7,"key":"SMITH"},{"data":"Pommel Strike","floor":11,"key":"SMITH"},{"data":"Double Tap","floor":15,"key":"SMITH"},{"data":"Rampage","floor":23,"key":"SMITH"},{"data":"Clothesline","floor":28,"key":"SMITH"},{"data":"True Grit","floor":32,"key":"SMITH"},{"floor":40,"key":"REST"},{"floor":49,"key":"RECALL"},{"floor":52,"key":"DIG"}],"neow_cost":"NONE","seed_source_timestamp":214936586124919,"circlet_count":0,"master_deck":["Strike_R","Defend_R","Defend_R","Defend_R","Bash","Cleave","Havoc+1","Pommel Strike+1","Clash","Clothesline+1","Double Tap+1","Demon Form+1","Thunderclap","Rampage+1","Ghostly Armor","Shrug It Off","Corruption+1","True Grit+1","Metallicize+1","Headbutt+1","Fiend Fire","Power Through","Headbutt+1","Parasite","Warcry+1"],"relics":["Black Blood","Magic Flower","Frozen Egg 2","Sundial","Self Forming Clay","Pantograph","Busted Crown","Champion Belt","Bottled Tornado","HandDrill","Bag of Marbles","Shovel","Bottled Flame","Anchor"],"potions_floor_usage":[6,10,14,16,27,30,33,41,41,50,50,50],"damage_taken":[{"damage":2,"enemies":"Small Slimes","floor":1,"turns":4},{"damage":6,"enemies":"Cultist","floor":5,"turns":3},{"damage":7,"enemies":"2 Louse","floor":6,"turns":3},{"damage":0,"enemies":"Gremlin Gang","floor":10,"turns":3},{"damage":0,"enemies":"Looter","floor":12,"turns":1},{"damage":6,"enemies":"Gremlin Nob","floor":14,"turns":3},{"damage":38,"enemies":"Slime Boss","floor":16,"turns":11},{"damage":29,"enemies":"2 Thieves","floor":18,"turns":4},{"damage":10,"enemies":"Shell Parasite","floor":21,"turns":4},{"damage":22,"enemies":"Centurion and Healer","floor":22,"turns":5},{"damage":28,"enemies":"Snecko","floor":25,"turns":5},{"damage":22,"enemies":"3 Cultists","floor":27,"turns":4},{"damage":32,"enemies":"Snake Plant","floor":29,"turns":5},{"damage":9,"enemies":"Centurion and Healer","floor":30,"turns":6},{"damage":44,"enemies":"Sentry and Sphere","floor":31,"turns":8},{"damage":37,"enemies":"Champ","floor":33,"turns":12},{"damage":12,"enemies":"3 Shapes","floor":35,"turns":4},{"damage":28,"enemies":"3 Darklings","floor":36,"turns":8},{"damage":62,"enemies":"2 Orb Walkers","floor":38,"turns":6},{"damage":46,"enemies":"Reptomancer","floor":41,"turns":8},{"damage":8,"enemies":"Jaw Worm Horde","floor":44,"turns":4},{"damage":9,"enemies":"Writhing Mass","floor":45,"turns":6},{"damage":0,"enemies":"Mind Bloom Boss Battle","floor":46,"turns":8},{"damage":2,"enemies":"4 Shapes","floor":47,"turns":6},{"damage":12,"enemies":"Maw","floor":48,"turns":8},{"damage":97,"enemies":"Awakened One","floor":50,"turns":10},{"damage":87,"enemies":"Shield and Spear","floor":54,"turns":6}],"seed_played":"-3171927863113730759","potions_obtained":[{"floor":5,"key":"EntropicBrew"},{"floor":16,"key":"SkillPotion"},{"floor":21,"key":"Explosive Potion"},{"floor":22,"key":"Regen Potion"},{"floor":25,"key":"Strength Potion"},{"floor":30,"key":"SpeedPotion"},{"floor":31,"key":"Swift Potion"},{"floor":38,"key":"AttackPotion"},{"floor":44,"key":"Energy Potion"},{"floor":45,"key":"Strength Potion"},{"floor":46,"key":"PowerPotion"},{"floor":48,"key":"Regen Potion"}],"is_trial":false,"path_per_floor":["M","?","?","$","M","M","R","?","T","M","R","M","?","E","R","B",null,"M","$","?","M","M","R","?","M","T","M","R","M","M","M","R","B",null,"M","M","?","?","?","R","E","$","T","M","M","?","M","M","R","B",null,"R","$","E"],"character_chosen":"IRONCLAD","items_purchased":["Cleave","Self Forming Clay","HandDrill","Bag of Marbles","Anchor"],"campfire_rested":1,"item_purchase_floors":[4,19,42,42,53],"current_hp_per_floor":[80,85,85,85,85,85,85,85,85,85,85,85,85,85,85,56,85,71,71,71,76,69,69,69,56,56,49,49,32,62,33,33,49,85,85,72,72,25,25,50,19,19,19,26,32,85,85,85,85,27,85,85,85,0],"gold":28,"neow_bonus":"HUNDRED_GOLD","is_prod":false,"is_daily":false,"chose_seed":false,"campfire_upgraded":6,"win_rate":0,"timestamp":1547239812,"path_taken":["M","?","?","$","?","M","R","?","T","?","R","M","?","E","R","BOSS","M","$","?","M","M","R","?","M","T","M","R","?","?","M","R","BOSS","M","M","?","?","?","R","E","?","T","M","?","?","M","M","R","BOSS","R","$","E"],"build_version":"2019-01-10","purchased_purges":2,"victory":false,"max_hp_per_floor":[80,85,85,85,85,85,85,85,85,85,85,85,85,85,85,85,85,85,85,85,85,85,85,85,85,85,85,85,85,85,85,85,85,85,85,85,85,85,85,85,85,85,85,85,85,85,85,85,85,85,85,85,85,85],"card_choices":[{"not_picked":["Sword Boomerang","Seeing Red"],"picked":"Perfected Strike","floor":1},{"not_picked":["Searing Blow","Blood for Blood"],"picked":"Havoc","floor":5},{"not_picked":["Perfected Strike","Body Slam"],"picked":"Pommel Strike","floor":6},{"not_picked":["Wild Strike","Limit Break"],"picked":"Clash","floor":10},{"not_picked":["Perfected Strike","Searing Blow"],"picked":"Clothesline","floor":12},{"not_picked":["Dual Wield","Sword Boomerang"],"picked":"Double Tap","floor":14},{"not_picked":["Berserk+1","Limit Break"],"picked":"Demon Form+1","floor":16},{"not_picked":["Shrug It Off","Anger"],"picked":"Thunderclap","floor":18},{"not_picked":["Thunderclap","Dropkick"],"picked":"Rampage","floor":21},{"not_picked":["Battle Trance+1","Corruption+1"],"picked":"Ghostly Armor","floor":22},{"not_picked":["Reckless Charge","Pommel Strike"],"picked":"Shrug It Off","floor":25},{"not_picked":["Spot Weakness","Havoc"],"picked":"Corruption+1","floor":27},{"not_picked":["Blood for Blood","Warcry+1"],"picked":"True Grit","floor":29},{"not_picked":["Rampage","Offering"],"picked":"Metallicize+1","floor":30},{"not_picked":["Thunderclap","Sword Boomerang"],"picked":"Headbutt+1","floor":31},{"not_picked":["Juggernaut+1","Exhume"],"picked":"Fiend Fire","floor":33},{"not_picked":["Second Wind+1"],"picked":"SKIP","floor":35},{"not_picked":["Power Through"],"picked":"SKIP","floor":36},{"not_picked":[],"picked":"Power Through","floor":36},{"not_picked":[],"picked":"Headbutt+1","floor":41},{"not_picked":["Combust+1"],"picked":"SKIP","floor":44},{"not_picked":["Clothesline"],"picked":"SKIP","floor":45},{"not_picked":[],"picked":"Warcry+1","floor":47},{"not_picked":["Cleave"],"picked":"SKIP","floor":48}],"player_experience":2081573,"relics_obtained":[{"floor":9,"key":"Frozen Egg 2"},{"floor":14,"key":"Sundial"},{"floor":26,"key":"Pantograph"},{"floor":38,"key":"Champion Belt"},{"floor":41,"key":"Bottled Tornado"},{"floor":46,"key":"Shovel"},{"floor":52,"key":"Bottled Flame"}],"event_choices":[{"damage_healed":0,"gold_gain":0,"player_choice":"Donut","damage_taken":0,"max_hp_gain":5,"max_hp_loss":0,"event_name":"Big Fish","floor":2,"gold_loss":0},{"cards_removed":["Perfected Strike"],"damage_healed":0,"gold_gain":0,"player_choice":"Gave Card","damage_taken":0,"relics_obtained":["Magic Flower"],"max_hp_gain":0,"max_hp_loss":0,"event_name":"WeMeetAgain","floor":3,"gold_loss":0},{"damage_healed":0,"gold_gain":0,"player_choice":"Ignored","damage_taken":0,"max_hp_gain":0,"max_hp_loss":0,"event_name":"NoteForYourself","floor":8,"gold_loss":0},{"cards_removed":["Strike_R"],"damage_healed":0,"gold_gain":0,"player_choice":"Card Removal","damage_taken":0,"max_hp_gain":0,"max_hp_loss":0,"event_name":"The Cleric","floor":13,"gold_loss":50},{"damage_healed":0,"gold_gain":0,"player_choice":"Ignored","damage_taken":0,"max_hp_gain":0,"max_hp_loss":0,"event_name":"Vampires","floor":20,"gold_loss":0},{"cards_removed":["Strike_R"],"damage_healed":0,"gold_gain":0,"player_choice":"Card Removal","damage_taken":0,"max_hp_gain":0,"max_hp_loss":0,"event_name":"Wheel of Change","floor":24,"gold_loss":0},{"cards_removed":["Defend_R"],"damage_healed":0,"gold_gain":0,"player_choice":"Removed Skill","damage_taken":0,"max_hp_gain":0,"max_hp_loss":0,"event_name":"Falling","floor":37,"gold_loss":0},{"damage_healed":0,"gold_gain":0,"player_choice":"Fight","damage_taken":0,"max_hp_gain":0,"max_hp_loss":0,"event_name":"Mysterious Sphere","floor":38,"gold_loss":0},{"damage_healed":0,"gold_gain":0,"player_choice":"Memory 1","damage_taken":0,"max_hp_gain":0,"max_hp_loss":0,"event_name":"SensoryStone","floor":39,"gold_loss":0},{"damage_healed":0,"gold_gain":0,"player_choice":"Fight","damage_taken":0,"max_hp_gain":0,"max_hp_loss":0,"event_name":"MindBloom","floor":46,"gold_loss":0}],"is_beta":false,"boss_relics":[{"not_picked":["Eternal Feather","Orrery"],"picked":"Black Blood"},{"not_picked":["Astrolabe","Cursed Key"],"picked":"Busted Crown"}],"items_purged_floors":[4,19],"is_endless":false,"potions_floor_spawned":[5,16,21,22,25,30,31,38,44,45,46,48],"killed_by":"Shield and Spear","ascension_level":0}