{"gold_per_floor":[115,44,58,58,73,105,124,124,181,211,235,259,114,114,114,212,212,230,247,162,162,231,231,231,244,312,189,169,186,186,196,196,297,297,308,99,113,113,125,125,170,80,80,100,100,119,133,133,133,133],"floor_reached":50,"playtime":2781,"items_purged":["Strike_R","Strike_R"],"score":479,"play_id":"e665c547-1ca7-4fdc-83ce-dc7e58ea32f7","local_time":"20181213150918","is_ascension_mode":false,"campfire_choices":[{"data":"Bash","floor":8.0,"key":"SMITH"},{"floor":15.0,"key":"REST"},{"floor":23.0,"key":"RECALL"},{"data":"Pommel Strike","floor":30.0,"key":"SMITH"},{"floor":32.0,"key":"REST"},{"floor":40.0,"key":"REST"},{"floor":45,"key":"REST"},{"data":"Rage","floor":49,"key":"SMITH"}],"neow_cost":"NONE","seed_source_timestamp":67898108492325,"circlet_count":0,"master_deck":["Defend_R","Defend_R","Defend_R","Defend_R","Bash+1","Dropkick","Rage","Rage+1","Pommel Strike+1","Flash of Steel+1","Impervious","Dropkick","Thunderclap+1","Havoc+1","Thunderclap","Bandage Up+1","True Grit+1"],"special_seed":0,"relics":["Burning Blood","Centennial Puzzle","Anchor","Tiny Chest","MawBank","Sozu","Ancient Tea Set","Toxic Egg 2","Singing Bowl","Empty Cage","TheAbacus","Nunchaku","Mummified Hand"],"potions_floor_usage":[41],"damage_taken":[{"damage":10.0,"enemies":"Jaw Worm","floor":1.0,"turns":5.0},{"damage":0.0,"enemies":"Cultist","floor":3.0,"turns":2.0},{"damage":6.0,"enemies":"2 Louse","floor":5.0,"turns":2.0},{"damage":32.0,"enemies":"Gremlin Nob","floor":6.0,"turns":4.0},{"damage":3.0,"enemies":"Blue Slaver","floor":7.0,"turns":3.0},{"damage":41.0,"enemies":"Lagavulin","floor":10.0,"turns":8.0},{"damage":4.0,"enemies":"2 Fungi Beasts","floor":11.0,"turns":3.0},{"damage":0.0,"enemies":"Lots of Slimes","floor":12.0,"turns":5.0},{"damage":38.0,"enemies":"Hexaghost","floor":16.0,"turns":10.0},{"damage":2.0,"enemies":"Shell Parasite","floor":18.0,"turns":5.0},{"damage":5.0,"enemies":"Spheric Guardian","floor":19.0,"turns":4.0},{"damage":0.0,"enemies":"Centurion and Healer","floor":25.0,"turns":6.0},{"damage":18.0,"enemies":"Snake Plant","floor":29.0,"turns":5.0},{"damage":12.0,"enemies":"Sentry and Sphere","floor":31.0,"turns":4.0},{"damage":64.0,"enemies":"Collector","floor":33.0,"turns":13.0},{"damage":9.0,"enemies":"3 Darklings","floor":35.0,"turns":3.0},{"damage":21.0,"enemies":"3 Shapes","floor":37.0,"turns":3.0},{"damage":28.0,"enemies":"Transient","floor":39.0,"turns":5.0},{"damage":82,"enemies":"2 Orb Walkers","floor":41,"turns":7},{"damage":25,"enemies":"4 Shapes","floor":44,"turns":8},{"damage":8,"enemies":"Spire Growth","floor":46,"turns":5},{"damage":20,"enemies":"Transient","floor":47,"turns":5},{"damage":100,"enemies":"Donu and Deca","floor":50,"turns":10}],"seed_played":"-8016489964599217375","potions_obtained":[{"floor":3.0,"key":"SkillPotion"},{"floor":6.0,"key":"Weak Potion"},{"floor":7.0,"key":"FairyPotion"},{"floor":11.0,"key":"SneckoOil"}],"is_trial":false,"path_per_floor":["M","$","M","?","M","E","M","R","T","E","M","M","$","T","R","B",null,"M","M","?","?","T","R","?","M","T","$","?","M","R","M","R","B",null,"M","$","M","?","M","R","?","?","T","M","R","M","M","?","R","B"],"character_chosen":"IRONCLAD","items_purchased":["Dropkick","Flash of Steel","Havoc+1","TheAbacus"],"campfire_rested":4,"item_purchase_floors":[2,13,27,36],"current_hp_per_floor":[76,76,80,80,80,54,57,57,57,22,24,30,30,30,54,22,80,80,80,80,80,80,80,80,80,80,80,80,68,68,64,82,26,84,83,83,70,70,54,80,12,12,12,10,37,43,37,96,96,0],"gold":133,"neow_bonus":"REMOVE_CARD","is_prod":false,"is_daily":false,"chose_seed":false,"campfire_upgraded":3,"win_rate":0,"timestamp":1544731758,"path_taken":["M","$","M","?","?","E","M","R","T","E","M","M","$","?","R","BOSS","M","M","?","?","?","R","?","M","T","$","?","?","R","M","R","BOSS","M","$","M","?","M","R","?","?","T","M","R","M","?","?","R","BOSS"],"build_version":"2018-12-06","purchased_purges":2,"victory":false,"max_hp_per_floor":[80,80,80,80,80,80,80,80,80,80,80,80,80,80,80,80,80,80,80,80,80,80,80,80,80,80,80,80,80,80,82,82,84,84,86,86,88,88,88,88,90,90,90,92,92,94,96,96,96,96],"card_choices":[{"not_picked":["Shockwave","Seeing Red"],"picked":"Twin Strike","floor":1.0},{"not_picked":["Flex","Sword Boomerang"],"picked":"Battle Trance","floor":3.0},{"not_picked":["Perfected Strike","Power Through"],"picked":"Pummel","floor":5.0},{"not_picked":["Pummel","Heavy Blade"],"picked":"Rage","floor":6.0},{"not_picked":["Sword Boomerang","Clothesline","Berserk"],"picked":"SKIP","floor":7.0},{"not_picked":["Cleave","Twin Strike"],"picked":"Rage","floor":10.0},{"not_picked":["Entrench","Flex"],"picked":"Pommel Strike","floor":11.0},{"not_picked":["Evolve","Clothesline","Rupture"],"picked":"SKIP","floor":12.0},{"not_picked":["Offering","Feed"],"picked":"Impervious","floor":16.0},{"not_picked":["Pommel Strike+1","Iron Wave"],"picked":"Dropkick","floor":18.0},{"not_picked":["Warcry+1","Cleave","Entrench+1"],"picked":"SKIP","floor":19.0},{"not_picked":["Burning Pact+1","Heavy Blade"],"picked":"Thunderclap+1","floor":25.0},{"not_picked":["Double Tap+1","Twin Strike+1"],"picked":"Thunderclap","floor":29.0},{"not_picked":["Shrug It Off+1","Ghostly Armor+1","Blood for Blood"],"picked":"Singing Bowl","floor":31.0},{"not_picked":["Double Tap+1","Brutality","Offering+1"],"picked":"Singing Bowl","floor":33.0},{"not_picked":["Rampage+1","Ghostly Armor+1","Perfected Strike+1"],"picked":"Singing Bowl","floor":35.0},{"not_picked":["Headbutt","Perfected Strike+1","Infernal Blade+1"],"picked":"Singing Bowl","floor":37.0},{"not_picked":["Magnetism","Impatience+1"],"picked":"Bandage Up+1","floor":38.0},{"not_picked":["Armaments+1","Anger"],"picked":"True Grit+1","floor":39.0},{"not_picked":["Flex+1","Reckless Charge+1","Hemokinesis"],"picked":"Singing Bowl","floor":41},{"not_picked":["Wild Strike+1","Infernal Blade+1","Havoc+1"],"picked":"Singing Bowl","floor":44},{"not_picked":["Carnage+1","Wild Strike","Twin Strike"],"picked":"Singing Bowl","floor":46},{"not_picked":["Inflame+1","Clash","Sever Soul+1"],"picked":"Singing Bowl","floor":47}],"player_experience":1892387,"relics_obtained":[{"floor":6.0,"key":"Anchor"},{"floor":9.0,"key":"Tiny Chest"},{"floor":10.0,"key":"MawBank"},{"floor":22.0,"key":"Toxic Egg 2"},{"floor":26.0,"key":"Singing Bowl"},{"floor":41,"key":"Nunchaku"},{"floor":43,"key":"Mummified Hand"}],"event_choices":[{"damage_healed":0.0,"max_hp_gain":0.0,"max_hp_loss":0.0,"gold_gain":0.0,"event_name":"WeMeetAgain","player_choice":"Gave Potion","floor":4.0,"gold_loss":0.0,"damage_taken":0.0,"relics_obtained":["Centennial Puzzle"]},{"damage_healed":0.0,"max_hp_gain":0.0,"max_hp_loss":0.0,"gold_gain":0.0,"event_name":"Addict","player_choice":"Obtained Relic","floor":20.0,"gold_loss":85.0,"damage_taken":0.0,"relics_obtained":["Ancient Tea Set"]},{"cards_removed":["Strike_R"],"damage_healed":0.0,"max_hp_gain":0.0,"max_hp_loss":0.0,"gold_gain":0.0,"event_name":"Back to Basics","player_choice":"Elegance","floor":21.0,"gold_loss":0.0,"damage_taken":0.0},{"damage_healed":0.0,"max_hp_gain":0.0,"max_hp_loss":0.0,"gold_gain":0.0,"event_name":"Ghosts","player_choice":"Ignored","floor":24.0,"gold_loss":0.0,"damage_taken":0.0},{"damage_healed":0.0,"max_hp_gain":0.0,"max_hp_loss":0.0,"gold_gain":0.0,"event_name":"The Woman in Blue","player_choice":"Bought 1 Potion","floor":28.0,"gold_loss":0.0,"damage_taken":0.0},{"damage_healed":0.0,"max_hp_gain":0.0,"max_hp_loss":0.0,"gold_gain":0.0,"event_name":"SensoryStone","player_choice":"Memory 1","floor":38.0,"gold_loss":0.0,"damage_taken":0.0},{"damage_healed":0,"gold_gain":0,"player_choice":"Fight","damage_taken":0,"max_hp_gain":0,"max_hp_loss":0,"event_name":"Mysterious Sphere","floor":41,"gold_loss":0},{"cards_removed":["Battle Trance"],"damage_healed":0,"gold_gain":0,"player_choice":"Upgrade and Remove","damage_taken":0,"max_hp_gain":0,"max_hp_loss":0,"event_name":"Designer","floor":42,"gold_loss":90,"cards_upgraded":["Flash of Steel"]},{"cards_removed":["Pummel"],"damage_healed":59,"gold_gain":0,"player_choice":"Offered Uncommon","damage_taken":0,"max_hp_gain":0,"max_hp_loss":0,"event_name":"Bonfire Elementals","floor":48,"gold_loss":0}],"is_beta":false,"boss_relics":[{"not_picked":["Runic Dome","Astrolabe"],"picked":"Sozu"},{"not_picked":["Orrery","Lizard Tail"],"picked":"Empty Cage"}],"items_purged_floors":[13,27],"is_endless":false,"potions_floor_spawned":[3,6,7,11,18,25,35,41,46],"killed_by":"Donu and Deca","ascension_level":0}