{"path_per_floor":["M","?","M","M","$","R","E","R","T","?","?","$","?","E","R","B",null,"M","?","?","$","M","R","M"],"character_chosen":"DEFECT","items_purchased":["Gash","Doom and Gloom","Capacitor","Doom and Gloom+1"],"gold_per_floor":[117,192,211,224,61,61,96,96,96,96,96,22,22,55,55,157,157,174,174,99,25,35,35,55,55],"floor_reached":25,"campfire_rested":4,"playtime":1302,"item_purchase_floors":[5,5,12,21],"current_hp_per_floor":[68,57,57,54,54,75,37,59,59,59,59,59,47,40,62,29,75,52,52,52,52,35,57,45,0],"items_purged":["Strike_B"],"gold":55,"score":238,"play_id":"6a5392e0-5d2b-4604-88e2-5bed43012c6d","local_time":"20180608101428","is_prod":false,"is_daily":false,"chose_seed":false,"is_ascension_mode":true,"campfire_upgraded":0,"win_rate":0,"timestamp":1528467268,"campfire_choices":[{"floor":6,"key":"REST"},{"floor":8,"key":"REST"},{"floor":15,"key":"REST"},{"floor":23,"key":"REST"}],"path_taken":["M","?","M","?","$","R","E","R","T","?","?","$","?","E","R","BOSS","M","?","?","$","?","R","M","M"],"build_version":"2018-06-07","seed_source_timestamp":140340339461803,"purchased_purges":1,"victory":false,"master_deck":["Defend_B+1","Defend_B+1","Defend_B+1","Defend_B+1","Zap","Dualcast","Coolheaded","Turbo","Defragment","Redo","Gash","Doom and Gloom","Genetic Algorithm","Capacitor","BootSequence","Echo Form","Undo+1","Doom and Gloom+1","Self Repair+1","Glacier"],"max_hp_per_floor":[75,75,75,75,75,75,75,75,75,75,75,75,75,75,75,75,75,75,75,75,75,75,75,75,75],"relics":["Cracked Core","Meat on the Bone","Molten Egg 2","Peace Pipe","Orichalcum","Philosopher\u0027s Stone"],"card_choices":[{"not_picked":["Compile Driver","Hologram"],"picked":"Turbo","floor":1},{"not_picked":["Stack","Doom and Gloom"],"picked":"Defragment","floor":3},{"not_picked":["Streamline","Go for the Eyes"],"picked":"Redo","floor":4},{"not_picked":["Skim","Coolheaded"],"picked":"Genetic Algorithm","floor":7},{"not_picked":["Ball Lightning+1","Tempest"],"picked":"BootSequence","floor":14},{"not_picked":["Biased Cognition","Hyperbeam+1"],"picked":"Echo Form","floor":16},{"not_picked":["Barrage+1","Hologram"],"picked":"Undo+1","floor":18},{"not_picked":["Chaos","Leap"],"picked":"Self Repair+1","floor":22},{"not_picked":["Stack+1","Rebound+1"],"picked":"Glacier","floor":24}],"player_experience":410298,"potions_floor_usage":[18,22],"damage_taken":[{"damage":7,"enemies":"Jaw Worm","floor":1,"turns":3},{"damage":0,"enemies":"Small Slimes","floor":3,"turns":4},{"damage":3,"enemies":"2 Louse","floor":4,"turns":3},{"damage":38,"enemies":"Gremlin Nob","floor":7,"turns":4},{"damage":19,"enemies":"3 Sentries","floor":14,"turns":5},{"damage":45,"enemies":"Slime Boss","floor":16,"turns":9},{"damage":23,"enemies":"Shell Parasite","floor":18,"turns":7},{"damage":29,"enemies":"2 Thieves","floor":22,"turns":5},{"damage":34,"enemies":"Centurion and Healer","floor":24,"turns":8},{"damage":57,"enemies":"3 Cultists","floor":25,"turns":4}],"relics_obtained":[{"floor":7,"key":"Meat on the Bone"},{"floor":9,"key":"Molten Egg 2"},{"floor":14,"key":"Orichalcum"}],"event_choices":[{"event_name":"World of Goop","player_choice":"Gather Gold","floor":2,"damage_taken":0},{"event_name":"Bonfire Elementals","player_choice":"BASIC","floor":10,"damage_taken":0},{"event_name":"The Woman in Blue","player_choice":"Bought 0 Potions","floor":11,"damage_taken":0},{"event_name":"Scrap Ooze","player_choice":"success","floor":13,"damage_taken":12},{"event_name":"Back to Basics","player_choice":"Simplicity","floor":19,"damage_taken":0},{"event_name":"Beggar","player_choice":"Gave Gold","floor":20,"damage_taken":0}],"boss_relics":[{"not_picked":["White Beast Statue","Black Star"],"picked":"Philosopher\u0027s Stone"}],"items_purged_floors":[5],"potions_floor_spawned":[1,3,14,16,18],"seed_played":"-579479106348223538","killed_by":"3 Cultists","ascension_level":3,"potions_obtained":[{"floor":1,"key":"SteroidPotion"},{"floor":3,"key":"Ancient Potion"},{"floor":14,"key":"GamblersBrew"},{"floor":16,"key":"Block Potion"},{"floor":18,"key":"Poison Potion"}],"is_trial":false}