{"gold_per_floor":[114,131,144,155,107,107,138,138,138,173,173,193,213,213,213,308,308,320,335,353,94,94,94,94,34,34,34,34,34,34,34,34,34],"floor_reached":33,"playtime":888,"items_purged":["Strike_R"],"score":348,"play_id":"ce958809-f6f3-4988-afb0-21908fb9f554","local_time":"20181028204356","is_ascension_mode":true,"campfire_choices":[{"data":"Bash","floor":6,"key":"SMITH"},{"data":"Immolate","floor":8,"key":"SMITH"},{"data":"Whirlwind","floor":15,"key":"SMITH"},{"floor":23,"key":"REST"},{"data":"Apotheosis","floor":28,"key":"SMITH"},{"data":"Flame Barrier","floor":30,"key":"SMITH"},{"floor":32,"key":"REST"}],"neow_cost":"NONE","seed_source_timestamp":710834320169934,"circlet_count":0,"master_deck":["Strike_R","Strike_R","Strike_R","Strike_R","Defend_R","Defend_R","Defend_R","Defend_R","Bash+1","Wild Strike","Metallicize","Clothesline","Cleave","Immolate+1","Shrug It Off","Flex","Whirlwind+1","Double Tap","Flame Barrier+1","Apotheosis+1"],"relics":["Black Blood","Oddly Smooth Stone","Lantern","The Courier","Ice Cream","NlothsMask","Happy Flower"],"potions_floor_usage":[7,16,18,19,29],"damage_taken":[{"damage":0,"enemies":"Jaw Worm","floor":1,"turns":5},{"damage":0,"enemies":"Small Slimes","floor":2,"turns":3},{"damage":3,"enemies":"Cultist","floor":3,"turns":3},{"damage":3,"enemies":"Gremlin Gang","floor":4,"turns":6},{"damage":21,"enemies":"Gremlin Nob","floor":7,"turns":4},{"damage":8,"enemies":"3 Sentries","floor":10,"turns":3},{"damage":0,"enemies":"Blue Slaver","floor":12,"turns":4},{"damage":5,"enemies":"Exordium Thugs","floor":13,"turns":2},{"damage":0,"enemies":"Slime Boss","floor":16,"turns":5},{"damage":6,"enemies":"3 Byrds","floor":18,"turns":2},{"damage":18,"enemies":"Spheric Guardian","floor":19,"turns":7},{"damage":21,"enemies":"Snake Plant","floor":20,"turns":3},{"damage":10,"enemies":"Colosseum Slavers","floor":29,"turns":3},{"damage":119,"enemies":"Champ","floor":33,"turns":15}],"seed_played":"-6113203141712919065","potions_obtained":[{"floor":2,"key":"BloodPotion"},{"floor":4,"key":"LiquidBronze"},{"floor":10,"key":"Swift Potion"},{"floor":12,"key":"PowerPotion"},{"floor":19,"key":"Energy Potion"}],"is_trial":false,"path_per_floor":["M","M","M","M","?","R","E","R","T","E","?","M","M","?","R","B",null,"M","M","M","$","?","R","?","$","T","$","R","?","R","$","R"],"character_chosen":"IRONCLAD","items_purchased":["Apotheosis","Happy Flower"],"campfire_rested":2,"item_purchase_floors":[21,21],"current_hp_per_floor":[80,80,80,80,80,80,73,73,73,71,71,77,78,83,83,85,85,85,77,66,66,50,77,77,77,77,77,77,77,77,77,90,0],"gold":34,"neow_bonus":"RANDOM_COMMON_RELIC","is_prod":false,"is_daily":false,"chose_seed":false,"campfire_upgraded":5,"win_rate":0,"timestamp":1540777436,"path_taken":["M","M","M","M","?","R","E","R","T","E","?","M","M","?","R","BOSS","M","M","M","$","?","R","?","?","T","$","R","?","R","$","R","BOSS"],"build_version":"2018-10-25v2","purchased_purges":1,"victory":false,"max_hp_per_floor":[80,80,80,80,80,80,80,80,80,80,80,80,80,85,85,85,85,85,85,85,85,90,90,90,90,90,90,90,90,90,90,90,90],"card_choices":[{"not_picked":["Warcry","Thunderclap"],"picked":"Wild Strike","floor":1},{"not_picked":["Wild Strike","Cleave"],"picked":"Metallicize","floor":2},{"not_picked":["Pummel","Heavy Blade"],"picked":"Clothesline","floor":3},{"not_picked":["Clash","Corruption"],"picked":"Cleave","floor":4},{"not_picked":["Whirlwind","Shockwave"],"picked":"Immolate","floor":7},{"not_picked":["Seeing Red","Thunderclap"],"picked":"Shrug It Off","floor":10},{"not_picked":["Entrench","Warcry"],"picked":"Flex","floor":12},{"not_picked":["Pommel Strike","Combust"],"picked":"Whirlwind","floor":13},{"not_picked":["Bludgeon","Brutality"],"picked":"Double Tap","floor":16},{"not_picked":["Warcry","Uppercut"],"picked":"Flame Barrier","floor":18},{"not_picked":["Warcry","Hemokinesis","Clash+1"],"picked":"SKIP","floor":19},{"not_picked":["Thunderclap","Sword Boomerang+1","Clash"],"picked":"SKIP","floor":20}],"player_experience":482237,"relics_obtained":[{"floor":7,"key":"Lantern"},{"floor":9,"key":"The Courier"},{"floor":10,"key":"Ice Cream"}],"event_choices":[{"damage_healed":0,"gold_gain":0,"player_choice":"Left Gold","damage_taken":0,"max_hp_gain":0,"max_hp_loss":0,"event_name":"World of Goop","floor":5,"gold_loss":48},{"damage_healed":0,"gold_gain":0,"player_choice":"Trade","damage_taken":0,"relics_obtained":["NlothsMask"],"max_hp_gain":0,"max_hp_loss":0,"event_name":"FaceTrader","floor":11,"gold_loss":0},{"damage_healed":0,"gold_gain":0,"player_choice":"Donut","damage_taken":0,"max_hp_gain":5,"max_hp_loss":0,"event_name":"Big Fish","floor":14,"gold_loss":0},{"damage_healed":0,"gold_gain":0,"player_choice":"Shed Blood","damage_taken":21,"max_hp_gain":5,"max_hp_loss":0,"event_name":"Forgotten Altar","floor":22,"gold_loss":0},{"damage_healed":0,"gold_gain":0,"player_choice":"Ignored","damage_taken":0,"max_hp_gain":0,"max_hp_loss":0,"event_name":"Vampires","floor":24,"gold_loss":0},{"damage_healed":0,"gold_gain":0,"player_choice":"Fight","damage_taken":0,"max_hp_gain":0,"max_hp_loss":0,"event_name":"Colosseum","floor":29,"gold_loss":0},{"damage_healed":0,"gold_gain":0,"player_choice":"Fled From Nobs","damage_taken":0,"max_hp_gain":0,"max_hp_loss":0,"event_name":"Colosseum","floor":29,"gold_loss":0}],"is_beta":true,"boss_relics":[{"not_picked":["Empty Cage","Tiny House"],"picked":"Black Blood"}],"items_purged_floors":[25],"is_endless":false,"potions_floor_spawned":[2,4,10,12,19],"killed_by":"Champ","ascension_level":3}