{"path_per_floor":["M","?","M","?","M","R","E","R","T","R","$","T","R","E","R","B",null,"M","M","?","?","$","R","?","R","T","R","?","R","$","M","R"],"character_chosen":"IRONCLAD","items_purchased":["Offering","Shrug It Off","Good Instincts"],"gold_per_floor":[114,114,129,129,147,147,186,186,186,186,23,49,49,87,87,207,207,227,241,164,164,115,115,115,115,139,139,139,139,35,54,54,54],"floor_reached":33,"campfire_rested":6,"playtime":1315,"item_purchase_floors":[11,22,30],"current_hp_per_floor":[77,77,75,55,49,73,42,66,66,66,66,66,66,37,61,19,80,49,40,40,40,40,64,48,72,72,72,72,72,72,57,80,0],"items_purged":[],"gold":54,"score":284,"play_id":"cc158924-3c97-4b8a-a162-459e361215ec","local_time":"20180611075213","is_prod":false,"is_daily":false,"chose_seed":false,"is_ascension_mode":true,"campfire_upgraded":4,"win_rate":0,"timestamp":1528717933,"campfire_choices":[{"floor":6,"key":"REST"},{"floor":8,"key":"REST"},{"data":"Perfected Strike","floor":10,"key":"SMITH"},{"data":"Searing Blow","floor":13,"key":"SMITH"},{"floor":15,"key":"REST"},{"floor":23,"key":"REST"},{"floor":25,"key":"REST"},{"data":"Shrug It Off","floor":27,"key":"SMITH"},{"data":"Searing Blow+1","floor":29,"key":"SMITH"},{"floor":32,"key":"REST"}],"path_taken":["M","?","M","?","M","R","E","R","T","R","$","?","R","E","R","BOSS","M","M","?","?","$","R","?","R","T","R","?","R","$","M","R","BOSS"],"build_version":"2018-06-07v3","seed_source_timestamp":390958364937033,"purchased_purges":0,"victory":false,"master_deck":["Strike_R","Strike_R","Strike_R","Strike_R","Strike_R","Defend_R","Defend_R","Defend_R","Bash","Cleave","Searing Blow+2","Perfected Strike+1","Pummel","Offering","Anger","Double Tap","Iron Wave","Twin Strike","J.A.X.","Shrug It Off+1","Intimidate","Good Instincts","Armaments","Twin Strike"],"max_hp_per_floor":[80,80,80,80,80,80,80,80,80,80,80,80,80,80,80,80,80,80,80,80,80,80,80,80,80,80,80,80,80,80,80,80,80],"relics":["Burning Blood","Art of War","Golden Idol","Blue Candle","Ancient Tea Set","Bag of Preparation","Juzu Bracelet","Runic Cube","Enchiridion","Dream Catcher"],"card_choices":[{"not_picked":["Pommel Strike","True Grit"],"picked":"Cleave","floor":1},{"not_picked":["Sword Boomerang","Spot Weakness"],"picked":"Searing Blow","floor":3},{"not_picked":["Twin Strike","Havoc"],"picked":"Perfected Strike","floor":5},{"not_picked":["Clothesline","Second Wind"],"picked":"Pummel","floor":7},{"not_picked":["Sever Soul","Offering"],"picked":"Anger","floor":14},{"not_picked":["Fiend Fire","Bludgeon"],"picked":"Double Tap","floor":16},{"not_picked":["Pummel","Heavy Blade+1"],"picked":"Iron Wave","floor":18},{"not_picked":["Combust","Havoc"],"picked":"Twin Strike","floor":19},{"not_picked":["Hemokinesis+1","True Grit+1"],"picked":"Armaments","floor":31},{"not_picked":["Reckless Charge","Sword Boomerang"],"picked":"Twin Strike","floor":32}],"player_experience":471548,"potions_floor_usage":[14,14,33],"damage_taken":[{"damage":9,"enemies":"2 Louse","floor":1,"turns":3},{"damage":8,"enemies":"Small Slimes","floor":3,"turns":3},{"damage":12,"enemies":"Jaw Worm","floor":5,"turns":3},{"damage":37,"enemies":"Gremlin Nob","floor":7,"turns":5},{"damage":35,"enemies":"Lagavulin","floor":14,"turns":4},{"damage":48,"enemies":"Hexaghost","floor":16,"turns":9},{"damage":37,"enemies":"2 Thieves","floor":18,"turns":3},{"damage":15,"enemies":"Shell Parasite","floor":19,"turns":3},{"damage":21,"enemies":"Snake Plant","floor":31,"turns":4},{"damage":82,"enemies":"Automaton","floor":33,"turns":8}],"relics_obtained":[{"floor":7,"key":"Blue Candle"},{"floor":9,"key":"Ancient Tea Set"},{"floor":12,"key":"Bag of Preparation"},{"floor":14,"key":"Juzu Bracelet"},{"floor":24,"key":"Enchiridion"},{"floor":26,"key":"Dream Catcher"}],"event_choices":[{"event_name":"Living Wall","player_choice":"Change","floor":2,"damage_taken":0},{"event_name":"Golden Idol","player_choice":"Take Damage","floor":4,"damage_taken":0},{"event_name":"Drug Dealer","player_choice":"Got JAXXED","floor":20,"damage_taken":0},{"event_name":"Ghosts","player_choice":"Ignored","floor":21,"damage_taken":0},{"event_name":"Cursed Tome","player_choice":"Obtained Book","floor":24,"damage_taken":0},{"event_name":"Transmorgrifier","player_choice":"Transform","floor":28,"damage_taken":0}],"boss_relics":[{"not_picked":["Snecko Eye","Philosopher\u0027s Stone"],"picked":"Runic Cube"}],"items_purged_floors":[],"potions_floor_spawned":[3,5,16],"seed_played":"7091132444589235885","killed_by":"Automaton","ascension_level":3,"potions_obtained":[{"floor":3,"key":"FearPotion"},{"floor":5,"key":"Poison Potion"},{"floor":16,"key":"Swift Potion"}],"is_trial":false}