{"gold_per_floor":[116,126,50,50,225,225,251,251,251,28,42,56,56,67,67,171,171,190,90,15,15,15,15,48,48,48,68,83,83,83,153,153,153],"floor_reached":33,"playtime":751,"items_purged":["Doubt","Regret"],"score":313,"play_id":"01c78aa8-ed64-465e-b351-1e88520f4c57","local_time":"20180725005705","is_ascension_mode":false,"campfire_choices":[{"floor":6,"key":"REST"},{"floor":8,"key":"REST"},{"floor":15,"key":"REST"},{"floor":23,"key":"REST"},{"floor":25,"key":"REST"},{"floor":30,"key":"REST"},{"floor":32,"key":"REST"}],"neow_cost":"NONE","seed_source_timestamp":82842998235593,"circlet_count":0,"master_deck":["Defend_G","Defend_G","Defend_G","Defend_G","Defend_G","Strike_G","Strike_G","Strike_G","Strike_G","Strike_G","Survivor","Neutralize","All Out Attack","Outmaneuver","All Out Attack","Riddle With Holes","Slice","Flechettes","Parasite","Flechettes","Corpse Explosion","Injury","Doubt","Escape Plan+1","Well Laid Plans","Adrenaline","Poisoned Stab","Corpse Explosion"],"relics":["Fusion Hammer","Pen Nib","Gremlin Horn","Snake Skull","Juzu Bracelet","Calling Bell","Dodecahedron","Ginger","Vajra","Bottled Flame","Ice Cream","Bottled Lightning"],"potions_floor_usage":[14,16,16,16,18,24],"damage_taken":[{"damage":2,"enemies":"Small Slimes","floor":1,"turns":3},{"damage":1,"enemies":"2 Louse","floor":2,"turns":2},{"damage":69,"enemies":"Lagavulin","floor":7,"turns":9},{"damage":8,"enemies":"Jaw Worm","floor":11,"turns":2},{"damage":5,"enemies":"Looter","floor":12,"turns":3},{"damage":0,"enemies":"2 Fungi Beasts","floor":14,"turns":2},{"damage":2,"enemies":"Slime Boss","floor":16,"turns":11},{"damage":5,"enemies":"Chosen","floor":18,"turns":4},{"damage":21,"enemies":"3 Byrds","floor":21,"turns":5},{"damage":32,"enemies":"Slavers","floor":24,"turns":3},{"damage":26,"enemies":"Centurion and Healer","floor":27,"turns":4},{"damage":27,"enemies":"Snake Plant","floor":28,"turns":4},{"damage":61,"enemies":"Champ","floor":33,"turns":10}],"seed_played":"-1749114433114599564","potions_obtained":[{"floor":7,"key":"Explosive Potion"},{"floor":11,"key":"Block Potion"},{"floor":12,"key":"EssenceOfSteel"},{"floor":14,"key":"Block Potion"},{"floor":16,"key":"Weak Potion"},{"floor":18,"key":"PowerPotion"}],"is_trial":false,"path_per_floor":["M","M","$","?","?","R","E","R","T","$","M","M","?","M","R","B",null,"M","$","?","M","?","R","E","R","T","M","M","?","R","T","R"],"character_chosen":"THE_SILENT","items_purchased":["All Out Attack","Juzu Bracelet"],"campfire_rested":7,"item_purchase_floors":[3,10],"current_hp_per_floor":[68,67,67,67,67,70,1,22,22,22,14,9,26,26,47,45,70,65,65,65,44,44,65,33,54,54,28,1,1,22,22,43,0],"gold":153,"neow_bonus":"BOSS_RELIC","is_prod":false,"is_daily":false,"chose_seed":false,"campfire_upgraded":0,"win_rate":0,"timestamp":1532446025,"path_taken":["M","M","$","?","?","R","E","R","T","$","M","M","?","M","R","BOSS","M","$","?","M","?","R","E","R","T","M","M","?","R","?","R","BOSS"],"build_version":"2018-07-19v2","purchased_purges":2,"victory":false,"max_hp_per_floor":[70,70,70,70,70,70,70,70,70,70,70,70,70,70,70,70,70,70,70,70,70,70,70,70,70,70,70,70,70,70,70,70,70],"card_choices":[{"not_picked":["Backflip","Bane"],"picked":"All Out Attack","floor":1},{"not_picked":["Dagger Throw","Sucker Punch"],"picked":"Outmaneuver","floor":2},{"not_picked":["Heel Hook","Flying Knee"],"picked":"Riddle With Holes","floor":7},{"not_picked":["Bane","Dodge and Roll"],"picked":"Slice","floor":11},{"not_picked":["Deflect","Poisoned Stab"],"picked":"Flechettes","floor":12},{"not_picked":["Slice","Grand Finale"],"picked":"Flechettes","floor":14},{"not_picked":["Phantasmal Killer","Die Die Die"],"picked":"Corpse Explosion","floor":16},{"not_picked":["PiercingWail","Deflect"],"picked":"Escape Plan+1","floor":18},{"not_picked":["Cloak And Dagger","Underhanded Strike+1"],"picked":"Well Laid Plans","floor":21},{"not_picked":["Riddle With Holes","Eviscerate"],"picked":"Adrenaline","floor":24},{"not_picked":["Deadly Poison+1","PiercingWail+1"],"picked":"Poisoned Stab","floor":27},{"not_picked":["Blur","Footwork","Dodge and Roll+1"],"picked":"SKIP","floor":28}],"player_experience":254984,"relics_obtained":[{"floor":7,"key":"Gremlin Horn"},{"floor":9,"key":"Snake Skull"},{"floor":17,"key":"Dodecahedron"},{"floor":17,"key":"Ginger"},{"floor":17,"key":"Vajra"},{"floor":24,"key":"Bottled Flame"},{"floor":26,"key":"Ice Cream"},{"floor":31,"key":"Bottled Lightning"}],"event_choices":[{"event_name":"Big Fish","player_choice":"Box","floor":4,"damage_taken":0},{"event_name":"Liars Game","player_choice":"agreed","floor":5,"damage_taken":0},{"event_name":"Mushrooms","player_choice":"Healed and dodged fight","floor":13,"damage_taken":0},{"event_name":"Beggar","player_choice":"Gave Gold","floor":20,"damage_taken":0},{"event_name":"Ghosts","player_choice":"Ignored","floor":22,"damage_taken":0},{"event_name":"Duplicator","player_choice":"One dupe","floor":29,"damage_taken":0}],"is_beta":false,"boss_relics":[{"not_picked":["Velvet Choker","HoveringKite"],"picked":"Calling Bell"}],"items_purged_floors":[10,19],"is_endless":false,"potions_floor_spawned":[7,11,12,14,16,18],"killed_by":"Champ","ascension_level":0}