{"gold_per_floor":[368,378,303,317,317,317,334,364,435,450,525,525,554,574,574,675,675,685,645,662,678,593,96,424,437,437,437,466,486,505,522,522,627,627,647,456,469,569,569,599,611,611,635,108,121,121,131,158,158,158],"floor_reached":51,"playtime":5425,"items_purged":["Strike_B","Defend_B","Strike_B","Strike_B"],"score":926,"play_id":"fea29789-83e8-4eb0-882b-5a90c8cd515d","local_time":"20190212140456","is_ascension_mode":true,"campfire_choices":[{"data":"Dualcast","floor":6.0,"key":"SMITH"},{"floor":12.0,"key":"REST"},{"floor":15.0,"key":"REST"},{"data":"Creative AI","floor":32.0,"key":"SMITH"},{"data":"Strike_B","floor":42,"key":"PURGE"},{"floor":46,"key":"REST"},{"floor":49,"key":"REST"}],"neow_cost":"TEN_PERCENT_HP_LOSS","seed_source_timestamp":36642760746436,"circlet_count":0,"master_deck":["Defend_B","Defend_B","Defend_B+1","Zap","Dualcast+1","Cold Snap","Ball Lightning","Double Energy","Zap","Coolheaded","Creative AI+1","Chill","BootSequence+1","Coolheaded","Electrodynamics","Chill","Glacier","Defragment","Buffer","Recycle","Echo Form","Chill","Self Repair+1","Purity","Panache+1","Defragment+1"],"special_seed":0,"relics":["Cracked Core","FossilizedHelix","Bottled Tornado","Odd Mushroom","Sozu","Centennial Puzzle","Membership Card","Mercury Hourglass","Blood Vial","Old Coin","Meat on the Bone","Art of War","Busted Crown","Matryoshka","Peace Pipe","Dodecahedron","Frozen Egg 2","Omamori","Mummified Hand","Question Card","Ornamental Fan"],"potions_floor_usage":[],"damage_taken":[{"damage":0.0,"enemies":"Small Slimes","floor":1.0,"turns":2.0},{"damage":0.0,"enemies":"Cultist","floor":2.0,"turns":4.0},{"damage":0.0,"enemies":"Jaw Worm","floor":4.0,"turns":3.0},{"damage":10.0,"enemies":"Large Slime","floor":7.0,"turns":4.0},{"damage":27.0,"enemies":"Lagavulin","floor":8.0,"turns":6.0},{"damage":6.0,"enemies":"2 Fungi Beasts","floor":10.0,"turns":3.0},{"damage":8.0,"enemies":"The Mushroom Lair","floor":13.0,"turns":4.0},{"damage":0.0,"enemies":"Red Slaver","floor":14.0,"turns":4.0},{"damage":0.0,"enemies":"The Guardian","floor":16.0,"turns":13.0},{"damage":0.0,"enemies":"Chosen","floor":18.0,"turns":4.0},{"damage":6.0,"enemies":"Shell Parasite","floor":20.0,"turns":9.0},{"damage":0.0,"enemies":"Shelled Parasite and Fungi","floor":21.0,"turns":7.0},{"damage":9.0,"enemies":"Slavers","floor":24.0,"turns":3.0},{"damage":3.0,"enemies":"Centurion and Healer","floor":25.0,"turns":8.0},{"damage":7.0,"enemies":"Book of Stabbing","floor":28.0,"turns":6.0},{"damage":0.0,"enemies":"Chosen and Byrds","floor":29.0,"turns":6.0},{"damage":16.0,"enemies":"Snake Plant","floor":30.0,"turns":4.0},{"damage":9.0,"enemies":"Centurion and Healer","floor":31.0,"turns":4.0},{"damage":23.0,"enemies":"Collector","floor":33.0,"turns":11.0},{"damage":0.0,"enemies":"3 Shapes","floor":35.0,"turns":3.0},{"damage":0.0,"enemies":"Orb Walker","floor":37.0,"turns":3.0},{"damage":0.0,"enemies":"Mind Bloom Boss Battle","floor":38.0,"turns":9.0},{"damage":41.0,"enemies":"Reptomancer","floor":40.0,"turns":8.0},{"damage":11,"enemies":"Sphere and 2 Shapes","floor":41,"turns":6},{"damage":31,"enemies":"3 Darklings","floor":45,"turns":3},{"damage":0,"enemies":"Transient","floor":47,"turns":5},{"damage":27,"enemies":"Nemesis","floor":48,"turns":7},{"damage":8,"enemies":"Donu and Deca","floor":50,"turns":9}],"seed_played":"-8227431354458013733","potions_obtained":[{"floor":2.0,"key":"Explosive Potion"},{"floor":13.0,"key":"FocusPotion"},{"floor":14.0,"key":"Fire Potion"},{"floor":16.0,"key":"SkillPotion"}],"is_trial":false,"path_per_floor":["M","M","$","M","?","R","M","E","T","M","?","R","?","M","R","B",null,"M","?","M","M","?","$","E","M","T","?","E","M","M","M","R","B",null,"M","$","M","?","?","E","M","R","T","$","M","R","M","E","R","B",null],"character_chosen":"DEFECT","items_purchased":["Membership Card","Mercury Hourglass","Blood Vial","Defragment","Matryoshka","Mummified Hand","Question Card","Chill","Self Repair+1","Purity","Panache+1"],"campfire_rested":4,"item_purchase_floors":[23,23,23,23,36,44,44,44,44,44,44],"current_hp_per_floor":[68,68,68,68,68,68,58,31,31,25,14,34,26,26,46,46,68,68,68,62,62,62,62,55,54,54,54,49,51,37,42,42,33,68,68,68,68,68,68,39,42,42,42,42,35,55,67,51,68,68],"gold":158,"neow_bonus":"TWO_FIFTY_GOLD","is_prod":false,"is_daily":false,"chose_seed":false,"campfire_upgraded":2,"win_rate":0,"timestamp":1549942496,"path_taken":["M","M","$","M","?","R","M","E","T","?","?","R","?","M","R","BOSS","M","?","?","M","?","?","E","M","T","?","E","M","M","?","R","BOSS","M","$","M","?","?","E","M","R","T","$","M","R","M","E","R","BOSS"],"build_version":"2019-01-23","purchased_purges":4,"victory":true,"max_hp_per_floor":[68,68,68,68,68,68,68,68,68,68,68,68,68,68,68,68,68,68,68,68,68,68,68,68,68,68,68,68,68,68,68,68,68,68,68,68,68,68,68,68,68,68,68,68,68,68,68,68,68,68],"card_choices":[{"not_picked":["Go for the Eyes","Redo"],"picked":"Cold Snap","floor":1.0},{"not_picked":["Hello World","Conserve Battery"],"picked":"Ball Lightning","floor":2.0},{"not_picked":["Capacitor","Stack"],"picked":"Double Energy","floor":4.0},{"not_picked":["Barrage","Hologram"],"picked":"Coolheaded","floor":7.0},{"not_picked":["Sweeping Beam","Go for the Eyes"],"picked":"Creative AI","floor":8.0},{"not_picked":["Aggregate","Turbo"],"picked":"Chill","floor":10.0},{"not_picked":["Double Energy","Hello World"],"picked":"BootSequence","floor":13.0},{"not_picked":["Lockon","Static Discharge"],"picked":"Coolheaded","floor":14.0},{"not_picked":["Creative AI","Core Surge"],"picked":"Electrodynamics","floor":16.0},{"not_picked":["Cold Snap+1","Barrage"],"picked":"Chill","floor":18.0},{"not_picked":["Conserve Battery","Genetic Algorithm+1"],"picked":"Glacier","floor":20.0},{"not_picked":["Streamline","Redo","Beam Cell"],"picked":"SKIP","floor":21.0},{"not_picked":["Leap","Scrape"],"picked":"Buffer","floor":24.0},{"not_picked":["Beam Cell","Auto Shields","Redo+1"],"picked":"SKIP","floor":25.0},{"not_picked":["Skim","Rip and Tear","Consume"],"picked":"SKIP","floor":28.0},{"not_picked":["Barrage+1","Tempest","Rebound"],"picked":"SKIP","floor":29.0},{"not_picked":["Loop","Rebound"],"picked":"Recycle","floor":30.0},{"not_picked":["Sweeping Beam","Aggregate","Cold Snap"],"picked":"SKIP","floor":31.0},{"not_picked":["Reboot","Amplify"],"picked":"Echo Form","floor":33.0},{"not_picked":["Reprogram+1"],"picked":"SKIP","floor":35.0},{"not_picked":["Go for the Eyes"],"picked":"SKIP","floor":37.0},{"not_picked":["Leap+1"],"picked":"SKIP","floor":40.0},{"not_picked":["Barrage"],"picked":"SKIP","floor":41},{"not_picked":["Beam Cell"],"picked":"Defragment+1","floor":45},{"not_picked":["Steam","Steam Power"],"picked":"SKIP","floor":47},{"not_picked":["Aggregate+1","Cold Snap+1"],"picked":"SKIP","floor":48}],"player_experience":569097,"relics_obtained":[{"floor":8.0,"key":"FossilizedHelix"},{"floor":9.0,"key":"Bottled Tornado"},{"floor":13.0,"key":"Odd Mushroom"},{"floor":24.0,"key":"Old Coin"},{"floor":26.0,"key":"Meat on the Bone"},{"floor":28.0,"key":"Art of War"},{"floor":38.0,"key":"Peace Pipe"},{"floor":40.0,"key":"Dodecahedron"},{"floor":43,"key":"Frozen Egg 2"},{"floor":43,"key":"Omamori"},{"floor":48,"key":"Ornamental Fan"}],"event_choices":[{"damage_healed":0.0,"max_hp_gain":0.0,"max_hp_loss":0.0,"gold_gain":0.0,"event_name":"Match and Keep!","player_choice":"1 cards matched","floor":5.0,"gold_loss":0.0,"damage_taken":0.0,"cards_obtained":["Zap"]},{"damage_healed":0.0,"max_hp_gain":0.0,"max_hp_loss":0.0,"gold_gain":75.0,"event_name":"World of Goop","player_choice":"Gather Gold","floor":11.0,"gold_loss":0.0,"damage_taken":11.0},{"damage_healed":0.0,"max_hp_gain":0.0,"max_hp_loss":0.0,"gold_gain":0.0,"event_name":"Mushrooms","player_choice":"Fought Mushrooms","floor":13.0,"gold_loss":0.0,"damage_taken":0.0},{"damage_healed":0.0,"max_hp_gain":0.0,"max_hp_loss":0.0,"gold_gain":0.0,"event_name":"Designer","player_choice":"Upgraded Two","floor":19.0,"gold_loss":40.0,"damage_taken":0.0,"cards_upgraded":["BootSequence","Defend_B"]},{"damage_healed":0.0,"max_hp_gain":0.0,"max_hp_loss":0.0,"gold_gain":0.0,"event_name":"Addict","player_choice":"Obtained Relic","floor":22.0,"gold_loss":85.0,"damage_taken":0.0,"relics_obtained":["Centennial Puzzle"]},{"damage_healed":0.0,"max_hp_gain":0.0,"max_hp_loss":0.0,"gold_gain":0.0,"event_name":"Ghosts","player_choice":"Ignored","floor":27.0,"gold_loss":0.0,"damage_taken":0.0},{"damage_healed":0.0,"max_hp_gain":0.0,"max_hp_loss":0.0,"gold_gain":0.0,"event_name":"MindBloom","player_choice":"Fight","floor":38.0,"gold_loss":0.0,"damage_taken":0.0},{"damage_healed":0.0,"max_hp_gain":0.0,"max_hp_loss":0.0,"gold_gain":0.0,"event_name":"SecretPortal","player_choice":"Ignored","floor":39.0,"gold_loss":0.0,"damage_taken":0.0}],"is_beta":false,"boss_relics":[{"not_picked":["Philosopher\u0027s Stone","FrozenCore"],"picked":"Sozu"},{"not_picked":["Empty Cage","Tiny House"],"picked":"Busted Crown"}],"items_purged_floors":[3,23,36,44],"is_endless":false,"potions_floor_spawned":[2,13,14,16,18,20,21,24,33,38,40,47],"ascension_level":4}