{"gold_per_floor":[10,22,36,311,327,327,339,339,339,359,359,250,268,285,285,383,383,393,492,266,266,20,48,67,67,90,90,109,109,121,121,121,121],"floor_reached":33,"playtime":1418,"items_purged":["Regret","Strike_B","Strike_B"],"score":259,"play_id":"a83f3e05-e0e8-4e0c-b8da-eb85752a364e","local_time":"20190126213503","is_ascension_mode":false,"campfire_choices":[{"data":"Loop","floor":6,"key":"SMITH"},{"data":"Darkness","floor":8,"key":"SMITH"},{"floor":11,"key":"REST"},{"floor":15,"key":"REST"},{"data":"Enlightenment","floor":25,"key":"SMITH"},{"data":"Static Discharge","floor":27,"key":"SMITH"},{"floor":32,"key":"REST"}],"neow_cost":"NO_GOLD","seed_source_timestamp":6660565139567,"circlet_count":0,"master_deck":["Strike_B","Defend_B","Defend_B","Defend_B","Defend_B","Zap","Dualcast","Darkness+1","Loop+1","Coolheaded","Thunder Strike","Static Discharge+1","Hologram","Doom and Gloom","Seek","Coolheaded","Static Discharge","Enlightenment+1","Loop","Conserve Battery","Recycle+1","Conserve Battery+1","Conserve Battery","Beam Cell"],"relics":["Cracked Core"],"potions_floor_usage":[10,10,10,30],"damage_taken":[{"damage":5,"enemies":"Small Slimes","floor":1,"turns":3},{"damage":6,"enemies":"Cultist","floor":2,"turns":3},{"damage":4,"enemies":"2 Louse","floor":3,"turns":2},{"damage":28,"enemies":"Lots of Slimes","floor":5,"turns":5},{"damage":19,"enemies":"2 Fungi Beasts","floor":7,"turns":4},{"damage":14,"enemies":"Gremlin Gang","floor":10,"turns":4},{"damage":14,"enemies":"Exordium Thugs","floor":13,"turns":4},{"damage":19,"enemies":"Large Slime","floor":14,"turns":5},{"damage":20,"enemies":"The Guardian","floor":16,"turns":9},{"damage":19,"enemies":"Shell Parasite","floor":18,"turns":4},{"damage":27,"enemies":"Book of Stabbing","floor":23,"turns":4},{"damage":7,"enemies":"3 Byrds","floor":24,"turns":3},{"damage":24,"enemies":"Shelled Parasite and Fungi","floor":28,"turns":2},{"damage":11,"enemies":"Snecko","floor":30,"turns":3},{"damage":58,"enemies":"Collector","floor":33,"turns":6}],"seed_played":"2234006754537691155","potions_obtained":[{"floor":1,"key":"Ancient Potion"},{"floor":2,"key":"Fire Potion"},{"floor":7,"key":"SkillPotion"},{"floor":18,"key":"GamblersBrew"}],"is_trial":false,"path_per_floor":["M","M","M","?","M","R","M","R","T","M","R","$","M","M","R","B",null,"M","?","$","?","$","E","M","R","T","R","M","?","M","$","R","B"],"character_chosen":"DEFECT","items_purchased":["Static Discharge","Static Discharge","Enlightenment","Loop","Conserve Battery"],"campfire_rested":3,"item_purchase_floors":[12,20,20,22,22],"current_hp_per_floor":[84,78,74,74,46,46,27,27,27,13,39,39,25,6,32,12,89,70,70,70,89,89,62,55,55,55,55,31,31,20,20,46,0],"gold":121,"neow_bonus":"TWENTY_PERCENT_HP_BONUS","is_prod":false,"is_daily":false,"chose_seed":false,"campfire_upgraded":4,"win_rate":0,"timestamp":1548500703,"path_taken":["M","M","M","?","M","R","?","R","T","M","R","$","M","M","R","BOSS","M","?","$","?","$","E","?","R","T","R","M","?","?","$","R","BOSS"],"build_version":"2019-01-23","purchased_purges":3,"victory":false,"max_hp_per_floor":[89,89,89,89,89,89,89,89,89,89,89,89,89,89,89,89,89,89,89,89,89,89,89,89,89,89,89,89,89,89,89,89,89],"card_choices":[{"not_picked":["Undo","Auto Shields"],"picked":"Melter","floor":1},{"not_picked":["Lockon","Gash","Leap"],"picked":"SKIP","floor":2},{"not_picked":["Sweeping Beam","Redo"],"picked":"Darkness","floor":3},{"not_picked":["Gash","Stack"],"picked":"Loop","floor":5},{"not_picked":["Leap","Streamline"],"picked":"Coolheaded","floor":7},{"not_picked":["Streamline","Barrage"],"picked":"Thunder Strike","floor":10},{"not_picked":["Streamline","Compile Driver"],"picked":"Hologram","floor":13},{"not_picked":["Ball Lightning","Tempest"],"picked":"Doom and Gloom","floor":14},{"not_picked":["Meteor Strike","Amplify"],"picked":"Seek","floor":16},{"not_picked":["Leap","Heatsinks"],"picked":"Coolheaded","floor":18},{"not_picked":["Gash+1","Consume"],"picked":"Recycle+1","floor":23},{"not_picked":["Scrape","Redo"],"picked":"Conserve Battery+1","floor":24},{"not_picked":["Cold Snap","FTL"],"picked":"Conserve Battery","floor":28},{"not_picked":["Ball Lightning","Reinforced Body"],"picked":"Beam Cell","floor":30}],"player_experience":525273,"relics_obtained":[],"event_choices":[{"damage_healed":0,"gold_gain":275,"player_choice":"Desecrate","damage_taken":0,"max_hp_gain":0,"max_hp_loss":0,"event_name":"Golden Shrine","floor":4,"gold_loss":0,"cards_obtained":["Regret"]},{"damage_healed":0,"gold_gain":99,"player_choice":"Stole From Cult","damage_taken":0,"max_hp_gain":0,"max_hp_loss":0,"event_name":"Nest","floor":19,"gold_loss":0},{"cards_removed":["Melter"],"damage_healed":19,"gold_gain":0,"player_choice":"Offered Uncommon","damage_taken":0,"max_hp_gain":0,"max_hp_loss":0,"event_name":"Bonfire Elementals","floor":21,"gold_loss":0},{"cards_removed":["Strike_B"],"damage_healed":0,"gold_gain":0,"player_choice":"Purged","damage_taken":0,"max_hp_gain":0,"max_hp_loss":0,"event_name":"Purifier","floor":29,"gold_loss":0}],"is_beta":false,"boss_relics":[{"not_picked":["Cursed Key","Coffee Dripper","Pandora\u0027s Box"]}],"items_purged_floors":[12,20,22],"is_endless":false,"potions_floor_spawned":[1,2,7,18],"killed_by":"Collector","ascension_level":0}