{"gold_per_floor":[117,117,127,141,161,187,187,117,117,82,382,382,382,392,392,493,493,511,511,530,530,72,72,72,72,95,95],"floor_reached":27,"playtime":2493,"items_purged":[],"score":209,"play_id":"62870595-9efe-4ff2-ba9e-f58258d318a6","local_time":"20190104222043","is_ascension_mode":false,"campfire_choices":[{"floor":7,"key":"REST"},{"data":"Calculated Gamble","floor":12,"key":"SMITH"},{"data":"Poisoned Stab","floor":15,"key":"SMITH"},{"floor":23,"key":"REST"},{"data":"Forethought","floor":25,"key":"SMITH"}],"neow_cost":"NONE","seed_source_timestamp":1248014875614650,"circlet_count":0,"master_deck":["Defend_G","Defend_G+1","Defend_G","Defend_G","Defend_G","Strike_G","Strike_G","Strike_G","Strike_G","Strike_G","Survivor","Poisoned Stab+1","Backflip","Well Laid Plans","Calculated Gamble+1","Footwork","Quick Slash","Bullet Time","Backflip+1","Underhanded Strike","Bullet Time","Forethought+1"],"relics":["Ring of the Snake","NeowsBlessing","Regal Pillow","Ninja Scroll","Old Coin","Lizard Tail","Mango","Molten Egg 2","DollysMirror","War Paint"],"potions_floor_usage":[16,18,18],"damage_taken":[{"damage":0,"enemies":"Jaw Worm","floor":1,"turns":1},{"damage":0,"enemies":"Cultist","floor":3,"turns":1},{"damage":0,"enemies":"2 Louse","floor":4,"turns":1},{"damage":5,"enemies":"Exordium Wildlife","floor":5,"turns":6},{"damage":51,"enemies":"Lagavulin","floor":6,"turns":10},{"damage":2,"enemies":"3 Louse","floor":14,"turns":4},{"damage":40,"enemies":"The Guardian","floor":16,"turns":21},{"damage":69,"enemies":"Spheric Guardian","floor":18,"turns":10},{"damage":19,"enemies":"3 Byrds","floor":20,"turns":9},{"damage":104,"enemies":"Cultist and Chosen","floor":27,"turns":10}],"seed_played":"-2187514513000746429","potions_obtained":[{"floor":1,"key":"FearPotion"},{"floor":4,"key":"Regen Potion"},{"floor":6,"key":"Energy Potion"},{"floor":16,"key":"Regen Potion"}],"is_trial":false,"path_per_floor":["M","?","M","M","M","E","R","$","T","?","T","R","?","M","R","B",null,"M","T","M","?","$","R","?","R","T","M"],"character_chosen":"THE_SILENT","items_purchased":["Calculated Gamble","Molten Egg 2","DollysMirror"],"campfire_rested":2,"item_purchase_floors":[8,22,22],"current_hp_per_floor":[70,70,70,70,65,14,50,50,50,67,67,67,67,65,65,25,70,23,37,18,18,18,58,42,42,42,0],"gold":95,"neow_bonus":"THREE_ENEMY_KILL","is_prod":false,"is_daily":false,"chose_seed":false,"campfire_upgraded":3,"win_rate":0.0,"timestamp":1546669243,"path_taken":["M","?","?","M","M","E","R","?","T","?","?","R","?","M","R","BOSS","M","?","M","?","?","R","?","R","T","M"],"build_version":"2019-01-03v4","purchased_purges":0,"victory":false,"max_hp_per_floor":[70,70,70,70,70,70,70,70,70,70,70,70,70,70,70,70,70,70,84,84,84,84,84,84,84,84,84],"card_choices":[{"not_picked":["Reflex","Crippling Poison"],"picked":"Acrobatics","floor":1},{"not_picked":["Blur","Slice"],"picked":"Poisoned Stab","floor":3},{"not_picked":["Escape Plan","Dagger Spray"],"picked":"Backflip","floor":4},{"not_picked":["Dodge and Roll","Acrobatics"],"picked":"Well Laid Plans","floor":5},{"not_picked":["Reflex","Riddle With Holes","Dodge and Roll"],"picked":"SKIP","floor":6},{"not_picked":["Bane","After Image"],"picked":"Quick Slash","floor":14},{"not_picked":["Doppelganger","Burst"],"picked":"Bullet Time","floor":16},{"not_picked":["Bane","Acrobatics"],"picked":"Backflip","floor":18},{"not_picked":["Expertise+1","Prepared"],"picked":"Underhanded Strike","floor":20}],"player_experience":47342,"relics_obtained":[{"floor":6,"key":"Regal Pillow"},{"floor":9,"key":"Ninja Scroll"},{"floor":11,"key":"Old Coin"},{"floor":19,"key":"Mango"},{"floor":26,"key":"War Paint"}],"event_choices":[{"cards_removed":["Neutralize"],"damage_healed":0,"gold_gain":0,"player_choice":"Offered Basic","damage_taken":0,"max_hp_gain":0,"max_hp_loss":0,"event_name":"Bonfire Elementals","floor":2,"gold_loss":0},{"damage_healed":17,"gold_gain":0,"player_choice":"Healed","damage_taken":0,"max_hp_gain":0,"max_hp_loss":0,"event_name":"The Cleric","floor":10,"gold_loss":35},{"damage_healed":0,"gold_gain":0,"cards_transformed":["Acrobatics"],"player_choice":"Transformed","damage_taken":0,"max_hp_gain":0,"max_hp_loss":0,"event_name":"Transmorgrifier","floor":13,"gold_loss":0,"cards_obtained":["Footwork"]},{"damage_healed":0,"gold_gain":0,"player_choice":"Ignored","damage_taken":0,"max_hp_gain":0,"max_hp_loss":0,"event_name":"Ghosts","floor":21,"gold_loss":0},{"damage_healed":0,"gold_gain":0,"player_choice":"CARD ","damage_taken":16,"max_hp_gain":0,"max_hp_loss":0,"event_name":"Knowing Skull","floor":24,"potions_obtained":[],"gold_loss":0,"cards_obtained":["Forethought"]}],"is_beta":false,"boss_relics":[{"not_picked":["Busted Crown","Velvet Choker"],"picked":"Lizard Tail"}],"items_purged_floors":[],"is_endless":false,"potions_floor_spawned":[1,4,6,16],"killed_by":"Cultist and Chosen","ascension_level":0}