{"path_per_floor":["M","M","M","?","$","E","R","E","T","T","R","E"],"character_chosen":"THE_SILENT","items_purchased":[],"gold_per_floor":[113,132,148,98,23,48,48,80,128,128,128,158,158],"floor_reached":13,"campfire_rested":1,"playtime":662,"item_purchase_floors":[],"current_hp_per_floor":[48,46,46,46,46,24,49,25,25,25,25,16,0],"items_purged":["Strike_G"],"gold":158,"score":116,"play_id":"aed4eb1f-75ad-4c71-a940-b3b2eee53844","local_time":"20180611221521","is_prod":false,"is_daily":false,"chose_seed":false,"is_ascension_mode":true,"campfire_upgraded":1,"win_rate":0,"timestamp":1528748121,"campfire_choices":[{"floor":7.0,"key":"REST"},{"data":"Neutralize","floor":11.0,"key":"SMITH"}],"path_taken":["M","M","?","?","?","E","R","E","T","?","R","E","?"],"build_version":"2018-06-08","seed_source_timestamp":27413160786666,"purchased_purges":1,"victory":false,"master_deck":["Defend_G","Defend_G","Defend_G","Defend_G","Defend_G","Strike_G","Strike_G","Strike_G","Survivor","Neutralize+1","Underhanded Strike","Flying Knee","Sucker Punch","All Out Attack","Burst"],"max_hp_per_floor":[84,84,84,84,84,84,84,84,84,84,84,84,84],"relics":["Ring of the Snake","Mango","Bottled Flame","Bronze Scales","Dream Catcher","Anchor","Boot"],"card_choices":[{"not_picked":["Dodge and Roll","Slice"],"picked":"Underhanded Strike","floor":1.0},{"not_picked":["Catalyst","Slice"],"picked":"Flying Knee","floor":2.0},{"not_picked":["Noxious Fumes","Prepared"],"picked":"Sucker Punch","floor":3.0},{"not_picked":["Acrobatics","Blade Dance"],"picked":"All Out Attack","floor":6.0},{"not_picked":["Quick Slash","Poisoned Stab","A Thousand Cuts"],"picked":"SKIP","floor":8.0},{"not_picked":["Deadly Poison","Poisoned Stab"],"picked":"Burst","floor":12}],"player_experience":88131,"potions_floor_usage":[12],"damage_taken":[{"damage":1.0,"enemies":"Cultist","floor":1.0,"turns":4.0},{"damage":2.0,"enemies":"Jaw Worm","floor":2.0,"turns":3.0},{"damage":0.0,"enemies":"2 Louse","floor":3.0,"turns":2.0},{"damage":22.0,"enemies":"3 Sentries","floor":6.0,"turns":10.0},{"damage":24.0,"enemies":"Lagavulin","floor":8.0,"turns":7.0},{"damage":9,"enemies":"Gremlin Nob","floor":12,"turns":4}],"relics_obtained":[{"floor":6.0,"key":"Bottled Flame"},{"floor":8.0,"key":"Bronze Scales"},{"floor":9.0,"key":"Dream Catcher"},{"floor":10.0,"key":"Anchor"},{"floor":12,"key":"Boot"}],"event_choices":[{"event_name":"The Cleric","player_choice":"Card Removal","floor":4.0,"damage_taken":0.0}],"boss_relics":[],"items_purged_floors":[],"potions_floor_spawned":[6,8],"seed_played":"893754544019045239","ascension_level":3,"potions_obtained":[{"floor":6.0,"key":"PowerPotion"},{"floor":8.0,"key":"PowerPotion"}],"is_trial":false}