{"path_per_floor":["M","?","?","$","M","E","R","M","T","R","E","?","M","M","R","B",null,"M","?","M","$","M","R","?","M","T","E","M","M","$","M","R","B",null,"M","$","M","M","M","R"],"character_chosen":"IRONCLAD","items_purchased":["Shrug It Off","Heavy Blade","Charon\u0027s Ashes","Infernal Blade","Flex","Inflame"],"gold_per_floor":[115,115,115,13,30,62,62,82,108,108,141,241,255,265,265,369,369,387,387,404,26,41,41,41,56,56,88,102,122,1,13,13,114,114,130,30,46,65,83,83,83],"floor_reached":41,"campfire_rested":3,"playtime":2851,"item_purchase_floors":[4,21,21,21,30,30],"current_hp_per_floor":[77,77,80,80,80,61,61,64,64,64,32,32,29,32,56,40,80,80,80,72,72,67,67,67,71,71,38,41,26,26,15,39,24,80,58,58,54,48,28,52,0],"items_purged":["Defend_R","Strike_R"],"gold":83,"score":427,"play_id":"15a4bdc0-39c8-484f-8694-26c8a2c75de1","local_time":"20180530180903","is_prod":false,"is_daily":false,"chose_seed":false,"is_ascension_mode":false,"campfire_upgraded":3,"win_rate":0,"timestamp":1527718143,"campfire_choices":[{"data":"Double Tap","floor":7,"key":"SMITH"},{"data":"Heavy Blade","floor":10,"key":"SMITH"},{"floor":15,"key":"REST"},{"data":"Heavy Blade","floor":23,"key":"SMITH"},{"floor":32,"key":"REST"},{"floor":40,"key":"REST"}],"path_taken":["M","?","?","$","M","E","R","M","T","R","E","?","M","M","R","BOSS","M","?","?","$","M","R","?","M","T","E","M","M","?","?","R","BOSS","M","$","M","M","M","R","E"],"build_version":"2018-05-24","seed_source_timestamp":263759610067727,"purchased_purges":2,"victory":false,"master_deck":["Strike_R","Strike_R","Defend_R","Defend_R","Bash","Double Tap+1","Heavy Blade+1","Shrug It Off","Disarm","Shrug It Off","Inflame","Rage","Pommel Strike","Armaments","Demon Form","Flex","Heavy Blade+1","Infernal Blade","Inflame+1","Wild Strike+1","Heavy Blade","Wild Strike","Flex","Inflame","Double Tap","True Grit+1","Uppercut+1","Whirlwind+1","Carnage"],"max_hp_per_floor":[80,80,80,80,80,80,80,80,80,80,80,80,80,80,80,80,80,80,80,80,80,80,80,80,80,80,80,80,80,80,80,80,80,80,80,80,80,80,80,80,80],"relics":["Burning Blood","Blood Vial","Ancient Tea Set","Bronze Scales","Sozu","Charon\u0027s Ashes","Self Forming Clay","Ginger","Astrolabe"],"card_choices":[{"not_picked":["Anger","Armaments"],"picked":"Disarm","floor":1},{"not_picked":["Wild Strike","Cleave"],"picked":"Disarm","floor":5},{"not_picked":["Sentinel","True Grit"],"picked":"Shrug It Off","floor":6},{"not_picked":["Intimidate","Second Wind"],"picked":"Inflame","floor":8},{"not_picked":["Anger","Body Slam"],"picked":"Rage","floor":11},{"not_picked":["Sentinel","Havoc"],"picked":"Pommel Strike","floor":13},{"not_picked":["Combust","Iron Wave"],"picked":"Armaments","floor":14},{"not_picked":["Bludgeon","Fiend Fire"],"picked":"Demon Form","floor":16},{"not_picked":["Ghostly Armor","Armaments+1","Disarm"],"picked":"SKIP","floor":18},{"not_picked":["Clothesline","Fire Breathing"],"picked":"Flex","floor":20},{"not_picked":["Shrug It Off+1","Armaments"],"picked":"Perfected Strike","floor":22},{"not_picked":["Thunderclap","Body Slam"],"picked":"Inflame+1","floor":25},{"not_picked":["Flame Barrier","Fire Breathing"],"picked":"Wild Strike+1","floor":27},{"not_picked":["Warcry+1","Sever Soul"],"picked":"Heavy Blade","floor":28},{"not_picked":["Dropkick","Warcry+1"],"picked":"Wild Strike","floor":29},{"not_picked":["Reckless Charge","Rupture","Disarm+1"],"picked":"SKIP","floor":31},{"not_picked":["Fiend Fire","Brutality"],"picked":"Double Tap","floor":33},{"not_picked":["Clash+1","Wild Strike","True Grit+1"],"picked":"SKIP","floor":35},{"not_picked":["Perfected Strike","Anger+1","Shockwave+1"],"picked":"SKIP","floor":37},{"not_picked":["Headbutt+1","Anger"],"picked":"Carnage","floor":38},{"not_picked":["Anger+1","True Grit","Brutality"],"picked":"SKIP","floor":39}],"player_experience":213596,"potions_floor_usage":[14,16],"damage_taken":[{"damage":9,"enemies":"Small Slimes","floor":1,"turns":4},{"damage":0,"enemies":"Cultist","floor":5,"turns":3},{"damage":25,"enemies":"3 Sentries","floor":6,"turns":8},{"damage":5,"enemies":"2 Louse","floor":8,"turns":3},{"damage":40,"enemies":"Lagavulin","floor":11,"turns":6},{"damage":11,"enemies":"Red Slaver","floor":13,"turns":3},{"damage":5,"enemies":"Blue Slaver","floor":14,"turns":3},{"damage":24,"enemies":"Hexaghost","floor":16,"turns":9},{"damage":5,"enemies":"Chosen","floor":18,"turns":6},{"damage":14,"enemies":"Shell Parasite","floor":20,"turns":3},{"damage":13,"enemies":"Centurion and Healer","floor":22,"turns":4},{"damage":4,"enemies":"3 Cultists","floor":25,"turns":3},{"damage":41,"enemies":"Gremlin Leader","floor":27,"turns":4},{"damage":5,"enemies":"Cultist and Chosen","floor":28,"turns":3},{"damage":27,"enemies":"Snecko","floor":29,"turns":4},{"damage":19,"enemies":"Centurion and Healer","floor":31,"turns":5},{"damage":23,"enemies":"Champ","floor":33,"turns":6},{"damage":28,"enemies":"3 Darklings","floor":35,"turns":4},{"damage":12,"enemies":"Orb Walker","floor":37,"turns":3},{"damage":14,"enemies":"Maw","floor":38,"turns":5},{"damage":28,"enemies":"3 Darklings","floor":39,"turns":5},{"damage":61,"enemies":"Giant Head","floor":41,"turns":6}],"relics_obtained":[{"floor":6,"key":"Blood Vial"},{"floor":9,"key":"Ancient Tea Set"},{"floor":11,"key":"Bronze Scales"},{"floor":26,"key":"Self Forming Clay"},{"floor":27,"key":"Ginger"}],"event_choices":[{"event_name":"Living Wall","player_choice":"Change","floor":2,"damage_taken":0},{"event_name":"Bonfire Elementals","player_choice":"UNCOMMON","floor":3,"damage_taken":0},{"event_name":"Golden Shrine","player_choice":"Pray","floor":12,"damage_taken":0},{"event_name":"Ghosts","player_choice":"Ignored","floor":19,"damage_taken":0},{"event_name":"Drug Dealer","player_choice":"Ignored","floor":24,"damage_taken":0}],"boss_relics":[{"not_picked":["Snecko Eye","Philosopher\u0027s Stone"],"picked":"Sozu"},{"not_picked":["Orrery","Velvet Choker"],"picked":"Astrolabe"}],"items_purged_floors":[4,36],"potions_floor_spawned":[8,14,20,25,27,29,38],"seed_played":"-2544859822914457849","killed_by":"Giant Head","ascension_level":0,"potions_obtained":[{"floor":8,"key":"Ancient Potion"},{"floor":14,"key":"Weak Potion"}],"is_trial":false}