{"gold_per_floor":[110,10,185,202,202,202,225,246,321,271,271,289,317,39,39,164,164,180,201,101,122,141,141,141,141,167,21,34,34,47,85,85,208,271,285,58,58,83,98,98,121,137,137,137,33,33,52,78,78,78,78,78,0,41,41],"floor_reached":55,"playtime":4020,"items_purged":["Perfected Strike","Doubt"],"score":704,"play_id":"b1cba11e-3f28-4292-aafd-cfd470ad6a06","local_time":"20190118000942","is_ascension_mode":false,"campfire_choices":[{"data":"Rampage","floor":6,"key":"SMITH"},{"floor":15,"key":"REST"},{"floor":23,"key":"REST"},{"floor":29,"key":"REST"},{"floor":32,"key":"REST"},{"floor":40,"key":"RECALL"},{"floor":44,"key":"REST"},{"floor":49,"key":"REST"},{"data":"Rupture","floor":52,"key":"SMITH"}],"neow_cost":"NONE","seed_source_timestamp":42250296932369,"circlet_count":0,"master_deck":["Bash","Armaments","Headbutt","Thunderclap+1","Bludgeon+1","Rampage+1","Shrug It Off","Rupture+1","Shrug It Off","Headbutt","Iron Wave+1","Combust","Brutality","Iron Wave+1","Seeing Red","Pommel Strike+1","Necronomicurse","Shrug It Off","Feed","Warcry+1","Combust","Shockwave+1","Shrug It Off+1","Flame Barrier+1","Rupture+1","Rupture+1","Double Tap"],"relics":["Pandora\u0027s Box","Golden Idol","Nunchaku","Odd Mushroom","Medical Kit","Velvet Choker","Necronomicon","Vajra","Pen Nib","Whetstone","Tiny House","Centennial Puzzle","NlothsMask","Bronze Scales","Ornamental Fan"],"potions_floor_usage":[12,13,18,22,31,33,33,38,50,50],"damage_taken":[{"damage":0,"enemies":"Cultist","floor":1,"turns":2},{"damage":0,"enemies":"2 Louse","floor":4,"turns":3},{"damage":0,"enemies":"Small Slimes","floor":7,"turns":3},{"damage":2,"enemies":"Looter","floor":8,"turns":5},{"damage":2,"enemies":"2 Fungi Beasts","floor":12,"turns":3},{"damage":22,"enemies":"The Mushroom Lair","floor":13,"turns":4},{"damage":42,"enemies":"Hexaghost","floor":16,"turns":8},{"damage":12,"enemies":"2 Thieves","floor":18,"turns":3},{"damage":11,"enemies":"Shell Parasite","floor":19,"turns":5},{"damage":8,"enemies":"Snake Plant","floor":21,"turns":4},{"damage":23,"enemies":"Centurion and Healer","floor":22,"turns":5},{"damage":9,"enemies":"Shelled Parasite and Fungi","floor":28,"turns":3},{"damage":0,"enemies":"Snecko","floor":30,"turns":1},{"damage":35,"enemies":"Slavers","floor":31,"turns":4},{"damage":54,"enemies":"Automaton","floor":33,"turns":7},{"damage":14,"enemies":"3 Shapes","floor":35,"turns":4},{"damage":9,"enemies":"3 Darklings","floor":38,"turns":5},{"damage":19,"enemies":"Maw","floor":39,"turns":7},{"damage":23,"enemies":"Writhing Mass","floor":41,"turns":2},{"damage":21,"enemies":"Sphere and 2 Shapes","floor":42,"turns":5},{"damage":0,"enemies":"Maw","floor":47,"turns":4},{"damage":55,"enemies":"Time Eater","floor":50,"turns":7},{"damage":43,"enemies":"Shield and Spear","floor":54,"turns":4},{"damage":122,"enemies":"The Heart","floor":55,"turns":5}],"seed_played":"1334532314260542052","potions_obtained":[{"floor":1,"key":"PowerPotion"},{"floor":7,"key":"Weak Potion"},{"floor":13,"key":"Fire Potion"},{"floor":16,"key":"SpeedPotion"},{"floor":21,"key":"BloodPotion"},{"floor":28,"key":"Regen Potion"},{"floor":31,"key":"Ancient Potion"},{"floor":34,"key":"Weak Potion"},{"floor":35,"key":"Dexterity Potion"},{"floor":39,"key":"Dexterity Potion"},{"floor":42,"key":"Poison Potion"}],"is_trial":false,"path_per_floor":["M","$","?","M","?","R","M","M","T","?","T","M","?","$","R","B",null,"M","M","$","M","M","R","?","$","T","$","M","R","M","E","R","B",null,"M","$","?","M","M","R","M","M","T","R","$","?","M","T","R","B",null,"R","$","E","B"],"character_chosen":"IRONCLAD","items_purchased":["Shrug It Off","Medical Kit","Combust","Pen Nib","Centennial Puzzle","Combust","FairyPotion","Double Tap"],"campfire_rested":6,"item_purchase_floors":[2,14,14,27,36,36,45,53],"current_hp_per_floor":[80,80,80,80,60,60,60,58,58,58,58,56,34,34,58,16,80,68,57,57,49,34,58,42,42,42,42,33,57,57,34,58,4,85,71,71,71,65,46,46,23,5,5,32,32,32,32,32,59,4,91,91,91,48,0],"gold":41,"neow_bonus":"BOSS_RELIC","is_prod":false,"is_daily":false,"chose_seed":false,"campfire_upgraded":2,"win_rate":0,"timestamp":1547732382,"path_taken":["M","$","?","M","?","R","M","M","T","?","?","M","?","$","R","BOSS","M","M","$","M","M","R","?","$","T","$","M","R","M","E","R","BOSS","M","$","?","M","M","R","M","M","T","R","?","?","M","?","R","BOSS","R","$","E","BOSS"],"build_version":"2019-01-10","purchased_purges":2,"victory":false,"max_hp_per_floor":[80,80,80,80,80,80,80,80,80,80,80,80,80,80,80,80,80,80,80,80,80,80,80,80,80,80,80,80,80,80,80,80,80,85,85,85,85,88,88,88,88,91,91,91,91,91,91,91,91,91,91,91,91,91,91],"card_choices":[{"not_picked":["Wild Strike","Rage","Pommel Strike"],"picked":"SKIP","floor":1},{"not_picked":["Heavy Blade","Wild Strike","Havoc"],"picked":"SKIP","floor":4},{"not_picked":["Corruption","Sword Boomerang","Flex"],"picked":"SKIP","floor":7},{"not_picked":["Sword Boomerang","Thunderclap"],"picked":"Headbutt","floor":8},{"not_picked":["True Grit","Wild Strike","Flame Barrier"],"picked":"SKIP","floor":12},{"not_picked":["Warcry","Headbutt"],"picked":"Iron Wave","floor":13},{"not_picked":["Double Tap","Immolate"],"picked":"Brutality","floor":16},{"not_picked":["Rage","Sever Soul","Thunderclap"],"picked":"SKIP","floor":18},{"not_picked":["Body Slam+1","True Grit"],"picked":"Iron Wave+1","floor":19},{"not_picked":["Sever Soul+1","True Grit"],"picked":"Seeing Red","floor":21},{"not_picked":["Headbutt","Clothesline"],"picked":"Pommel Strike+1","floor":22},{"not_picked":["Sword Boomerang","True Grit"],"picked":"Shrug It Off","floor":28},{"not_picked":["Shrug It Off","Twin Strike","Searing Blow"],"picked":"SKIP","floor":30},{"not_picked":["Ghostly Armor","Thunderclap","Barricade"],"picked":"SKIP","floor":31},{"not_picked":["Barricade","Fiend Fire"],"picked":"Feed","floor":33},{"not_picked":["Body Slam","Clash"],"picked":"Warcry+1","floor":34},{"not_picked":["Power Through","Reckless Charge+1","Wild Strike+1"],"picked":"SKIP","floor":35},{"not_picked":["Thunderclap+1","True Grit"],"picked":"Shockwave+1","floor":38},{"not_picked":["Carnage","Reckless Charge+1"],"picked":"Shrug It Off+1","floor":39},{"not_picked":["Shrug It Off+1","True Grit+1"],"picked":"Flame Barrier+1","floor":41},{"not_picked":["Sword Boomerang+1","True Grit"],"picked":"Rupture+1","floor":42},{"not_picked":["Iron Wave+1","Flex+1"],"picked":"Rupture+1","floor":47},{"not_picked":["Intimidate","Inflame","Entrench"],"picked":"SKIP","floor":54}],"player_experience":458951,"relics_obtained":[{"floor":11,"key":"Nunchaku"},{"floor":13,"key":"Odd Mushroom"},{"floor":24,"key":"Necronomicon"},{"floor":26,"key":"Vajra"},{"floor":31,"key":"Whetstone"},{"floor":48,"key":"Bronze Scales"},{"floor":54,"key":"Ornamental Fan"}],"event_choices":[{"damage_healed":0,"gold_gain":175,"player_choice":"AGREE","damage_taken":0,"max_hp_gain":0,"max_hp_loss":0,"event_name":"Liars Game","floor":3,"gold_loss":0,"cards_obtained":["Doubt"]},{"damage_healed":0,"gold_gain":0,"player_choice":"Take Damage","damage_taken":20,"relics_obtained":["Golden Idol"],"max_hp_gain":0,"max_hp_loss":0,"event_name":"Golden Idol","floor":5,"gold_loss":0},{"cards_removed":["Exhume"],"damage_healed":0,"gold_gain":0,"player_choice":"Card Removal","damage_taken":0,"max_hp_gain":0,"max_hp_loss":0,"event_name":"The Cleric","floor":10,"gold_loss":50},{"damage_healed":0,"gold_gain":0,"player_choice":"Fought Mushrooms","damage_taken":0,"max_hp_gain":0,"max_hp_loss":0,"event_name":"Mushrooms","floor":13,"gold_loss":0},{"damage_healed":0,"gold_gain":0,"player_choice":"Obtained Book","damage_taken":16,"max_hp_gain":0,"max_hp_loss":0,"event_name":"Cursed Tome","floor":24,"gold_loss":0},{"damage_healed":0,"gold_gain":0,"player_choice":"Trade","damage_taken":0,"relics_obtained":["NlothsMask"],"max_hp_gain":0,"max_hp_loss":0,"event_name":"FaceTrader","floor":37,"gold_loss":0},{"damage_healed":0,"gold_gain":0,"player_choice":"Ignored","damage_taken":0,"max_hp_gain":0,"max_hp_loss":0,"event_name":"Mysterious Sphere","floor":46,"gold_loss":0}],"is_beta":false,"boss_relics":[{"not_picked":["Ectoplasm","Snecko Eye"],"picked":"Velvet Choker"},{"not_picked":["Calling Bell","Runic Pyramid"],"picked":"Tiny House"}],"items_purged_floors":[2,20],"is_endless":false,"potions_floor_spawned":[1,7,13,16,21,28,31,35,39,42],"killed_by":"The Heart","ascension_level":0}