{"gold_per_floor":[219,234,254,254,6,32,32,65,92,108,122,122,122,142,142,238,238,252,267,277,277,289,289,62,62,132,132],"floor_reached":27,"playtime":826,"items_purged":["Wild Strike"],"score":281,"play_id":"f212e40f-f082-449b-809a-1cebe740b13b","local_time":"20181113145757","is_ascension_mode":true,"campfire_choices":[{"data":"Bludgeon","floor":7,"key":"SMITH"},{"floor":12,"key":"REST"},{"data":"True Grit","floor":15,"key":"SMITH"},{"floor":23,"key":"REST"}],"neow_cost":"NONE","seed_source_timestamp":486612605098279,"circlet_count":0,"master_deck":["Strike_R","Strike_R","Strike_R","Strike_R","Strike_R","Defend_R","Defend_R","Defend_R+1","Defend_R+1","Bash+1","Whirlwind","Rampage","Feed","Perfected Strike","Headbutt","Bludgeon+1","Flame Barrier","Evolve","Metallicize","True Grit+1","Limit Break","Metallicize","Power Through+1","Flex+1"],"relics":["Burning Blood","War Paint","Red Skull","Omamori","White Beast Statue","Vajra","The Courier"],"potions_floor_usage":[6,8,8,16,18,18,20,20,22,27],"damage_taken":[{"damage":6,"enemies":"Cultist","floor":1,"turns":4},{"damage":3,"enemies":"Jaw Worm","floor":2,"turns":5},{"damage":0,"enemies":"2 Louse","floor":3,"turns":3},{"damage":22,"enemies":"3 Sentries","floor":6,"turns":7},{"damage":22,"enemies":"Lagavulin","floor":8,"turns":4},{"damage":0,"enemies":"Lots of Slimes","floor":10,"turns":1},{"damage":15,"enemies":"2 Fungi Beasts","floor":11,"turns":3},{"damage":0,"enemies":"3 Louse","floor":14,"turns":2},{"damage":12,"enemies":"Slime Boss","floor":16,"turns":7},{"damage":20,"enemies":"2 Thieves","floor":18,"turns":4},{"damage":12,"enemies":"Chosen","floor":19,"turns":4},{"damage":57,"enemies":"3 Cultists","floor":20,"turns":7},{"damage":23,"enemies":"Snake Plant","floor":22,"turns":5},{"damage":43,"enemies":"Gremlin Leader","floor":27,"turns":7}],"seed_played":"55469449424853239","potions_obtained":[{"floor":1,"key":"BloodPotion"},{"floor":3,"key":"Poison Potion"},{"floor":6,"key":"Energy Potion"},{"floor":13,"key":"Explosive Potion"},{"floor":13,"key":"FairyPotion"},{"floor":13,"key":"Strength Potion"},{"floor":16,"key":"Poison Potion"},{"floor":18,"key":"Dexterity Potion"},{"floor":19,"key":"AttackPotion"},{"floor":20,"key":"EssenceOfSteel"},{"floor":22,"key":"LiquidBronze"}],"is_trial":false,"path_per_floor":["M","M","M","?","$","E","R","E","T","M","M","R","?","M","R","B",null,"M","M","M","?","M","R","$","?","T","E"],"character_chosen":"IRONCLAD","items_purchased":["Perfected Strike","War Paint","Headbutt","Vajra"],"campfire_rested":2,"item_purchase_floors":[5,5,5,24],"current_hp_per_floor":[80,80,80,80,80,75,75,59,59,65,59,84,84,89,89,83,88,74,68,17,17,14,40,40,40,40,0],"gold":132,"neow_bonus":"HUNDRED_GOLD","is_prod":false,"is_daily":false,"chose_seed":false,"campfire_upgraded":2,"win_rate":0,"timestamp":1542142677,"path_taken":["M","M","M","?","$","E","R","E","T","?","M","R","?","?","R","BOSS","M","M","M","?","?","R","$","?","T","E"],"build_version":"2018-11-12","purchased_purges":1,"victory":false,"max_hp_per_floor":[80,80,80,80,80,83,83,83,83,83,86,86,86,89,89,89,89,89,89,89,89,89,89,89,89,89,89],"card_choices":[{"not_picked":["Thunderclap","Infernal Blade"],"picked":"Whirlwind","floor":1},{"not_picked":["Warcry","True Grit"],"picked":"Rampage","floor":2},{"not_picked":["Clash","Rupture"],"picked":"Wild Strike","floor":3},{"not_picked":["Flex","Whirlwind"],"picked":"Bludgeon","floor":6},{"not_picked":["Armaments","Brutality"],"picked":"Flame Barrier","floor":8},{"not_picked":["Blood for Blood","Second Wind"],"picked":"Evolve","floor":10},{"not_picked":["Cleave","Iron Wave"],"picked":"Metallicize","floor":11},{"not_picked":["Hemokinesis","Cleave"],"picked":"True Grit","floor":14},{"not_picked":["Fiend Fire","Exhume"],"picked":"Limit Break","floor":16},{"not_picked":["Fire Breathing","Headbutt"],"picked":"Metallicize","floor":18},{"not_picked":["Twin Strike","Feel No Pain","Perfected Strike"],"picked":"SKIP","floor":19},{"not_picked":["Reckless Charge","Fiend Fire"],"picked":"Power Through+1","floor":20},{"not_picked":["Sword Boomerang","Cleave"],"picked":"Flex+1","floor":22}],"player_experience":536283,"relics_obtained":[{"floor":6,"key":"Red Skull"},{"floor":8,"key":"Omamori"},{"floor":26,"key":"The Courier"}],"event_choices":[{"damage_healed":0,"gold_gain":0,"player_choice":"1 cards matched","damage_taken":0,"max_hp_gain":0,"max_hp_loss":0,"event_name":"Match and Keep!","floor":4,"gold_loss":0,"cards_obtained":["Feed"]},{"damage_healed":0,"gold_gain":0,"player_choice":"Got Potions","damage_taken":0,"max_hp_gain":0,"max_hp_loss":0,"event_name":"Lab","floor":13,"gold_loss":0},{"damage_healed":0,"gold_gain":0,"player_choice":"Upgraded","damage_taken":0,"max_hp_gain":0,"max_hp_loss":0,"event_name":"Upgrade Shrine","floor":21,"gold_loss":0,"cards_upgraded":["Bash"]},{"damage_healed":0,"gold_gain":0,"player_choice":"Ignored","damage_taken":0,"max_hp_gain":0,"max_hp_loss":0,"event_name":"Ghosts","floor":25,"gold_loss":0}],"is_beta":true,"boss_relics":[{"not_picked":["Ectoplasm","Runic Dome"],"picked":"White Beast Statue"}],"items_purged_floors":[24],"is_endless":false,"potions_floor_spawned":[1,3,6,16,18,19,20,22],"killed_by":"Gremlin Leader","ascension_level":5}