{"path_per_floor":["M","?","M","?","M","E","M","R","T","M","E","R","M","M","R","B",null,"M","?","?","$","M","R","M","?","T","R","M","$","M","M","R","B",null,"M","M","?","?","$","R","?","M","T","M","R","M"],"character_chosen":"IRONCLAD","items_purchased":["War Paint","Inflame","Weak Potion","Armaments","Enlightenment"],"gold_per_floor":[14,14,32,32,42,76,92,92,92,106,136,136,155,167,167,269,269,282,282,282,131,143,143,161,161,161,161,173,47,59,79,79,182,182,197,214,214,214,0,0,0,13,64,74,74,84],"floor_reached":47,"campfire_rested":2,"playtime":4765,"current_hp_per_floor":[78,78,78,78,80,60,58,58,58,64,59,59,65,67,67,38,80,79,63,63,63,57,57,59,59,59,59,50,50,44,50,74,13,80,70,52,52,52,52,52,72,27,27,25,49,33],"items_purged":[],"gold":84,"score":416,"play_id":"d576d91a-f789-4c48-a69d-bf9e0442fd17","local_time":"20180309232624","is_prod":false,"is_daily":false,"is_ascension_mode":false,"campfire_upgraded":6,"timestamp":1520630784,"path_taken":["M","?","?","?","M","E","M","R","T","M","E","R","M","M","R","BOSS","M","?","?","$","M","R","M","?","T","R","?","?","M","M","R","BOSS","M","M","?","?","$","R","?","M","T","?","R","M","M"],"build_version":"2018-03-01-PROD1","purchased_purges":1,"victory":false,"master_deck":["Strike_R","Strike_R","Strike_R+1","Strike_R","Strike_R","Defend_R+1","Defend_R+1","Defend_R+1","Defend_R+1","Bash+1","Spot Weakness+1","Rampage+1","Cleave","Entrench+1","Anger+1","Cleave","Disarm+1","Twin Strike+1","Twin Strike","Bludgeon","Rage+1","Metallicize+1","Headbutt+1","Pommel Strike+1","Inflame","Inflame+1","Twin Strike+1","Demon Form","Thunderclap+1","Sword Boomerang+1","Armaments","Enlightenment","Writhe","True Grit+1","Anger+1","Anger+1"],"max_hp_per_floor":[80,80,80,80,80,80,80,80,80,80,80,80,80,80,80,80,80,80,80,80,80,80,80,80,80,80,80,80,80,80,80,80,80,80,80,80,80,80,80,80,80,80,80,80,80,80],"relics":["Burning Blood","Gambling Chip","Happy Flower","Orichalcum","Black Star","Enchiridion","War Paint","Nloth\u0027s Gift","Unceasing Top","Velvet Choker","Whetstone"],"card_choices":[{"not_picked":["Body Slam","True Grit"],"picked":"Spot Weakness"},{"not_picked":["Warcry","Bloodletting"],"picked":"Rampage"},{"not_picked":["True Grit","Headbutt"],"picked":"Cleave"},{"not_picked":["Body Slam","Berserk"],"picked":"Entrench"},{"not_picked":["Flex","Second Wind"],"picked":"Anger"},{"not_picked":["Uppercut","Warcry"],"picked":"Cleave"},{"not_picked":["Cleave","Thunderclap"],"picked":"Disarm"},{"not_picked":["True Grit","Warcry"],"picked":"Twin Strike"},{"not_picked":["Cleave","Clash"],"picked":"Twin Strike"},{"not_picked":["Limit Break","Feed"],"picked":"Bludgeon"},{"not_picked":["Blood for Blood","Pommel Strike"],"picked":"Rage"},{"not_picked":["Flame Barrier","Sword Boomerang"],"picked":"Metallicize"},{"not_picked":["Flex","Twin Strike"],"picked":"Headbutt"},{"not_picked":["Flame Barrier","Sword Boomerang"],"picked":"Pommel Strike"},{"not_picked":["Thunderclap","Iron Wave"],"picked":"Inflame"},{"not_picked":["Rupture","Feel No Pain"],"picked":"Twin Strike"},{"not_picked":["Reaper","Double Tap"],"picked":"Demon Form"},{"not_picked":["Pummel","Warcry"],"picked":"Thunderclap"},{"not_picked":["Feel No Pain","True Grit"],"picked":"Sword Boomerang"},{"not_picked":["Rupture","Warcry"],"picked":"True Grit"},{"not_picked":["Perfected Strike","Sword Boomerang"],"picked":"Anger"},{"not_picked":["Ghostly Armor","Juggernaut"],"picked":"Anger"}],"player_experience":75472,"potions_floor_usage":[30,33,33,42,44,47],"damage_taken":[{"damage":8.0,"enemies":"Jaw Worm","floor":1.0,"turns":6.0},{"damage":6.0,"enemies":"Cultist","floor":3.0,"turns":3.0},{"damage":0.0,"enemies":"Small Slimes","floor":5.0,"turns":4.0},{"damage":26.0,"enemies":"Lagavulin","floor":6.0,"turns":6.0},{"damage":8.0,"enemies":"Red Slaver","floor":7.0,"turns":3.0},{"damage":0.0,"enemies":"Large Slime","floor":10.0,"turns":7.0},{"damage":11.0,"enemies":"3 Sentries","floor":11.0,"turns":6.0},{"damage":0.0,"enemies":"Exordium Thugs","floor":13.0,"turns":5.0},{"damage":4.0,"enemies":"Blue Slaver","floor":14.0,"turns":4.0},{"damage":35.0,"enemies":"The Guardian","floor":16.0,"turns":10.0},{"damage":7.0,"enemies":"Shell Parasite","floor":18.0,"turns":4.0},{"damage":12.0,"enemies":"3 Byrds","floor":22.0,"turns":7.0},{"damage":4.0,"enemies":"Centurion and Healer","floor":24.0,"turns":9.0},{"damage":15.0,"enemies":"Snecko","floor":28.0,"turns":5.0},{"damage":12,"enemies":"Sentry and Sphere","floor":30,"turns":5},{"damage":0,"enemies":"3 Cultists","floor":31,"turns":4},{"damage":67,"enemies":"Automaton","floor":33,"turns":9},{"damage":16,"enemies":"Orb Walker","floor":35,"turns":3},{"damage":24,"enemies":"3 Darklings","floor":36,"turns":4},{"damage":51,"enemies":"4 Shapes","floor":42,"turns":5},{"damage":8,"enemies":"Maw","floor":44,"turns":6},{"damage":22,"enemies":"3 Darklings","floor":46,"turns":6},{"damage":38,"enemies":"4 Shapes","floor":47,"turns":3}],"event_choices":[{"event_name":"Living Wall","player_choice":"Grow","floor":2.0,"damage_taken":0.0},{"event_name":"Accursed Blacksmith","player_choice":"Forge","floor":4.0,"damage_taken":0.0},{"event_name":"Cursed Tome","player_choice":"Obtained Book","floor":19.0,"damage_taken":0.0},{"event_name":"Upgrade Shrine","player_choice":"Upgraded","floor":20.0,"damage_taken":0.0},{"event_name":"N\u0027loth","player_choice":"Traded a Charon\u0027s Ashes","floor":25.0,"damage_taken":0.0},{"event_name":"Mysterious Sphere","player_choice":"Ignore","floor":37,"damage_taken":0},{"event_name":"Tomb of Lord Red Mask","player_choice":"Ignored","floor":38,"damage_taken":0},{"event_name":"Winding Halls","player_choice":"Writhe","floor":41,"damage_taken":0}],"boss_relics":[{"not_picked":["Sozu","Runic Dome"],"picked":"Velvet Choker"}],"potions_floor_spawned":[5,7,11,14,16,24,31,33,36,46],"seed_played":"4316025271636864539","killed_by":"4 Shapes","ascension_level":0,"is_trial":false}