{"gold_per_floor":[114,129,144,105,120,120,120,150,200,200,230,230,296,326,326,438,450,477,489,501,513,50,80,410,440,515,515,15,15,15,30,30,130,130,145,145,145,160,260,290,320,320,320,350,380,33,48,48,48,48],"floor_reached":51,"playtime":2000,"items_purged":[],"score":1108,"play_id":"8208962a-cb85-4f0d-9af5-323e9901e012","local_time":"20181231165552","daily_mods":["Cursed Run","Flight","Binary"],"is_ascension_mode":false,"campfire_choices":[{"data":"Sweeping Beam","floor":6.0,"key":"SMITH"},{"data":"Coolheaded","floor":10.0,"key":"SMITH"},{"data":"Ball Lightning","floor":12.0,"key":"SMITH"},{"floor":15.0,"key":"DIG"},{"floor":27.0,"key":"REST"},{"floor":29.0,"key":"DIG"},{"floor":32.0,"key":"DIG"},{"floor":42,"key":"DIG"},{"floor":49,"key":"REST"}],"neow_cost":"","seed_source_timestamp":0,"circlet_count":0,"master_deck":["Strike_B","Strike_B","Strike_B","Strike_B","Defend_B","Defend_B","Defend_B","Defend_B","Zap","Dualcast","Compile Driver","Sweeping Beam+1","Coolheaded+1","FTL","Glacier","Shame","Ball Lightning+1","Creative AI","Parasite","Electrodynamics","Loop","Compile Driver","Consume","Coolheaded","Darkness","Ball Lightning+1","Decay","Hologram","Injury","Buffer","Writhe","Multi-Cast+1","Decay","Force Field+1","Conserve Battery+1","Discovery+1","Fusion+1","Panache","Shame"],"special_seed":17896,"relics":["Cursed Key","Darkstone Periapt","Du-Vu Doll","Ornamental Fan","Symbiotic Virus","Smiling Mask","Cables","Shovel","MawBank","Orrery","Molten Egg 2","Bag of Preparation","Calipers","Matryoshka","Old Coin","Anchor","Regal Pillow","Kunai","Turnip","Sling","Mango","Girya","Inserter","Ice Cream","Toxic Egg 2","Happy Flower","The Courier","DataDisk","Letter Opener","Bag of Marbles","Thread and Needle","Bronze Scales","ClockworkSouvenir"],"potions_floor_usage":[33,33,41],"damage_taken":[{"damage":0.0,"enemies":"Small Slimes","floor":1.0,"turns":3.0},{"damage":2.0,"enemies":"Jaw Worm","floor":2.0,"turns":3.0},{"damage":0.0,"enemies":"2 Louse","floor":3.0,"turns":2.0},{"damage":0.0,"enemies":"Looter","floor":5.0,"turns":3.0},{"damage":18.0,"enemies":"Gremlin Nob","floor":8.0,"turns":4.0},{"damage":8.0,"enemies":"3 Sentries","floor":11.0,"turns":4.0},{"damage":2.0,"enemies":"Gremlin Nob","floor":14.0,"turns":3.0},{"damage":7.0,"enemies":"The Guardian","floor":16.0,"turns":11.0},{"damage":7.0,"enemies":"3 Byrds","floor":18.0,"turns":4.0},{"damage":24.0,"enemies":"Book of Stabbing","floor":23.0,"turns":6.0},{"damage":13.0,"enemies":"Gremlin Leader","floor":24.0,"turns":6.0},{"damage":9.0,"enemies":"Slavers","floor":25.0,"turns":3.0},{"damage":0.0,"enemies":"2 Thieves","floor":31.0,"turns":4.0},{"damage":20,"enemies":"Automaton","floor":33,"turns":9},{"damage":22,"enemies":"3 Darklings","floor":35,"turns":6},{"damage":5,"enemies":"Orb Walker","floor":38,"turns":4},{"damage":0,"enemies":"Mind Bloom Boss Battle","floor":39,"turns":4},{"damage":71,"enemies":"Giant Head","floor":40,"turns":9},{"damage":11,"enemies":"Nemesis","floor":41,"turns":7},{"damage":18,"enemies":"Reptomancer","floor":44,"turns":7},{"damage":0,"enemies":"Nemesis","floor":45,"turns":7},{"damage":2,"enemies":"Writhing Mass","floor":47,"turns":5},{"damage":18,"enemies":"Time Eater","floor":50,"turns":4}],"seed_played":"-1256899049179470920","potions_obtained":[{"floor":2.0,"key":"FocusPotion"},{"floor":24.0,"key":"GamblersBrew"},{"floor":25.0,"key":"PowerPotion"},{"floor":31.0,"key":"SkillPotion"},{"floor":35,"key":"Block Potion"}],"is_trial":false,"path_per_floor":["M","M","M","$","M","R","?","E","T","R","E","R","?","E","R","B",null,"M","?","$","?","$","E","E","E","T","R","$","R","?","M","R","B",null,"M","?","?","M","?","E","E","R","T","E","E","$","M","?","R","B",null],"character_chosen":"DEFECT","items_purchased":["FTL","Bag of Preparation","Calipers","Coolheaded","Turnip","Sling","Bronze Scales","Discovery+1","ClockworkSouvenir"],"campfire_rested":2,"item_purchase_floors":[4,22,22,22,28,28,46,46,46],"current_hp_per_floor":[75,73,73,73,73,73,70,52,58,58,50,50,50,48,48,47,87,80,80,80,63,63,39,26,17,23,67,67,81,81,81,81,67,118,96,124,124,119,119,48,37,37,43,25,25,25,23,23,77,65],"gold":48,"neow_bonus":"","is_prod":false,"is_daily":true,"chose_seed":false,"campfire_upgraded":3,"win_rate":0,"timestamp":1546271752,"path_taken":["M","M","M","$","M","R","?","E","T","R","E","R","?","E","R","BOSS","M","?","$","?","$","E","E","E","T","R","$","R","?","M","R","BOSS","M","?","?","M","?","E","E","R","T","E","E","$","M","?","R","BOSS"],"build_version":"2018-12-20","purchased_purges":0,"victory":true,"max_hp_per_floor":[75,75,75,75,75,75,75,75,81,81,81,81,81,81,81,87,87,87,87,87,92,92,92,92,92,98,98,98,112,112,112,112,118,118,118,124,124,124,124,124,124,124,130,130,130,130,130,130,130,136],"card_choices":[{"not_picked":["Go for the Eyes"],"picked":"Compile Driver","floor":1.0},{"not_picked":["Hologram"],"picked":"Sweeping Beam","floor":2.0},{"not_picked":["Loop"],"picked":"Coolheaded","floor":3.0},{"not_picked":["Redo","Rebound"],"picked":"SKIP","floor":5.0},{"not_picked":["Streamline"],"picked":"Glacier","floor":8.0},{"not_picked":["Lockon"],"picked":"Ball Lightning","floor":11.0},{"not_picked":["Thunder Strike"],"picked":"Creative AI","floor":14.0},{"not_picked":["Machine Learning"],"picked":"Electrodynamics","floor":16.0},{"not_picked":["Leap"],"picked":"Loop","floor":17.0},{"not_picked":["Steam"],"picked":"Compile Driver","floor":17.0},{"not_picked":["Lockon"],"picked":"Consume","floor":18.0},{"not_picked":["Compile Driver+1"],"picked":"Darkness","floor":23.0},{"not_picked":["Tempest"],"picked":"Ball Lightning+1","floor":24.0},{"not_picked":["Go for the Eyes+1","Sweeping Beam+1"],"picked":"SKIP","floor":25.0},{"not_picked":["Stack"],"picked":"Hologram","floor":31.0},{"not_picked":["Meteor Strike+1"],"picked":"Buffer","floor":33},{"not_picked":["Sunder+1","Force Field"],"picked":"SKIP","floor":35},{"not_picked":["Steam","Rebound+1"],"picked":"SKIP","floor":38},{"not_picked":["Go for the Eyes+1","Compile Driver+1"],"picked":"SKIP","floor":40},{"not_picked":["Ball Lightning+1"],"picked":"Multi-Cast+1","floor":41},{"not_picked":["Hologram+1"],"picked":"Force Field+1","floor":44},{"not_picked":["Hologram+1"],"picked":"Conserve Battery+1","floor":45},{"not_picked":["Loop"],"picked":"Fusion+1","floor":47},{"not_picked":["Forethought+1"],"picked":"Panache","floor":48}],"player_experience":1830818,"relics_obtained":[{"floor":8.0,"key":"Symbiotic Virus"},{"floor":9.0,"key":"Smiling Mask"},{"floor":11.0,"key":"Cables"},{"floor":14.0,"key":"Shovel"},{"floor":15.0,"key":"MawBank"},{"floor":23.0,"key":"Matryoshka"},{"floor":24.0,"key":"Old Coin"},{"floor":25.0,"key":"Anchor"},{"floor":26.0,"key":"Regal Pillow"},{"floor":26.0,"key":"Kunai"},{"floor":29.0,"key":"Mango"},{"floor":32.0,"key":"Girya"},{"floor":39,"key":"Ice Cream"},{"floor":40,"key":"Toxic Egg 2"},{"floor":41,"key":"Happy Flower"},{"floor":42,"key":"The Courier"},{"floor":43,"key":"DataDisk"},{"floor":43,"key":"Letter Opener"},{"floor":44,"key":"Bag of Marbles"},{"floor":45,"key":"Thread and Needle"}],"event_choices":[{"damage_healed":0.0,"max_hp_gain":0.0,"max_hp_loss":0.0,"gold_gain":0.0,"event_name":"Scrap Ooze","player_choice":"Success","floor":7.0,"gold_loss":0.0,"damage_taken":3.0,"relics_obtained":["Ornamental Fan"]},{"damage_healed":0.0,"max_hp_gain":0.0,"max_hp_loss":0.0,"gold_gain":66.0,"event_name":"Golden Wing","player_choice":"Gained Gold","floor":13.0,"gold_loss":0.0,"damage_taken":0.0},{"damage_healed":0.0,"max_hp_gain":0.0,"max_hp_loss":0.0,"gold_gain":0.0,"event_name":"The Mausoleum","player_choice":"Opened","floor":19.0,"gold_loss":0.0,"damage_taken":0.0,"relics_obtained":["Molten Egg 2"]},{"damage_healed":0.0,"max_hp_gain":5.0,"max_hp_loss":0.0,"gold_gain":0.0,"event_name":"Forgotten Altar","player_choice":"Shed Blood","floor":21.0,"gold_loss":0.0,"damage_taken":22.0},{"damage_healed":0.0,"max_hp_gain":0.0,"max_hp_loss":0.0,"gold_gain":0.0,"event_name":"Beggar","player_choice":"Ignored","floor":30.0,"gold_loss":0.0,"damage_taken":0.0},{"damage_healed":30,"gold_gain":0,"player_choice":"Writhe","damage_taken":0,"max_hp_gain":0,"max_hp_loss":0,"event_name":"Winding Halls","floor":36,"gold_loss":0,"cards_obtained":["Writhe"]},{"damage_healed":0,"gold_gain":0,"player_choice":"Ignored","damage_taken":0,"max_hp_gain":0,"max_hp_loss":0,"event_name":"Tomb of Lord Red Mask","floor":37,"gold_loss":0},{"damage_healed":0,"gold_gain":0,"player_choice":"Fight","damage_taken":0,"max_hp_gain":0,"max_hp_loss":0,"event_name":"MindBloom","floor":39,"gold_loss":0},{"damage_healed":0,"gold_gain":0,"player_choice":"Memory 1","damage_taken":0,"max_hp_gain":0,"max_hp_loss":0,"event_name":"SensoryStone","floor":48,"gold_loss":0}],"is_beta":false,"boss_relics":[{"not_picked":["Velvet Choker","Coffee Dripper"],"picked":"Orrery"},{"not_picked":["Tiny House","Lizard Tail"],"picked":"Inserter"}],"items_purged_floors":[],"is_endless":false,"potions_floor_spawned":[2,24,25,31,35],"ascension_level":0}