{"gold_per_floor":[112,125,54,64,82,82,110,110,134,159,184,205,205,226,226,319,319,288,288],"floor_reached":19,"playtime":1344,"items_purged":[],"score":303,"play_id":"05a6b6c4-9c59-4f77-8577-7abbaa9a53b1","local_time":"20181024171544","is_ascension_mode":true,"campfire_choices":[{"floor":6,"key":"REST"},{"floor":13,"key":"REST"},{"floor":15,"key":"REST"}],"neow_cost":"NONE","seed_source_timestamp":1258350912876189,"circlet_count":0,"master_deck":["Strike_B","Defend_B","Defend_B","Defend_B","Defend_B","Zap","Dualcast","AscendersBane","White Noise+1","Seek+1","Coolheaded+1","Sunder","Genetic Algorithm","Capacitor","Conserve Battery","FTL","Hologram","Compile Driver","Chill","BootSequence","Machine Learning","White Noise"],"relics":["Astrolabe","Happy Flower","Golden Idol","Pen Nib","Eternal Feather"],"potions_floor_usage":[7,16,16],"damage_taken":[{"damage":1,"enemies":"Cultist","floor":1,"turns":4},{"damage":14,"enemies":"Jaw Worm","floor":2,"turns":5},{"damage":8,"enemies":"Small Slimes","floor":4,"turns":3},{"damage":20,"enemies":"Exordium Wildlife","floor":5,"turns":4},{"damage":20,"enemies":"3 Sentries","floor":7,"turns":9},{"damage":2,"enemies":"2 Fungi Beasts","floor":10,"turns":3},{"damage":7,"enemies":"Red Slaver","floor":11,"turns":5},{"damage":0,"enemies":"Looter","floor":12,"turns":2},{"damage":5,"enemies":"Exordium Thugs","floor":14,"turns":6},{"damage":30,"enemies":"The Guardian","floor":16,"turns":11},{"damage":39,"enemies":"2 Thieves","floor":18,"turns":5},{"damage":20,"enemies":"Chosen","floor":19,"turns":4}],"seed_played":"-2600532694017685367","potions_obtained":[{"floor":4,"key":"Swift Potion"},{"floor":5,"key":"FearPotion"},{"floor":10,"key":"SteroidPotion"},{"floor":11,"key":"PowerPotion"}],"is_trial":false,"path_per_floor":["M","M","$","M","M","R","E","?","T","M","M","M","R","M","R","B",null,"M"],"character_chosen":"DEFECT","items_purchased":["Capacitor"],"campfire_rested":3,"item_purchase_floors":[3],"current_hp_per_floor":[63,49,49,41,21,42,22,22,22,20,13,13,32,27,46,16,52,13,0],"gold":288,"neow_bonus":"BOSS_RELIC","is_prod":false,"is_daily":false,"chose_seed":false,"campfire_upgraded":0,"win_rate":0,"timestamp":1540415744,"path_taken":["M","M","$","?","?","R","E","?","T","M","?","M","R","M","R","BOSS","M","M"],"build_version":"2018-10-18","purchased_purges":0,"victory":false,"max_hp_per_floor":[71,71,71,71,71,71,71,64,64,64,64,64,64,64,64,64,64,64,64],"card_choices":[{"not_picked":["Go for the Eyes","Melter"],"picked":"Sunder","floor":1},{"not_picked":["Redo","Skim"],"picked":"Genetic Algorithm","floor":2},{"not_picked":["Ball Lightning","Reinforced Body"],"picked":"Conserve Battery","floor":4},{"not_picked":["Reprogram","Auto Shields"],"picked":"FTL","floor":5},{"not_picked":["Redo","Conserve Battery"],"picked":"Hologram","floor":7},{"not_picked":["FTL","Cold Snap"],"picked":"Compile Driver","floor":10},{"not_picked":["Ball Lightning","Storm","Hello World"],"picked":"SKIP","floor":11},{"not_picked":["Recycle","FTL"],"picked":"Chill","floor":12},{"not_picked":["Thunder Strike","Stack"],"picked":"BootSequence","floor":14},{"not_picked":["Electrodynamics","Amplify"],"picked":"Machine Learning","floor":16},{"not_picked":["Conserve Battery+1","Gash+1"],"picked":"White Noise","floor":18}],"player_experience":1569777,"relics_obtained":[{"floor":7,"key":"Happy Flower"},{"floor":9,"key":"Pen Nib"}],"event_choices":[{"damage_healed":0,"gold_gain":0,"player_choice":"Lose Max HP","damage_taken":0,"relics_obtained":["Golden Idol"],"max_hp_gain":0,"max_hp_loss":7,"event_name":"Golden Idol","floor":8,"gold_loss":0}],"is_beta":false,"boss_relics":[{"not_picked":["Tiny House","Nuclear Battery"],"picked":"Eternal Feather"}],"items_purged_floors":[],"is_endless":false,"potions_floor_spawned":[4,5,10,11,12],"killed_by":"Chosen","ascension_level":15}