{"gold_per_floor":[109,109,181,256,270,299,299,311,311,18,38,38,49,68,68,165,165,179,279,289,289],"floor_reached":21,"playtime":1414,"items_purged":[],"score":231,"play_id":"6f12296b-1192-45fc-889e-ae499e6f30d5","local_time":"20190105145314","is_ascension_mode":false,"campfire_choices":[{"floor":7,"key":"REST"},{"floor":15,"key":"REST"}],"neow_cost":"NONE","seed_source_timestamp":1308654109917100,"circlet_count":0,"master_deck":["Strike_R","Strike_R","Strike_R","Strike_R","Strike_R","Defend_R","Defend_R","Defend_R","Defend_R","Bash+1","Rampage+1","Twin Strike","Double Tap","Inflame","Perfected Strike","Perfected Strike","Seeing Red+1","Cleave+1"],"relics":["Eternal Feather","Du-Vu Doll","Ice Cream","Self Forming Clay","Sozu","Torii","Bottled Tornado"],"potions_floor_usage":[6,16,16,19],"damage_taken":[{"damage":0,"enemies":"Small Slimes","floor":1,"turns":3},{"damage":0,"enemies":"2 Louse","floor":5,"turns":2},{"damage":27,"enemies":"Gremlin Nob","floor":6,"turns":4},{"damage":1,"enemies":"Jaw Worm","floor":8,"turns":3},{"damage":22,"enemies":"Exordium Thugs","floor":11,"turns":4},{"damage":0,"enemies":"Exordium Wildlife","floor":13,"turns":2},{"damage":8,"enemies":"3 Louse","floor":14,"turns":3},{"damage":0,"enemies":"Slime Boss","floor":16,"turns":7},{"damage":10,"enemies":"3 Byrds","floor":18,"turns":5},{"damage":22,"enemies":"Colosseum Slavers","floor":19,"turns":4},{"damage":28,"enemies":"Colosseum Nobs","floor":19,"turns":5},{"damage":1,"enemies":"Spheric Guardian","floor":20,"turns":3},{"damage":27,"enemies":"Centurion and Healer","floor":21,"turns":3}],"seed_played":"-3735220286594159311","potions_obtained":[{"floor":5,"key":"FearPotion"},{"floor":11,"key":"Poison Potion"},{"floor":13,"key":"SkillPotion"},{"floor":14,"key":"SpeedPotion"}],"is_trial":false,"path_per_floor":["M","?","?","?","M","E","R","M","T","$","M","T","M","M","R","B",null,"M","?","M","M"],"character_chosen":"IRONCLAD","items_purchased":["Ice Cream"],"campfire_rested":2,"item_purchase_floors":[10],"current_hp_per_floor":[80,64,64,53,53,26,56,55,55,55,33,33,33,25,58,58,80,70,20,19,0],"gold":289,"neow_bonus":"BOSS_RELIC","is_prod":false,"is_daily":false,"chose_seed":false,"campfire_upgraded":0,"win_rate":0,"timestamp":1546728794,"path_taken":["M","?","?","?","M","E","R","?","T","$","M","?","M","M","R","BOSS","M","?","M","M"],"build_version":"2019-01-03v4","purchased_purges":0,"victory":false,"max_hp_per_floor":[80,80,80,80,80,80,80,80,80,80,80,80,80,80,80,80,80,80,80,80,80],"card_choices":[{"not_picked":["Sword Boomerang","Dual Wield"],"picked":"Rampage","floor":1},{"not_picked":["Body Slam","Combust"],"picked":"Twin Strike","floor":5},{"not_picked":["Blood for Blood","Battle Trance"],"picked":"Double Tap","floor":6},{"not_picked":["Perfected Strike","True Grit"],"picked":"Inflame","floor":8},{"not_picked":["True Grit","Anger"],"picked":"Perfected Strike","floor":11},{"not_picked":["Heavy Blade","Warcry"],"picked":"Perfected Strike","floor":13},{"not_picked":["Heavy Blade","Reckless Charge","Shrug It Off"],"picked":"SKIP","floor":14},{"not_picked":["Corruption","Pommel Strike+1"],"picked":"Seeing Red+1","floor":18},{"not_picked":["Disarm+1","Metallicize"],"picked":"Cleave+1","floor":19},{"not_picked":["Pummel","Thunderclap","True Grit"],"picked":"SKIP","floor":20}],"player_experience":64178,"relics_obtained":[{"floor":6,"key":"Du-Vu Doll"},{"floor":12,"key":"Self Forming Clay"},{"floor":19,"key":"Torii"},{"floor":19,"key":"Bottled Tornado"}],"event_choices":[{"damage_healed":0,"gold_gain":0,"player_choice":"Entered Light","damage_taken":16,"max_hp_gain":0,"max_hp_loss":0,"event_name":"Shining Light","floor":2,"gold_loss":0,"cards_upgraded":["Rampage","Bash"]},{"damage_healed":0,"gold_gain":72,"player_choice":"Gained Gold","damage_taken":0,"max_hp_gain":0,"max_hp_loss":0,"event_name":"Golden Wing","floor":3,"gold_loss":0},{"damage_healed":0,"gold_gain":75,"player_choice":"Gather Gold","damage_taken":11,"max_hp_gain":0,"max_hp_loss":0,"event_name":"World of Goop","floor":4,"gold_loss":0},{"damage_healed":0,"gold_gain":0,"player_choice":"Fight","damage_taken":0,"max_hp_gain":0,"max_hp_loss":0,"event_name":"Colosseum","floor":19,"gold_loss":0},{"damage_healed":0,"gold_gain":0,"player_choice":"Fought Nobs","damage_taken":0,"max_hp_gain":0,"max_hp_loss":0,"event_name":"Colosseum","floor":19,"gold_loss":0}],"is_beta":false,"boss_relics":[{"not_picked":["Tiny House","Busted Crown"],"picked":"Sozu"}],"items_purged_floors":[],"is_endless":false,"potions_floor_spawned":[5,11,13,14,18,19,20],"killed_by":"Centurion and Healer","ascension_level":0}