{"gold_per_floor":[110,124,124,140,140,155,155,155,155,155,169,169,169,192,192,323,323,339,354,354,42,55,55,71,89,113,113],"floor_reached":27,"playtime":1285,"items_purged":[],"score":279,"play_id":"fe4bfa25-9c97-4af6-9544-1a1edcefffe5","local_time":"20180629152408","is_ascension_mode":true,"campfire_choices":[{"data":"Zap","floor":7,"key":"SMITH"},{"floor":10,"key":"REST"},{"data":"Dualcast","floor":12,"key":"SMITH"},{"data":"Redo","floor":15,"key":"SMITH"},{"floor":23,"key":"REST"}],"neow_cost":"","seed_source_timestamp":416021464233704,"circlet_count":0,"master_deck":["Zap+1","Dualcast+1","Streamline","Cold Snap","Redo+1","Ball Lightning","Blizzard","Cold Snap","Buffer","Rebound","Ball Lightning","Leap","Beam Cell","Steam","Conserve Battery","Storm","Heatsinks","Coolheaded","Self Repair","Static Discharge","Coolheaded"],"relics":["Cracked Core","Golden Idol","Matryoshka","Pandora\u0027s Box","Medical Kit","Blood Vial","Bag of Marbles"],"potions_floor_usage":[14,16,16,16,16,16,19],"damage_taken":[{"damage":8,"enemies":"Jaw Worm","floor":1,"turns":4},{"damage":1,"enemies":"Cultist","floor":2,"turns":3},{"damage":0,"enemies":"Small Slimes","floor":4,"turns":2},{"damage":0,"enemies":"3 Louse","floor":6,"turns":2},{"damage":13,"enemies":"Exordium Thugs","floor":11,"turns":4},{"damage":0,"enemies":"Exordium Wildlife","floor":14,"turns":2},{"damage":10,"enemies":"The Guardian","floor":16,"turns":12},{"damage":5,"enemies":"3 Byrds","floor":18,"turns":4},{"damage":16,"enemies":"Spheric Guardian","floor":19,"turns":4},{"damage":22,"enemies":"Snecko","floor":22,"turns":5},{"damage":44,"enemies":"Slaver and Parasite","floor":24,"turns":7},{"damage":20,"enemies":"Chosen and Byrds","floor":25,"turns":5},{"damage":12,"enemies":"Snake Plant","floor":27,"turns":1}],"seed_played":"5877825159217534498","potions_obtained":[{"floor":6,"key":"EssenceOfSteel"},{"floor":11,"key":"EntropicBrew"},{"floor":13,"key":"Fruit Juice"},{"floor":14,"key":"Swift Potion"},{"floor":18,"key":"Fruit Juice"},{"floor":19,"key":"Dexterity Potion"}],"is_trial":false,"path_per_floor":["M","M","?","M","?","M","R","?","T","R","M","R","?","M","R","B",null,"M","M","?","$","M","R","M","M","T"],"character_chosen":"DEFECT","items_purchased":["Coolheaded","Medical Kit","Self Repair"],"campfire_rested":2,"item_purchase_floors":[21,21,21],"current_hp_per_floor":[60,59,59,59,59,59,59,52,52,69,56,56,56,61,61,51,68,63,52,52,52,37,60,23,10,10,0],"gold":113,"neow_bonus":"","is_prod":false,"is_daily":false,"chose_seed":false,"campfire_upgraded":3,"win_rate":0,"timestamp":1530300248,"path_taken":["M","M","?","M","?","M","R","?","T","R","?","R","?","?","R","BOSS","M","M","?","$","M","R","M","M","T","M"],"build_version":"2018-06-28","purchased_purges":0,"victory":false,"max_hp_per_floor":[75,75,75,75,69,69,69,69,69,69,69,69,69,74,74,74,74,74,79,79,79,79,79,79,79,79,79],"card_choices":[{"not_picked":["Hologram","Turbo"],"picked":"Streamline","floor":1},{"not_picked":["Hologram","Conserve Battery"],"picked":"Cold Snap","floor":2},{"not_picked":["Rebound","Leap"],"picked":"Redo","floor":4},{"not_picked":["Go for the Eyes","Steam"],"picked":"Ball Lightning","floor":6},{"not_picked":["Steam Power","Multi-Cast"],"picked":"Blizzard","floor":11},{"not_picked":["Hologram","Tempest"],"picked":"Cold Snap","floor":14},{"not_picked":["Seek","Hyperbeam"],"picked":"Buffer","floor":16},{"not_picked":["Hologram","Stack"],"picked":"Storm","floor":18},{"not_picked":["Darkness+1","Compile Driver"],"picked":"Heatsinks","floor":19},{"not_picked":["Barrage","Gash","Turbo"],"picked":"SKIP","floor":22},{"not_picked":["Double Energy","Steam"],"picked":"Static Discharge","floor":24},{"not_picked":["Recycle","Steam+1"],"picked":"Coolheaded","floor":25}],"player_experience":863871,"relics_obtained":[{"floor":9,"key":"Matryoshka"},{"floor":26,"key":"Blood Vial"},{"floor":26,"key":"Bag of Marbles"}],"event_choices":[{"event_name":"Purifier","player_choice":"One Purge","floor":3,"damage_taken":0},{"event_name":"Golden Idol","player_choice":"Lose Max HP","floor":5,"damage_taken":0},{"event_name":"Golden Wing","player_choice":"Card Removal","floor":8,"damage_taken":0},{"event_name":"The Lab","player_choice":"Got Potions","floor":13,"damage_taken":0},{"event_name":"Vampires","player_choice":"Ignored","floor":20,"damage_taken":0}],"boss_relics":[{"not_picked":["Empty Cage","Black Star"],"picked":"Pandora\u0027s Box"}],"items_purged_floors":[],"is_endless":false,"potions_floor_spawned":[6,11,14,18,19],"killed_by":"Snake Plant","ascension_level":7}