{"gold_per_floor":[119,133,149,149,6,6,6,16,69,80,80,80,31,45,45,147,147,163,175,275,275,275,275,286,286,286,305,13,13,31,31,31,129,159,170,170,182,206,223,223,242,242,266,281,281,25,25,45,45,45],"floor_reached":51,"playtime":3084,"items_purged":["Turbo","Ball Lightning"],"score":764,"play_id":"5e7600a3-fb18-4765-a9b3-e7f343b14cf2","local_time":"20180701211411","is_ascension_mode":false,"campfire_choices":[{"data":"Zap","floor":12,"key":"SMITH"},{"floor":15,"key":"REST"},{"data":"Streamline","floor":23,"key":"SMITH"},{"floor":25,"key":"REST"},{"floor":32,"key":"REST"},{"floor":40,"key":"REST"},{"data":"Hologram","floor":42,"key":"SMITH"},{"data":"Gash","floor":45,"key":"SMITH"},{"data":"Dualcast","floor":47,"key":"SMITH"},{"floor":49,"key":"REST"}],"neow_cost":"NONE","seed_source_timestamp":607932511646886,"circlet_count":0,"master_deck":["Defend_B","Defend_B","Defend_B","Zap+1","Dualcast+1","Stack+1","Gash","Cold Snap","Coolheaded+1","Hologram","Coolheaded+1","Streamline+1","Bite","Bite","Bite+1","Bite","Bite","Hologram+1","Gash","Compile Driver","Gash","Hologram","Sweeping Beam","Cold Snap+1","Gash+1","Go for the Eyes","Beam Cell"],"relics":["Cracked Core","Lantern","Pen Nib","Mango","Lizard Tail","Pantograph","Potion Belt","Lee\u0027s Waffle","Tiny House","War Paint","Strawberry","Bronze Scales"],"potions_floor_usage":[16,16,18,33,33,50,50,50],"damage_taken":[{"damage":0,"enemies":"2 Louse","floor":1,"turns":2},{"damage":1,"enemies":"Cultist","floor":2,"turns":4},{"damage":0,"enemies":"Small Slimes","floor":3,"turns":3},{"damage":19,"enemies":"Gremlin Gang","floor":8,"turns":4},{"damage":5,"enemies":"Large Slime","floor":10,"turns":6},{"damage":7,"enemies":"3 Louse","floor":14,"turns":3},{"damage":18,"enemies":"The Guardian","floor":16,"turns":14},{"damage":12,"enemies":"3 Byrds","floor":18,"turns":6},{"damage":8,"enemies":"Shell Parasite","floor":19,"turns":6},{"damage":48,"enemies":"Snake Plant","floor":24,"turns":5},{"damage":31,"enemies":"Snecko","floor":27,"turns":5},{"damage":43,"enemies":"Slaver and Parasite","floor":30,"turns":6},{"damage":111,"enemies":"Collector","floor":33,"turns":12},{"damage":11,"enemies":"3 Shapes","floor":35,"turns":6},{"damage":23,"enemies":"Orb Walker","floor":37,"turns":4},{"damage":25,"enemies":"3 Darklings","floor":39,"turns":7},{"damage":14,"enemies":"4 Shapes","floor":41,"turns":6},{"damage":12,"enemies":"Sphere and 2 Shapes","floor":44,"turns":5},{"damage":37,"enemies":"3 Darklings","floor":48,"turns":7},{"damage":163,"enemies":"Time Eater","floor":50,"turns":13}],"seed_played":"-4486980992727101254","potions_obtained":[{"floor":2,"key":"SkillPotion"},{"floor":8,"key":"FearPotion"},{"floor":16,"key":"Energy Potion"},{"floor":24,"key":"Explosive Potion"},{"floor":27,"key":"LiquidBronze"},{"floor":33,"key":"Block Potion"},{"floor":34,"key":"EssenceOfSteel"},{"floor":37,"key":"PowerPotion"},{"floor":41,"key":"Swift Potion"},{"floor":48,"key":"FearPotion"}],"is_trial":false,"path_per_floor":["M","M","M","?","$","?","?","M","T","M","?","R","$","M","R","B",null,"M","M","?","T","?","R","M","R","T","M","$","?","M","?","R","B",null,"M","?","M","T","M","R","M","R","T","M","R","$","R","M","R","B"],"character_chosen":"DEFECT","items_purchased":["Blood Vial","Coolheaded","Compile Driver","Lee\u0027s Waffle","Bronze Scales"],"campfire_rested":5,"item_purchase_floors":[5,13,28,28,46],"current_hp_per_floor":[75,74,74,74,74,74,67,50,50,47,58,58,58,53,79,63,89,77,71,71,71,71,71,35,61,61,40,96,96,61,61,89,3,101,93,93,73,73,64,94,87,87,94,95,95,95,95,67,99,28],"gold":45,"neow_bonus":"REMOVE_CARD","is_prod":false,"is_daily":false,"chose_seed":false,"campfire_upgraded":5,"win_rate":0,"timestamp":1530494051,"path_taken":["M","M","M","?","$","?","?","M","T","M","?","R","$","M","R","BOSS","M","M","?","?","?","R","M","R","T","?","$","?","M","?","R","BOSS","M","?","M","?","M","R","M","R","T","?","R","$","R","M","R","BOSS"],"build_version":"2018-06-28","purchased_purges":2,"victory":true,"max_hp_per_floor":[75,75,75,75,75,75,75,75,75,75,89,89,89,89,89,89,89,89,89,89,89,89,89,89,89,89,89,96,96,96,96,96,96,101,101,101,101,101,101,101,101,101,108,108,108,108,108,108,108,108],"card_choices":[{"not_picked":["Steam","Blizzard"],"picked":"Stack","floor":1},{"not_picked":["FTL","Doom and Gloom"],"picked":"Turbo","floor":2},{"not_picked":["Doom and Gloom","Undo","Capacitor"],"picked":"SKIP","floor":3},{"not_picked":["Conserve Battery","Loop"],"picked":"Gash","floor":8},{"not_picked":["Go for the Eyes","Echo Form"],"picked":"Cold Snap","floor":10},{"not_picked":["Double Energy","Defragment"],"picked":"Hologram","floor":14},{"not_picked":["Recycle","Cold Snap+1"],"picked":"Coolheaded+1","floor":18},{"not_picked":["BootSequence+1","Blizzard+1"],"picked":"Streamline","floor":19},{"not_picked":["Steam Power","Rebound"],"picked":"Hologram","floor":24},{"not_picked":["Steam","Hologram"],"picked":"Gash","floor":27},{"not_picked":["Stack","Echo Form"],"picked":"Ball Lightning","floor":30},{"not_picked":["Conserve Battery","Streamline+1"],"picked":"Hologram","floor":34},{"not_picked":["Fusion","FTL"],"picked":"Sweeping Beam","floor":35},{"not_picked":["Blizzard","Chaos+1"],"picked":"Cold Snap+1","floor":37},{"not_picked":["All For One","Cold Snap","Streamline+1"],"picked":"SKIP","floor":39},{"not_picked":["Sunder+1","Fusion"],"picked":"Gash","floor":41},{"not_picked":["Aggregate+1","Sunder"],"picked":"Go for the Eyes","floor":44},{"not_picked":["Lockon","FTL"],"picked":"Beam Cell","floor":48}],"player_experience":885818,"relics_obtained":[{"floor":9,"key":"Pen Nib"},{"floor":21,"key":"Pantograph"},{"floor":26,"key":"Potion Belt"},{"floor":38,"key":"War Paint"},{"floor":43,"key":"Strawberry"}],"event_choices":[{"event_name":"Purifier","player_choice":"One Purge","floor":4,"damage_taken":0},{"event_name":"Wheel of Change","player_choice":"Relic","floor":6,"damage_taken":0},{"event_name":"Golden Wing","player_choice":"Card Removal","floor":7,"damage_taken":0},{"event_name":"Scrap Ooze","player_choice":"success","floor":11,"damage_taken":3},{"event_name":"Golden Shrine","player_choice":"Pray","floor":20,"damage_taken":0},{"event_name":"Vampires","player_choice":"Became a vampire (Vial)","floor":22,"damage_taken":0},{"event_name":"Duplicator","player_choice":"One dupe","floor":29,"damage_taken":0},{"event_name":"Beggar","player_choice":"Ignored","floor":31,"damage_taken":0},{"event_name":"Mysterious Sphere","player_choice":"Ignore","floor":36,"damage_taken":0}],"boss_relics":[{"not_picked":["Black Star","Runic Dome"],"picked":"Lizard Tail"},{"not_picked":["Cursed Key","Calling Bell"],"picked":"Tiny House"}],"items_purged_floors":[28,46],"is_endless":false,"potions_floor_spawned":[2,8,16,24,27,33,37,41,48],"ascension_level":0}