{"path_per_floor":["M","M","M","?","M","E","M","E","T","?","E","?","M","M","R","B",null,"M","?","M","$","M","E","R","E","T","R","T","R","M","E","R","B",null,"M","$","M","?","?","E","R","M","T","T","M","M","?","M","R","B"],"character_chosen":"THE_SILENT","items_purchased":["Ninja Scroll","Vajra","Infinite Blades","Paper Crane"],"gold_per_floor":[116,130,142,142,165,201,222,263,290,369,412,412,435,453,453,577,577,592,592,605,39,60,104,104,140,164,164,164,164,179,220,220,344,344,359,7,25,25,84,125,125,145,145,145,168,193,193,217,217,217],"floor_reached":51,"campfire_rested":3,"playtime":6918,"item_purchase_floors":[21,21,21,36],"current_hp_per_floor":[70,70,70,65,61,44,43,30,30,18,8,8,8,8,27,25,65,65,65,56,56,56,49,49,49,49,49,59,59,59,57,57,27,75,75,75,75,75,75,75,75,75,75,75,75,75,75,75,75,73],"items_purged":["Defend_G","Strike_G"],"gold":217,"score":872,"play_id":"2cfa3b94-ead5-4761-bf99-7ee8ed759f1f","local_time":"20180626172126","is_prod":false,"is_daily":false,"chose_seed":false,"is_ascension_mode":true,"campfire_upgraded":4,"win_rate":0,"timestamp":1530051686,"campfire_choices":[{"floor":15,"key":"REST"},{"data":"Infinite Blades","floor":24,"key":"SMITH"},{"data":"Sucker Punch","floor":27,"key":"SMITH"},{"data":"Dash","floor":29,"key":"SMITH"},{"data":"Backstab","floor":32,"key":"SMITH"},{"floor":41,"key":"REST"},{"floor":49,"key":"REST"}],"path_taken":["M","M","M","?","M","E","M","E","T","?","E","?","?","M","R","BOSS","M","?","?","$","M","E","R","E","T","R","?","R","M","E","R","BOSS","M","$","?","?","?","E","R","M","T","?","?","M","?","M","R","BOSS"],"build_version":"2018-06-21","seed_source_timestamp":614865790178691,"purchased_purges":2,"circlet_count":0,"victory":true,"master_deck":["Defend_G+1","Defend_G+1","Defend_G+1","Defend_G+1","Strike_G+1","Strike_G+1","Strike_G+1","Survivor+1","Neutralize+1","Sucker Punch+1","Prepared+1","Leg Sweep+1","Backstab+1","Doppelganger+1","Malaise+1","Backflip+1","All Out Attack+1","Prepared+1","Dash+1","Die Die Die+1","Well Laid Plans+1","Underhanded Strike+1","Infinite Blades+1","Sucker Punch+1","Dagger Spray+1","Heel Hook+1","Blade Dance+1","A Thousand Cuts+1","Choke+1","Prepared+1","Footwork","Dagger Throw+1"],"max_hp_per_floor":[70,70,70,65,65,65,65,65,65,65,65,65,65,65,65,65,65,65,65,65,65,65,65,65,65,65,65,75,75,75,75,75,75,75,75,75,75,75,75,75,75,75,82,82,82,82,82,82,82,82],"relics":["Ring of the Snake","Whetstone","Golden Idol","Bag of Preparation","War Paint","Orichalcum","Anchor","Bag of Marbles","Black Star","Ninja Scroll","Vajra","Happy Flower","Snake Skull","Toxic Egg 2","Toolbox","Oddly Smooth Stone","Pear","Regal Pillow","Pen Nib","Fusion Hammer","Paper Crane","Mark of the Bloom","Incense Burner","Molten Egg 2","Shuriken","Strawberry","Mercury Hourglass"],"card_choices":[{"not_picked":["Dagger Throw","Acrobatics"],"picked":"Sucker Punch","floor":1},{"not_picked":["Distraction","Flying Knee"],"picked":"Prepared","floor":2},{"not_picked":["Underhanded Strike","Deadly Poison"],"picked":"Leg Sweep","floor":3},{"not_picked":["Finisher","Dodge and Roll"],"picked":"Backstab","floor":5},{"not_picked":["Poisoned Stab","Masterful Stab"],"picked":"Doppelganger","floor":6},{"not_picked":["Deflect","Underhanded Strike"],"picked":"Malaise","floor":7},{"not_picked":["Skewer","Venomology"],"picked":"Backflip","floor":8},{"not_picked":["Backflip","Deflect"],"picked":"All Out Attack","floor":10},{"not_picked":["Acrobatics","Poisoned Stab","Outmaneuver"],"picked":"SKIP","floor":11},{"not_picked":["Riddle With Holes","Slice"],"picked":"Prepared","floor":13},{"not_picked":["Deadly Poison","Poisoned Stab"],"picked":"Dash","floor":14},{"not_picked":["Corpse Explosion","Unload"],"picked":"Die Die Die","floor":16},{"not_picked":["Eviscerate","Dodge and Roll"],"picked":"Well Laid Plans","floor":18},{"not_picked":["Flechettes","Poisoned Stab"],"picked":"Underhanded Strike","floor":20},{"not_picked":["Outmaneuver+1","Deflect"],"picked":"Sucker Punch+1","floor":22},{"not_picked":["Catalyst","Quick Slash+1"],"picked":"Dagger Spray","floor":23},{"not_picked":["PiercingWail+1","Deflect"],"picked":"Heel Hook","floor":25},{"not_picked":["Quick Slash","Well Laid Plans"],"picked":"Blade Dance+1","floor":30},{"not_picked":["Flechettes","Deflect+1","Flying Knee"],"picked":"SKIP","floor":31},{"not_picked":["Tactician+1","Night Terror+1"],"picked":"A Thousand Cuts","floor":33},{"not_picked":["Dodge and Roll+1","Underhanded Strike"],"picked":"Choke","floor":35},{"not_picked":["Deflect+1","Riddle With Holes+1","Deadly Poison+1"],"picked":"SKIP","floor":37},{"not_picked":["Bane+1","Distraction+1"],"picked":"Prepared+1","floor":39},{"not_picked":["Dash","Skewer+1"],"picked":"Footwork","floor":40},{"not_picked":["Dagger Spray+1","Deflect+1","Poisoned Stab+1"],"picked":"SKIP","floor":42},{"not_picked":["Deadly Poison+1","Outmaneuver+1","Sucker Punch+1"],"picked":"SKIP","floor":45},{"not_picked":["PiercingWail+1","Corpse Explosion+1"],"picked":"Dagger Throw+1","floor":46},{"not_picked":["Distraction+1","Slice+1","Bane+1"],"picked":"SKIP","floor":48}],"player_experience":92208,"potions_floor_usage":[8,8,20,20,22,25,30,33,33,50,50],"damage_taken":[{"damage":0,"enemies":"Small Slimes","floor":1,"turns":4},{"damage":0,"enemies":"2 Louse","floor":2,"turns":3},{"damage":0,"enemies":"Cultist","floor":3,"turns":4},{"damage":4,"enemies":"Blue Slaver","floor":5,"turns":4},{"damage":17,"enemies":"Gremlin Nob","floor":6,"turns":4},{"damage":1,"enemies":"Red Slaver","floor":7,"turns":2},{"damage":13,"enemies":"3 Sentries","floor":8,"turns":9},{"damage":12,"enemies":"Gremlin Nob","floor":10,"turns":7},{"damage":10,"enemies":"Lagavulin","floor":11,"turns":10},{"damage":0,"enemies":"3 Louse","floor":13,"turns":2},{"damage":0,"enemies":"2 Fungi Beasts","floor":14,"turns":3},{"damage":2,"enemies":"Hexaghost","floor":16,"turns":16},{"damage":0,"enemies":"Spheric Guardian","floor":18,"turns":4},{"damage":9,"enemies":"Chosen","floor":20,"turns":4},{"damage":0,"enemies":"Snecko","floor":22,"turns":2},{"damage":7,"enemies":"Book of Stabbing","floor":23,"turns":8},{"damage":0,"enemies":"Gremlin Leader","floor":25,"turns":5},{"damage":0,"enemies":"3 Cultists","floor":30,"turns":3},{"damage":2,"enemies":"Book of Stabbing","floor":31,"turns":5},{"damage":30,"enemies":"Automaton","floor":33,"turns":11},{"damage":0,"enemies":"3 Shapes","floor":35,"turns":1},{"damage":0,"enemies":"Flame Bruiser 1 Orb","floor":37,"turns":3},{"damage":0,"floor":39,"turns":2},{"damage":0,"enemies":"2 Orb Walkers","floor":40,"turns":2},{"damage":0,"enemies":"4 Shapes","floor":42,"turns":1},{"damage":0,"enemies":"Sphere and 2 Shapes","floor":45,"turns":2},{"damage":0,"enemies":"Flame Bruiser 2 Orb","floor":46,"turns":2},{"damage":0,"enemies":"Maw","floor":48,"turns":4},{"damage":2,"enemies":"Awakened One","floor":50,"turns":7}],"relics_obtained":[{"floor":6,"key":"Bag of Preparation"},{"floor":8,"key":"War Paint"},{"floor":9,"key":"Orichalcum"},{"floor":10,"key":"Anchor"},{"floor":11,"key":"Bag of Marbles"},{"floor":23,"key":"Happy Flower"},{"floor":23,"key":"Snake Skull"},{"floor":25,"key":"Toxic Egg 2"},{"floor":25,"key":"Toolbox"},{"floor":26,"key":"Oddly Smooth Stone"},{"floor":28,"key":"Pear"},{"floor":31,"key":"Regal Pillow"},{"floor":31,"key":"Pen Nib"},{"floor":39,"key":"Incense Burner"},{"floor":40,"key":"Molten Egg 2"},{"floor":40,"key":"Shuriken"},{"floor":43,"key":"Strawberry"},{"floor":44,"key":"Mercury Hourglass"}],"event_choices":[{"event_name":"Golden Idol","player_choice":"Lose Max HP","floor":4,"damage_taken":0},{"event_name":"Dead Adventurer","player_choice":"Searched \u00271\u0027 times","floor":10,"damage_taken":0},{"event_name":"The Lab","player_choice":"Got Potions","floor":12,"damage_taken":0},{"event_name":"Drug Dealer","player_choice":"Ignored","floor":19,"damage_taken":0},{"event_name":"MindBloom","player_choice":"Upgrade","floor":38,"damage_taken":0},{"event_name":"Mysterious Sphere","player_choice":"Fight","floor":39,"damage_taken":0},{"event_name":"Falling","player_choice":"Removed Attack","floor":47,"damage_taken":0}],"boss_relics":[{"not_picked":["Busted Crown","White Beast Statue"],"picked":"Black Star"},{"not_picked":["Runic Dome","Philosopher\u0027s Stone"],"picked":"Fusion Hammer"}],"items_purged_floors":[21,36],"is_endless":false,"potions_floor_spawned":[5,6,7,10,11,13,14,20,23,25,31,37,42,45,46],"seed_played":"994618097658142089","ascension_level":1,"potions_obtained":[{"floor":5,"key":"SmokeBomb"},{"floor":6,"key":"Explosive Potion"},{"floor":7,"key":"Weak Potion"},{"floor":10,"key":"Ancient Potion"},{"floor":11,"key":"SteroidPotion"},{"floor":12,"key":"EssenceOfSteel"},{"floor":12,"key":"SkillPotion"},{"floor":20,"key":"Energy Potion"},{"floor":23,"key":"Block Potion"},{"floor":25,"key":"Energy Potion"},{"floor":31,"key":"Ancient Potion"},{"floor":37,"key":"PowerPotion"},{"floor":42,"key":"Weak Potion"},{"floor":45,"key":"Fire Potion"}],"is_trial":false}