{"gold_per_floor":[110,185,185,195,210,210,222,251,251,283,62,62,85,51,51,151,151,76,36,36,0,0,0,0,0,0,0,0,0,0,0,0,0,0,0,0,0,0,0,0,0,0,0,0,0,0,0,0,0,0],"floor_reached":51,"playtime":4073,"items_purged":["Strike_G"],"score":787,"play_id":"a69bec40-5bfe-45b8-80a7-63fe0ebf7e06","local_time":"20190207152235","is_ascension_mode":false,"campfire_choices":[{"data":"Crippling Poison","floor":6.0,"key":"SMITH"},{"data":"Footwork","floor":12.0,"key":"SMITH"},{"floor":15.0,"key":"REST"},{"data":"Footwork","floor":23.0,"key":"SMITH"},{"data":"Crippling Poison","floor":28.0,"key":"SMITH"},{"data":"Infinite Blades","floor":30.0,"key":"SMITH"},{"data":"Tools of the Trade","floor":32.0,"key":"SMITH"},{"data":"Envenom","floor":40.0,"key":"SMITH"},{"data":"Cloak And Dagger","floor":42.0,"key":"SMITH"},{"data":"Cloak And Dagger","floor":46.0,"key":"SMITH"},{"data":"Cloak And Dagger","floor":49,"key":"SMITH"}],"neow_cost":"NONE","seed_source_timestamp":1176139503093329,"circlet_count":0,"master_deck":["Defend_G","Defend_G","Defend_G","Defend_G","Defend_G","Strike_G+1","Strike_G","Strike_G","Strike_G","Survivor","Neutralize+1","Crippling Poison+1","Terror","Dash","Dodge and Roll","Blur","Poisoned Stab","Footwork+1","Blur","Well Laid Plans","Envenom+1","Dodge and Roll+1","Footwork+1","Cloak And Dagger+1","Shame","Sucker Punch+1","Crippling Poison+1","Cloak And Dagger+1","Infinite Blades+1","Tools of the Trade+1","Malaise","Infinite Blades+1","Blur+1","Footwork+1","Escape Plan+1","Dodge and Roll+1","Cloak And Dagger+1","Dodge and Roll+1","Adrenaline"],"special_seed":0,"relics":["Ring of the Snake","Meat on the Bone","Bird Faced Urn","Nunchaku","Bronze Scales","Ectoplasm","Shuriken","Matryoshka","Smiling Mask","Black Star","Mango","Strawberry","Pear","Gremlin Horn","Juzu Bracelet","Prayer Wheel","Lantern","Shovel"],"potions_floor_usage":[50,50],"damage_taken":[{"damage":2.0,"enemies":"Small Slimes","floor":1.0,"turns":5.0},{"damage":0.0,"enemies":"Jaw Worm","floor":4.0,"turns":4.0},{"damage":0.0,"enemies":"2 Louse","floor":5.0,"turns":2.0},{"damage":6.0,"enemies":"Exordium Wildlife","floor":7.0,"turns":3.0},{"damage":5.0,"enemies":"Gremlin Nob","floor":8.0,"turns":4.0},{"damage":28.0,"enemies":"3 Sentries","floor":10.0,"turns":12.0},{"damage":2.0,"enemies":"Hexaghost","floor":16.0,"turns":10.0},{"damage":13.0,"enemies":"2 Thieves","floor":18.0,"turns":5.0},{"damage":0.0,"enemies":"Spheric Guardian","floor":20.0,"turns":6.0},{"damage":7.0,"enemies":"Centurion and Healer","floor":24.0,"turns":9.0},{"damage":1.0,"enemies":"Snake Plant","floor":25.0,"turns":5.0},{"damage":15.0,"enemies":"Gremlin Leader","floor":27.0,"turns":5.0},{"damage":0.0,"enemies":"Cultist and Chosen","floor":29.0,"turns":5.0},{"damage":6.0,"enemies":"Chosen and Byrds","floor":31.0,"turns":5.0},{"damage":8.0,"enemies":"Automaton","floor":33.0,"turns":10.0},{"damage":6.0,"enemies":"3 Darklings","floor":35.0,"turns":8.0},{"damage":49.0,"enemies":"2 Orb Walkers","floor":36.0,"turns":7.0},{"damage":14.0,"enemies":"Orb Walker","floor":37.0,"turns":4.0},{"damage":17.0,"enemies":"Sphere and 2 Shapes","floor":38.0,"turns":8.0},{"damage":27.0,"enemies":"Writhing Mass","floor":39.0,"turns":7.0},{"damage":9.0,"enemies":"Giant Head","floor":41.0,"turns":9.0},{"damage":44.0,"enemies":"Reptomancer","floor":44.0,"turns":7.0},{"damage":2.0,"enemies":"Transient","floor":45.0,"turns":5.0},{"damage":0.0,"enemies":"Mind Bloom Boss Battle","floor":47.0,"turns":7.0},{"damage":0.0,"enemies":"3 Darklings","floor":48.0,"turns":5.0},{"damage":8,"enemies":"Donu and Deca","floor":50,"turns":10}],"seed_played":"-7456358936524683206","potions_obtained":[{"floor":1.0,"key":"SkillPotion"},{"floor":8.0,"key":"SpeedPotion"},{"floor":18.0,"key":"EssenceOfSteel"},{"floor":31.0,"key":"LiquidBronze"},{"floor":33.0,"key":"Strength Potion"},{"floor":37.0,"key":"Explosive Potion"},{"floor":44.0,"key":"Poison Potion"},{"floor":47.0,"key":"Energy Potion"},{"floor":48.0,"key":"Swift Potion"}],"is_trial":false,"path_per_floor":["M","?","?","M","M","R","M","E","T","E","$","R","T","$","R","B",null,"M","$","M","?","?","R","M","M","T","E","R","M","R","M","R","B",null,"M","?","M","M","M","R","E","R","T","E","M","R","?","M","R","B",null],"character_chosen":"THE_SILENT","items_purchased":["Footwork","Blur","Well Laid Plans","Footwork"],"campfire_rested":1,"item_purchase_floors":[11,11,14,19],"current_hp_per_floor":[75,64,49,49,49,49,43,38,38,22,22,22,22,22,45,47,77,68,68,76,76,76,76,70,77,77,70,70,77,77,75,75,73,77,75,64,58,53,52,52,76,76,76,60,72,72,88,102,102,100],"gold":0,"neow_bonus":"TEN_PERCENT_HP_BONUS","is_prod":false,"is_daily":false,"chose_seed":false,"campfire_upgraded":10,"win_rate":0,"timestamp":1549549355,"path_taken":["M","?","?","M","M","R","M","E","T","E","$","R","?","$","R","BOSS","M","$","M","?","?","R","M","M","T","E","R","M","R","M","R","BOSS","M","?","M","M","M","R","E","R","T","E","M","R","?","M","R","BOSS"],"build_version":"2019-02-06","purchased_purges":1,"victory":true,"max_hp_per_floor":[77,77,77,77,77,77,77,77,77,77,77,77,77,77,77,77,77,77,77,77,77,77,77,77,77,77,77,77,77,77,77,77,77,77,77,91,91,91,91,91,108,108,108,108,108,108,108,108,108,108],"card_choices":[{"not_picked":["Underhanded Strike","PiercingWail"],"picked":"Crippling Poison","floor":1.0},{"not_picked":["PiercingWail","Predator"],"picked":"Terror","floor":4.0},{"not_picked":["Outmaneuver","Quick Slash"],"picked":"Dash","floor":5.0},{"not_picked":["Deadly Poison","Poisoned Stab"],"picked":"Dodge and Roll","floor":7.0},{"not_picked":["All Out Attack","Storm of Steel"],"picked":"Blur","floor":8.0},{"not_picked":["Escape Plan","Deadly Poison"],"picked":"Poisoned Stab","floor":10.0},{"not_picked":["Night Terror","Burst"],"picked":"Envenom","floor":16.0},{"not_picked":["Setup","Quick Slash"],"picked":"Dodge and Roll+1","floor":18.0},{"not_picked":["Blade Dance","Terror+1"],"picked":"Cloak And Dagger","floor":20.0},{"not_picked":["Prepared","Outmaneuver"],"picked":"Sucker Punch+1","floor":24.0},{"not_picked":["Tactician","Riddle With Holes"],"picked":"Crippling Poison","floor":25.0},{"not_picked":["Dagger Throw","Expertise"],"picked":"Cloak And Dagger","floor":27.0},{"not_picked":["Riddle With Holes","Flying Knee"],"picked":"Infinite Blades","floor":29.0},{"not_picked":["PiercingWail","Deflect"],"picked":"Tools of the Trade","floor":31.0},{"not_picked":["Storm of Steel","Burst"],"picked":"Malaise","floor":33.0},{"not_picked":["Tactician","PiercingWail+1"],"picked":"Infinite Blades+1","floor":35.0},{"not_picked":["Predator","Well Laid Plans"],"picked":"Blur+1","floor":36.0},{"not_picked":["Underhanded Strike","Outmaneuver+1","Acrobatics+1"],"picked":"SKIP","floor":37.0},{"not_picked":["Storm of Steel","Poisoned Stab","Dagger Throw+1"],"picked":"SKIP","floor":38.0},{"not_picked":["Concentrate","Catalyst+1"],"picked":"Footwork+1","floor":39.0},{"not_picked":["Cloak And Dagger","Accuracy"],"picked":"Escape Plan+1","floor":41.0},{"not_picked":["Poisoned Stab","Outmaneuver+1","Quick Slash+1"],"picked":"SKIP","floor":44.0},{"not_picked":["Flying Knee","Heel Hook"],"picked":"Dodge and Roll+1","floor":45.0},{"not_picked":["Blade Dance+1","Sucker Punch","PiercingWail+1"],"picked":"SKIP","floor":45.0},{"not_picked":["Distraction","Eviscerate"],"picked":"Cloak And Dagger","floor":47.0},{"not_picked":["Blade Dance","Deflect+1"],"picked":"Dodge and Roll+1","floor":48.0},{"not_picked":["Backflip+1","Dagger Throw+1"],"picked":"Adrenaline","floor":48.0}],"player_experience":427669,"relics_obtained":[{"floor":8.0,"key":"Meat on the Bone"},{"floor":9.0,"key":"Bird Faced Urn"},{"floor":10.0,"key":"Nunchaku"},{"floor":13.0,"key":"Bronze Scales"},{"floor":26.0,"key":"Matryoshka"},{"floor":27.0,"key":"Smiling Mask"},{"floor":36.0,"key":"Mango"},{"floor":41.0,"key":"Strawberry"},{"floor":41.0,"key":"Pear"},{"floor":43.0,"key":"Gremlin Horn"},{"floor":43.0,"key":"Juzu Bracelet"},{"floor":44.0,"key":"Prayer Wheel"},{"floor":44.0,"key":"Lantern"},{"floor":47.0,"key":"Shovel"}],"event_choices":[{"damage_healed":0.0,"max_hp_gain":0.0,"max_hp_loss":0.0,"gold_gain":75.0,"event_name":"World of Goop","player_choice":"Gather Gold","floor":2.0,"gold_loss":0.0,"damage_taken":11.0},{"damage_healed":0.0,"max_hp_gain":0.0,"max_hp_loss":0.0,"gold_gain":0.0,"event_name":"Shining Light","player_choice":"Entered Light","floor":3.0,"gold_loss":0.0,"damage_taken":15.0,"cards_upgraded":["Neutralize","Strike_G"]},{"damage_healed":0.0,"max_hp_gain":0.0,"max_hp_loss":0.0,"gold_gain":0.0,"event_name":"Masked Bandits","player_choice":"Paid Fearfully","floor":21.0,"gold_loss":36.0,"damage_taken":0.0},{"damage_healed":0.0,"max_hp_gain":0.0,"max_hp_loss":0.0,"gold_gain":0.0,"event_name":"Addict","player_choice":"Stole Relic","floor":22.0,"gold_loss":0.0,"damage_taken":0.0,"relics_obtained":["Shuriken"],"cards_obtained":["Shame"]},{"damage_healed":0.0,"max_hp_gain":0.0,"max_hp_loss":0.0,"gold_gain":0.0,"event_name":"Mysterious Sphere","player_choice":"Fight","floor":36.0,"gold_loss":0.0,"damage_taken":0.0},{"damage_healed":0.0,"max_hp_gain":0.0,"max_hp_loss":0.0,"gold_gain":0.0,"event_name":"MindBloom","player_choice":"Fight","floor":47.0,"gold_loss":0.0,"damage_taken":0.0}],"is_beta":true,"boss_relics":[{"not_picked":["Runic Dome","Coffee Dripper"],"picked":"Ectoplasm"},{"not_picked":["White Beast Statue","Velvet Choker"],"picked":"Black Star"}],"items_purged_floors":[11],"is_endless":false,"potions_floor_spawned":[1,8,18,27,29,31,33,35,37,44,47,48],"ascension_level":0}