{"gold_per_floor":[109,127,140,140,315,315,347,362,430,447,457,474,474,490,490,595,595,609,559,559,484,484,484,517,517,517,77,77,102,113,133,133,231,231,242,254,29,42,96,130,130,162,162,190,190,190,0,17,17,17],"floor_reached":51,"playtime":9200,"items_purged":["Cloak And Dagger+1"],"score":1299,"play_id":"5b40d476-c9b6-4553-b367-855ccebc8316","local_time":"20180720032050","is_ascension_mode":true,"campfire_choices":[{"data":"After Image","floor":6.0,"key":"SMITH"},{"floor":13.0,"key":"REST"},{"floor":15.0,"key":"REST"},{"data":"Caltrops","floor":23,"key":"SMITH"},{"data":"Crippling Poison","floor":25,"key":"SMITH"},{"data":"Neutralize","floor":28,"key":"SMITH"},{"data":"Poisoned Stab","floor":32,"key":"SMITH"},{"data":"Grand Finale","floor":41,"key":"SMITH"},{"floor":46,"key":"REST"},{"data":"Dagger Throw","floor":49,"key":"SMITH"}],"neow_cost":"CURSE","seed_source_timestamp":0,"circlet_count":0,"master_deck":["Survivor+1","Neutralize+1","After Image+1","Crippling Poison+1","Backstab","Caltrops+1","Dagger Throw+1","Backstab","Concentrate+1","Acrobatics+1","Expertise+1","Night Terror+1","PiercingWail+1","Poisoned Stab+1","Backflip+1","Sucker Punch","PiercingWail+1","Outmaneuver+1","Prepared+1","Reflex+1","Dagger Spray","Backflip+1","Prepared+1","Backflip+1","Tactician+1","Concentrate+1","Blind+1","Acrobatics+1","Terror+1","Outmaneuver+1","Grand Finale+1","Calculated Gamble+1","Backflip+1","Madness+1","Madness+1","Backflip+1","Choke+1"],"special_seed":0,"relics":["Ring of the Snake","Tough Bandages","Toxic Egg 2","Pandora\u0027s Box","Bronze Scales","Regal Pillow","Blood Vial","Dream Catcher","Eternal Feather","Happy Flower","Anchor","Meat on the Bone","Torii","Boot","War Paint","Red Mask"],"potions_floor_usage":[24,30,33,50],"damage_taken":[{"damage":7.0,"enemies":"Jaw Worm","floor":1.0,"turns":7.0},{"damage":0.0,"enemies":"2 Louse","floor":2.0,"turns":3.0},{"damage":1.0,"enemies":"Small Slimes","floor":3.0,"turns":4.0},{"damage":17.0,"enemies":"3 Sentries","floor":7.0,"turns":10.0},{"damage":18.0,"enemies":"Gremlin Gang","floor":8.0,"turns":4.0},{"damage":0.0,"enemies":"Exordium Thugs","floor":10.0,"turns":5.0},{"damage":7.0,"enemies":"Looter","floor":11.0,"turns":3.0},{"damage":4.0,"enemies":"Blue Slaver","floor":12.0,"turns":4.0},{"damage":4.0,"enemies":"2 Fungi Beasts","floor":14.0,"turns":3.0},{"damage":10.0,"enemies":"The Guardian","floor":16.0,"turns":12.0},{"damage":10,"enemies":"Chosen","floor":18,"turns":5},{"damage":0,"enemies":"Slavers","floor":24,"turns":5},{"damage":0,"enemies":"Gremlin Leader","floor":29,"turns":5},{"damage":7,"enemies":"Shell Parasite","floor":30,"turns":4},{"damage":0,"enemies":"Centurion and Healer","floor":31,"turns":9},{"damage":0,"enemies":"Automaton","floor":33,"turns":11},{"damage":21,"enemies":"3 Darklings","floor":35,"turns":5},{"damage":0,"enemies":"3 Shapes","floor":36,"turns":2},{"damage":5,"enemies":"Transient","floor":38,"turns":5},{"damage":0,"enemies":"2 Orb Walkers","floor":40,"turns":3},{"damage":0,"enemies":"Nemesis","floor":42,"turns":12},{"damage":21,"enemies":"Giant Head","floor":44,"turns":6},{"damage":0,"enemies":"Maw","floor":48,"turns":6},{"damage":34,"enemies":"Time Eater","floor":50,"turns":9}],"seed_played":"-4714860805245227257","potions_obtained":[{"floor":3.0,"key":"AttackPotion"},{"floor":7.0,"key":"Explosive Potion"},{"floor":8.0,"key":"Ancient Potion"},{"floor":12.0,"key":"PowerPotion"},{"floor":14.0,"key":"AttackPotion"},{"floor":16.0,"key":"SpeedPotion"},{"floor":18,"key":"PowerPotion"},{"floor":24,"key":"AttackPotion"},{"floor":31,"key":"SkillPotion"},{"floor":44,"key":"Explosive Potion"}],"is_trial":false,"path_per_floor":["M","M","M","?","?","R","E","M","T","M","M","M","R","M","R","B",null,"M","?","?","?","?","R","E","R","T","$","R","E","M","M","R","B",null,"M","M","$","M","T","E","R","E","T","E","?","R","?","M","R","B"],"character_chosen":"THE_SILENT","items_purchased":["Tactician+1","Blood Vial","Concentrate+1","Blind+1","Happy Flower"],"campfire_rested":3,"item_purchase_floors":[27,27,27,27,37],"current_hp_per_floor":[56,56,55,48,48,48,31,13,13,13,6,2,23,19,40,30,60,50,50,50,50,50,50,50,50,50,50,50,52,47,49,49,51,65,46,48,48,45,45,47,59,61,61,42,33,70,70,70,70,36],"gold":17,"neow_bonus":"THREE_RARE_CARDS","is_prod":false,"is_daily":false,"chose_seed":false,"campfire_upgraded":7,"win_rate":0,"timestamp":1532022650,"path_taken":["M","M","M","?","?","R","E","M","T","M","?","M","R","M","R","BOSS","M","?","?","?","?","R","E","R","T","$","R","E","M","M","R","BOSS","M","?","$","M","?","E","R","E","T","E","?","R","?","M","R","BOSS"],"build_version":"2018-07-12","purchased_purges":1,"victory":true,"max_hp_per_floor":[70,70,70,70,70,70,70,70,70,70,70,70,70,70,70,70,70,70,70,70,70,70,70,70,70,70,70,70,70,70,70,70,70,70,70,70,70,70,70,70,70,70,70,70,70,70,70,70,70,70],"card_choices":[{"not_picked":["Phantasmal Killer","Envenom"],"picked":"After Image","floor":0.0},{"not_picked":["Setup","Choke"],"picked":"Crippling Poison","floor":1.0},{"not_picked":["Distraction","Dodge and Roll"],"picked":"Backstab","floor":2.0},{"not_picked":["Dodge and Roll","Flechettes"],"picked":"Caltrops","floor":3.0},{"not_picked":["Glass Knife","Terror"],"picked":"Dagger Throw","floor":7.0},{"not_picked":["Calculated Gamble","Outmaneuver"],"picked":"Backstab","floor":8.0},{"not_picked":["Slice","Acrobatics+1"],"picked":"Concentrate+1","floor":10.0},{"not_picked":["Flying Knee","PiercingWail+1"],"picked":"Acrobatics+1","floor":11.0},{"not_picked":["Sucker Punch","Poisoned Stab"],"picked":"Expertise+1","floor":12.0},{"not_picked":["Prepared+1","Well Laid Plans"],"picked":"Cloak And Dagger+1","floor":14.0},{"not_picked":["Burst+1","A Thousand Cuts"],"picked":"Night Terror+1","floor":16.0},{"not_picked":["Dagger Throw","Slice"],"picked":"Backflip+1","floor":18},{"not_picked":["Blade Dance+1","Cloak And Dagger+1"],"picked":"Backflip+1","floor":24},{"not_picked":["Prepared+1","Deadly Poison+1"],"picked":"Acrobatics+1","floor":29},{"not_picked":["Corpse Explosion+1","PiercingWail+1"],"picked":"Terror+1","floor":30},{"not_picked":["Sucker Punch","Riddle With Holes"],"picked":"Outmaneuver+1","floor":31},{"not_picked":["Wraith Form v2","Burst+1"],"picked":"Grand Finale","floor":33},{"not_picked":["Outmaneuver+1","Flechettes+1","Quick Slash+1"],"picked":"SKIP","floor":35},{"not_picked":["Distraction+1","Poisoned Stab+1","Prepared+1"],"picked":"SKIP","floor":36},{"not_picked":["Outmaneuver+1","Acrobatics+1","Quick Slash+1"],"picked":"SKIP","floor":38},{"not_picked":["Well Laid Plans+1","Eviscerate","PiercingWail+1"],"picked":"SKIP","floor":40},{"not_picked":["Prepared+1","Corpse Explosion+1"],"picked":"Calculated Gamble+1","floor":42},{"not_picked":["Prepared+1","Dagger Throw+1"],"picked":"Backflip+1","floor":44},{"not_picked":["Cloak And Dagger+1","Poisoned Stab+1"],"picked":"Backflip+1","floor":46},{"not_picked":["Underhanded Strike+1","Catalyst+1"],"picked":"Choke+1","floor":48}],"player_experience":193595,"relics_obtained":[{"floor":7.0,"key":"Tough Bandages"},{"floor":9.0,"key":"Toxic Egg 2"},{"floor":24,"key":"Bronze Scales"},{"floor":26,"key":"Regal Pillow"},{"floor":29,"key":"Dream Catcher"},{"floor":39,"key":"Anchor"},{"floor":40,"key":"Meat on the Bone"},{"floor":42,"key":"Torii"},{"floor":43,"key":"Boot"},{"floor":44,"key":"War Paint"}],"event_choices":[{"event_name":"Golden Wing","player_choice":"Card Removal","floor":4.0,"damage_taken":0.0},{"event_name":"Liars Game","player_choice":"agreed","floor":5.0,"damage_taken":0.0},{"event_name":"The Joust","player_choice":"Bet on Murderer","floor":19,"damage_taken":0},{"event_name":"Back to Basics","player_choice":"Elegance","floor":20,"damage_taken":0},{"event_name":"Beggar","player_choice":"Gave Gold","floor":21,"damage_taken":0},{"event_name":"The Library","player_choice":"Read","floor":22,"damage_taken":0},{"event_name":"Winding Halls","player_choice":"Embrace Madness","floor":45,"damage_taken":0},{"event_name":"Tomb of Lord Red Mask","player_choice":"Paid","floor":47,"damage_taken":0}],"boss_relics":[{"not_picked":["Cursed Key","Runic Dome"],"picked":"Pandora\u0027s Box"},{"not_picked":["Velvet Choker","Orrery"],"picked":"Eternal Feather"}],"items_purged_floors":[37],"is_endless":false,"potions_floor_spawned":[3,7,8,12,14,16,18,24,31,44],"ascension_level":7}