{"gold_per_floor":[127,160,160,203,11,11,79,79,133,213,286,27,30,57,57,305,305,350,27,75,123,151,151,229,229,275,275,35,85,135,213,213,456,456,481,24,324,370,408,408,483,556,556,601,639,662,737,777,777,1025,1025,1075,1075,1113,1151,1181,1264,1264,1302,1302,1370,1398,1476,1576,1604,1604,1849,1849,1884,1909,1909,1947,109,109,159,199,282,84,152,182,212,237,237,490,490,528,528,16,16,84,84,28,61,126,161,244,332,370,405,405,655,655,685,718,718,761,829,899,937,937,1025,1055,1120,1163,1211,9,9,247,247],"floor_reached":119,"playtime":9903,"items_purged":["Strike_R","Strike_R"],"score":3271,"play_id":"42c25241-77e4-4246-9f56-f82be67a062b","local_time":"20181019001452","daily_mods":["ControlledChaos","Green Cards","Heirloom","DeadlyEvents","MonsterHunter"],"is_ascension_mode":true,"campfire_choices":[{"data":"Metallicize","floor":6.0,"key":"SMITH"},{"data":"Blur","floor":8.0,"key":"SMITH"},{"data":"True Grit","floor":15.0,"key":"SMITH"},{"data":"Malaise","floor":23.0,"key":"SMITH"},{"floor":25.0,"key":"REST"},{"floor":27.0,"key":"REST"},{"floor":32.0,"key":"DIG"},{"data":"A Thousand Cuts","floor":40.0,"key":"SMITH"},{"floor":49.0,"key":"DIG"},{"floor":58.0,"key":"DIG"},{"floor":66.0,"key":"DIG"},{"floor":74.0,"key":"DIG"},{"floor":83.0,"key":"DIG"},{"floor":91.0,"key":"DIG"},{"floor":100,"key":"DIG"},{"floor":110,"key":"DIG"},{"data":"1","floor":117,"key":"LIFT"}],"neow_cost":"","seed_source_timestamp":0,"circlet_count":0,"master_deck":["Strike_R","Strike_R","Strike_R","Defend_R","Defend_R","Defend_R","Defend_R+1","Bash","Cleave","Bouncing Flask","Metallicize+1","Blur+1","Feel No Pain","True Grit+1","Malaise+1","Blade Dance+1","Dramatic Entrance","Flying Knee","Havoc+1","Perfected Strike+1","Clothesline+1","Dagger Throw+1","Intimidate","Crippling Poison+1","A Thousand Cuts+1","All Out Attack+1","Battle Trance+1","Skewer+1","Accuracy+1","Corruption+1","Immolate+1","Endless Agony+1","Reaper+1","Malaise+1","Body Slam+1","Backflip+1","Inflame+1","Metallicize+1","Feed+1"],"special_seed":0,"relics":["Black Blood","Frozen Eye","Charon\u0027s Ashes","Tiny Chest","Anchor","Oddly Smooth Stone","Champion Belt","Mango","Pear","Bag of Preparation","Molten Egg 2","Bag of Marbles","Gremlin Horn","Shovel","Smiling Mask","Runic Dome","Mummified Hand","Toolbox","Old Coin","Lantern","Pen Nib","FossilizedHelix","Sundial","Omamori","Pantograph","The Courier","Busted Crown","GremlinMask","Paper Frog","Letter Opener","Cursed Key","Nloth\u0027s Gift","Lee\u0027s Waffle","Gambling Chip","Bottled Flame","Art of War","Happy Flower","Calipers","Dream Catcher","Toxic Egg 2","Singing Bowl","Darkstone Periapt","Kunai","Mercury Hourglass","Ornamental Fan","Eternal Feather","Frozen Egg 2","Self Forming Clay","Regal Pillow","Ice Cream","Bronze Scales","Lizard Tail","Red Skull","Vajra","Ancient Tea Set","Boot","Girya","War Paint","Shuriken","Question Card","Sling","Philosopher\u0027s Stone"],"potions_floor_usage":[97,101,111,118],"damage_taken":[{"damage":10.0,"enemies":"Jaw Worm","floor":1.0,"turns":4.0},{"damage":12.0,"enemies":"2 Louse","floor":2.0,"turns":3.0},{"damage":1.0,"enemies":"Cultist","floor":4.0,"turns":3.0},{"damage":31.0,"enemies":"Lagavulin","floor":7.0,"turns":14.0},{"damage":20.0,"enemies":"Gremlin Nob","floor":10.0,"turns":5.0},{"damage":4.0,"enemies":"3 Sentries","floor":11.0,"turns":7.0},{"damage":0.0,"enemies":"Exordium Thugs","floor":13.0,"turns":5.0},{"damage":32.0,"enemies":"Hexaghost","floor":16.0,"turns":14.0},{"damage":12.0,"enemies":"Shell Parasite","floor":18.0,"turns":9.0},{"damage":6.0,"enemies":"Spheric Guardian","floor":20.0,"turns":4.0},{"damage":30.0,"enemies":"Cultist and Chosen","floor":21.0,"turns":11.0},{"damage":8.0,"enemies":"Snake Plant","floor":22.0,"turns":7.0},{"damage":43.0,"enemies":"Gremlin Leader","floor":24.0,"turns":10.0},{"damage":33.0,"enemies":"Centurion and Healer","floor":29.0,"turns":13.0},{"damage":7.0,"enemies":"Sentry and Sphere","floor":30.0,"turns":5.0},{"damage":13.0,"enemies":"Book of Stabbing","floor":31.0,"turns":14.0},{"damage":76.0,"enemies":"Automaton","floor":33.0,"turns":16.0},{"damage":9.0,"enemies":"Orb Walker","floor":35.0,"turns":5.0},{"damage":8.0,"enemies":"Mind Bloom Boss Battle","floor":37.0,"turns":11.0},{"damage":0.0,"enemies":"3 Shapes","floor":39.0,"turns":1.0},{"damage":19.0,"enemies":"Reptomancer","floor":41.0,"turns":6.0},{"damage":44.0,"enemies":"Nemesis","floor":42.0,"turns":11.0},{"damage":0.0,"enemies":"Transient","floor":44.0,"turns":5.0},{"damage":0.0,"enemies":"Maw","floor":45.0,"turns":6.0},{"damage":0.0,"enemies":"Giant Head","floor":47.0,"turns":8.0},{"damage":0.0,"enemies":"3 Darklings","floor":48.0,"turns":4.0},{"damage":43.0,"enemies":"Time Eater","floor":50.0,"turns":17.0},{"damage":0.0,"enemies":"Jaw Worm","floor":52.0,"turns":1.0},{"damage":0.0,"enemies":"Small Slimes","floor":54.0,"turns":2.0},{"damage":0.0,"enemies":"Cultist","floor":55.0,"turns":3.0},{"damage":0.0,"enemies":"Looter","floor":56.0,"turns":2.0},{"damage":0.0,"enemies":"Gremlin Nob","floor":57.0,"turns":3.0},{"damage":0.0,"enemies":"Large Slime","floor":59.0,"turns":3.0},{"damage":18.0,"enemies":"3 Sentries","floor":61.0,"turns":3.0},{"damage":0.0,"enemies":"Red Slaver","floor":62.0,"turns":2.0},{"damage":0.0,"enemies":"Lagavulin","floor":63.0,"turns":5.0},{"damage":0.0,"enemies":"2 Fungi Beasts","floor":65.0,"turns":2.0},{"damage":45.0,"enemies":"Hexaghost","floor":67.0,"turns":9.0},{"damage":0.0,"enemies":"Chosen","floor":69.0,"turns":2.0},{"damage":0.0,"enemies":"Spheric Guardian","floor":70.0,"turns":1.0},{"damage":22.0,"enemies":"Centurion and Healer","floor":72.0,"turns":4.0},{"damage":27.0,"enemies":"Snake Plant","floor":75.0,"turns":4.0},{"damage":47.0,"enemies":"Snecko","floor":76.0,"turns":5.0},{"damage":0.0,"enemies":"Gremlin Leader","floor":77.0,"turns":6.0},{"damage":0.0,"enemies":"Slavers","floor":79.0,"turns":3.0},{"damage":8.0,"enemies":"Shelled Parasite and Fungi","floor":80.0,"turns":4.0},{"damage":0.0,"enemies":"3 Cultists","floor":81.0,"turns":2.0},{"damage":13.0,"enemies":"Centurion and Healer","floor":82.0,"turns":2.0},{"damage":3.0,"enemies":"Automaton","floor":84.0,"turns":11.0},{"damage":18.0,"enemies":"3 Darklings","floor":86.0,"turns":4.0},{"damage":0.0,"enemies":"Giant Head","floor":90.0,"turns":9.0},{"damage":0.0,"enemies":"3 Shapes","floor":93.0,"turns":1.0},{"damage":74.0,"enemies":"Nemesis","floor":94.0,"turns":7.0},{"damage":15.0,"enemies":"3 Darklings","floor":95.0,"turns":4.0},{"damage":25.0,"enemies":"Giant Head","floor":96.0,"turns":11.0},{"damage":33,"enemies":"Nemesis","floor":97,"turns":7},{"damage":0,"enemies":"Jaw Worm Horde","floor":98,"turns":2},{"damage":0,"enemies":"Sphere and 2 Shapes","floor":99,"turns":3},{"damage":42,"enemies":"Time Eater","floor":101,"turns":15},{"damage":0,"enemies":"Jaw Worm","floor":103,"turns":2},{"damage":0,"enemies":"Cultist","floor":104,"turns":2},{"damage":0,"enemies":"2 Louse","floor":106,"turns":1},{"damage":0,"enemies":"Gremlin Nob","floor":107,"turns":3},{"damage":30,"enemies":"Lagavulin","floor":108,"turns":4},{"damage":0,"enemies":"Gremlin Gang","floor":109,"turns":1},{"damage":0,"enemies":"Gremlin Nob","floor":111,"turns":3},{"damage":0,"enemies":"Exordium Thugs","floor":112,"turns":1},{"damage":0,"enemies":"3 Sentries","floor":113,"turns":3},{"damage":0,"enemies":"Blue Slaver","floor":114,"turns":1},{"damage":0,"enemies":"Red Slaver","floor":115,"turns":2},{"damage":23,"enemies":"The Guardian","floor":118,"turns":6}],"seed_played":"-1887275001723602031","potions_obtained":[{"floor":1.0,"key":"Strength Potion"},{"floor":11.0,"key":"SpeedPotion"},{"floor":13.0,"key":"Dexterity Potion"},{"floor":16.0,"key":"GamblersBrew"},{"floor":18.0,"key":"FearPotion"},{"floor":20.0,"key":"Fire Potion"},{"floor":24.0,"key":"AttackPotion"},{"floor":31.0,"key":"Poison Potion"},{"floor":37.0,"key":"SkillPotion"},{"floor":41.0,"key":"SpeedPotion"},{"floor":44.0,"key":"FearPotion"},{"floor":47.0,"key":"GamblersBrew"},{"floor":48.0,"key":"Dexterity Potion"},{"floor":55.0,"key":"Fire Potion"},{"floor":80.0,"key":"BloodPotion"},{"floor":86.0,"key":"Swift Potion"},{"floor":96.0,"key":"Swift Potion"},{"floor":98,"key":"SteroidPotion"},{"floor":99,"key":"SpeedPotion"},{"floor":108,"key":"Fire Potion"},{"floor":111,"key":"Block Potion"}],"is_trial":true,"path_per_floor":["M","M","?","M","$","R","E","R","T","E","E","$","M","T","R","B",null,"M","$","M","M","M","R","E","R","T","R","$","M","M","E","R","B",null,"M","$","?","T","M","R","E","E","T","M","M","T","E","M","R","B",null,"M","?","M","M","M","E","R","M","T","E","M","E","?","M","R","B",null,"M","M","?","M","$","R","M","M","E","$","E","M","M","M","R","B",null,"M","?","$","?","E","R","$","M","E","M","E","E","M","M","R","B",null,"M","M","?","M","E","E","M","R","E","M","E","M","M","$","R","B"],"character_chosen":"IRONCLAD","items_purchased":["Tiny Chest","Metallicize","Pear","Blade Dance","EntropicBrew","Dramatic Entrance","Flying Knee","Gremlin Horn","Mummified Hand","Toolbox","Lee\u0027s Waffle","Gambling Chip","Bottled Flame","Art of War","Happy Flower","Calipers","Dream Catcher","Toxic Egg 2","Singing Bowl","Darkstone Periapt","Mercury Hourglass","Frozen Egg 2","Self Forming Clay","Regal Pillow","Body Slam+1","Backflip+1","Ancient Tea Set","Boot","Girya","War Paint","Shuriken","Question Card","Sling","Metallicize+1"],"campfire_rested":2,"item_purchase_floors":[5,5,12,19,19,19,19,28,36,36,73,73,73,73,73,73,73,73,73,73,78,88,88,88,92,92,116,116,116,116,116,116,116,116],"current_hp_per_floor":[76,70,70,75,75,75,50,50,50,36,52,62,68,68,68,42,104,102,102,104,84,86,86,53,84,84,104,104,81,84,81,81,15,104,104,104,104,104,104,104,95,61,61,71,81,81,91,101,101,71,104,104,104,104,104,104,104,104,104,104,96,104,104,104,104,104,69,104,104,104,104,92,111,111,96,67,77,77,89,93,115,120,120,125,125,127,127,127,127,129,129,129,131,87,84,79,66,115,127,141,111,143,145,147,147,149,151,133,145,155,157,159,161,163,165,165,165,163,165],"gold":247,"neow_bonus":"","is_prod":false,"is_daily":false,"chose_seed":false,"campfire_upgraded":5,"win_rate":0,"timestamp":1539926092,"path_taken":["M","M","?","?","$","R","E","R","T","?","?","$","M","?","R","BOSS","M","?","?","M","M","R","?","R","T","R","$","M","M","E","R","BOSS","M","$","?","?","?","R","E","?","T","M","?","?","?","M","R","BOSS","M","?","M","M","M","E","R","M","T","?","M","E","?","M","R","BOSS","M","M","?","M","$","R","M","?","E","?","?","M","M","M","R","BOSS","M","?","$","?","?","R","?","?","E","?","E","?","M","M","R","BOSS","M","M","?","M","?","E","M","R","E","?","E","M","M","$","R","BOSS"],"build_version":"2018-10-18","purchased_purges":2,"victory":false,"max_hp_per_floor":[80,80,80,80,80,80,80,80,80,80,94,104,104,104,104,104,104,104,104,104,104,104,104,104,104,104,104,104,104,104,104,104,104,104,104,104,104,104,104,104,104,104,104,104,104,104,104,104,104,104,104,104,104,104,104,104,104,104,104,104,104,104,104,104,104,104,104,104,104,104,104,104,111,111,113,115,115,115,117,119,121,123,123,125,125,127,127,127,127,129,129,129,131,133,135,137,139,139,141,141,143,143,145,147,147,149,151,153,155,155,157,159,161,163,165,165,165,165,165],"card_choices":[{"not_picked":["PiercingWail","True Grit"],"picked":"Cleave","floor":1.0},{"not_picked":["Dagger Spray","Outmaneuver","Warcry"],"picked":"SKIP","floor":2.0},{"not_picked":["Finisher","True Grit"],"picked":"Bouncing Flask","floor":4.0},{"not_picked":["Wraith Form v2","Clash"],"picked":"Blur","floor":7.0},{"not_picked":["Combust","Cleave","Choke"],"picked":"SKIP","floor":10.0},{"not_picked":["Sword Boomerang","Clash"],"picked":"Feel No Pain","floor":11.0},{"not_picked":["Flechettes","Berserk"],"picked":"True Grit","floor":13.0},{"not_picked":["Bludgeon","Die Die Die"],"picked":"Malaise","floor":16.0},{"not_picked":["Underhanded Strike","Heavy Blade","Deflect+1"],"picked":"SKIP","floor":18.0},{"not_picked":["Battle Trance","Wild Strike+1"],"picked":"Havoc+1","floor":20.0},{"not_picked":["Skewer","Outmaneuver+1"],"picked":"Whirlwind","floor":21.0},{"not_picked":["Uppercut","Terror"],"picked":"Perfected Strike+1","floor":22.0},{"not_picked":["Reckless Charge","Venomology"],"picked":"Clothesline","floor":24.0},{"not_picked":["Cleave+1","Prepared"],"picked":"Dagger Throw+1","floor":29.0},{"not_picked":["Poisoned Stab+1","Dodge and Roll"],"picked":"Intimidate","floor":30.0},{"not_picked":["Dodge and Roll+1","Outmaneuver+1"],"picked":"Crippling Poison+1","floor":31.0},{"not_picked":["Night Terror","Grand Finale+1"],"picked":"A Thousand Cuts","floor":33.0},{"not_picked":["Prepared","Quick Slash+1"],"picked":"All Out Attack+1","floor":35.0},{"not_picked":["Flex","Anger+1"],"picked":"Battle Trance+1","floor":37.0},{"not_picked":["Slice+1","Shrug It Off","All Out Attack+1"],"picked":"SKIP","floor":39.0},{"not_picked":["Warcry","Flex"],"picked":"Skewer+1","floor":41.0},{"not_picked":["Inflame","Uppercut+1"],"picked":"Accuracy+1","floor":42.0},{"not_picked":["Backflip","Entrench+1"],"picked":"Corruption","floor":44.0},{"not_picked":["Storm of Steel","Armaments","Clash+1"],"picked":"SKIP","floor":45.0},{"not_picked":["Concentrate","Acrobatics","Dagger Throw+1"],"picked":"SKIP","floor":47.0},{"not_picked":["Noxious Fumes","Outmaneuver+1","Riddle With Holes+1"],"picked":"SKIP","floor":48.0},{"not_picked":["Offering","Envenom"],"picked":"Immolate+1","floor":50.0},{"not_picked":["Poisoned Stab+1"],"picked":"SKIP","floor":52.0},{"not_picked":["Crippling Poison"],"picked":"SKIP","floor":54.0},{"not_picked":["Deflect"],"picked":"SKIP","floor":55.0},{"not_picked":["Flying Knee+1"],"picked":"SKIP","floor":56.0},{"not_picked":["Flex"],"picked":"SKIP","floor":57.0},{"not_picked":["Underhanded Strike+1"],"picked":"SKIP","floor":59.0},{"not_picked":[],"picked":"Endless Agony+1","floor":61.0},{"not_picked":["Blood for Blood+1"],"picked":"SKIP","floor":62.0},{"not_picked":["Cleave+1"],"picked":"SKIP","floor":63.0},{"not_picked":["Rage"],"picked":"SKIP","floor":65.0},{"not_picked":[],"picked":"Reaper+1","floor":67.0},{"not_picked":["Flying Knee+1"],"picked":"SKIP","floor":69.0},{"not_picked":["Dropkick+1"],"picked":"SKIP","floor":70.0},{"not_picked":["Flechettes+1"],"picked":"SKIP","floor":72.0},{"not_picked":["Dagger Spray+1"],"picked":"Singing Bowl","floor":75.0},{"not_picked":["Slice+1"],"picked":"Singing Bowl","floor":76.0},{"not_picked":[],"picked":"Malaise+1","floor":77.0},{"not_picked":["Sucker Punch+1"],"picked":"Singing Bowl","floor":79.0},{"not_picked":["Finisher+1"],"picked":"Singing Bowl","floor":80.0},{"not_picked":["Thunderclap+1"],"picked":"Singing Bowl","floor":81.0},{"not_picked":["Dagger Spray+1"],"picked":"Singing Bowl","floor":82.0},{"not_picked":["Malaise+1"],"picked":"Singing Bowl","floor":84.0},{"not_picked":["Whirlwind+1"],"picked":"Singing Bowl","floor":86.0},{"not_picked":["Clothesline+1"],"picked":"Singing Bowl","floor":90.0},{"not_picked":["Iron Wave+1"],"picked":"Singing Bowl","floor":93.0},{"not_picked":["Cloak And Dagger+1"],"picked":"Singing Bowl","floor":94.0},{"not_picked":["Flex+1"],"picked":"Singing Bowl","floor":95.0},{"not_picked":["Flex+1"],"picked":"Singing Bowl","floor":96.0},{"not_picked":["Poisoned Stab+1"],"picked":"Singing Bowl","floor":97},{"not_picked":[],"picked":"Inflame+1","floor":98},{"not_picked":["Heavy Blade+1"],"picked":"Singing Bowl","floor":99},{"not_picked":["Dark Embrace+1"],"picked":"Singing Bowl","floor":101},{"not_picked":["Cleave+1"],"picked":"Singing Bowl","floor":103},{"not_picked":["Clothesline+1"],"picked":"Singing Bowl","floor":104},{"not_picked":["Anger+1"],"picked":"Singing Bowl","floor":106},{"not_picked":["Prepared+1"],"picked":"Singing Bowl","floor":107},{"not_picked":["Iron Wave+1"],"picked":"Singing Bowl","floor":108},{"not_picked":["Blade Dance+1"],"picked":"Singing Bowl","floor":109},{"not_picked":["Flex+1"],"picked":"Singing Bowl","floor":111},{"not_picked":["Blade Dance+1"],"picked":"Singing Bowl","floor":112},{"not_picked":["Bouncing Flask+1"],"picked":"Singing Bowl","floor":113},{"not_picked":["Burst+1"],"picked":"Singing Bowl","floor":114},{"not_picked":["Second Wind+1"],"picked":"Singing Bowl","floor":115},{"not_picked":["Dark Embrace+1"],"picked":"Feed+1","floor":118}],"player_experience":427625,"relics_obtained":[{"floor":7.0,"key":"Anchor"},{"floor":9.0,"key":"Oddly Smooth Stone"},{"floor":10.0,"key":"Champion Belt"},{"floor":11.0,"key":"Mango"},{"floor":14.0,"key":"Bag of Preparation"},{"floor":24.0,"key":"Molten Egg 2"},{"floor":26.0,"key":"Bag of Marbles"},{"floor":31.0,"key":"Shovel"},{"floor":32.0,"key":"Smiling Mask"},{"floor":37.0,"key":"Old Coin"},{"floor":38.0,"key":"Lantern"},{"floor":41.0,"key":"Pen Nib"},{"floor":42.0,"key":"FossilizedHelix"},{"floor":43.0,"key":"Sundial"},{"floor":46.0,"key":"Omamori"},{"floor":47.0,"key":"Pantograph"},{"floor":49.0,"key":"The Courier"},{"floor":58.0,"key":"Paper Frog"},{"floor":60.0,"key":"Letter Opener"},{"floor":66.0,"key":"Bottled Lightning"},{"floor":74.0,"key":"Kunai"},{"floor":83.0,"key":"Ornamental Fan"},{"floor":91.0,"key":"Ice Cream"},{"floor":100,"key":"Bronze Scales"},{"floor":110,"key":"Vajra"}],"event_choices":[{"damage_healed":0.0,"max_hp_gain":0.0,"max_hp_loss":0.0,"gold_gain":0.0,"event_name":"The Cleric","player_choice":"Leave","floor":3.0,"gold_loss":0.0,"damage_taken":0.0},{"damage_healed":0.0,"max_hp_gain":0.0,"max_hp_loss":0.0,"gold_gain":0.0,"event_name":"MindBloom","player_choice":"Fight","floor":37.0,"gold_loss":0.0,"damage_taken":0.0},{"damage_healed":0.0,"max_hp_gain":0.0,"max_hp_loss":0.0,"gold_gain":0.0,"event_name":"FaceTrader","player_choice":"Trade","floor":53.0,"gold_loss":0.0,"damage_taken":0.0,"relics_obtained":["GremlinMask"]},{"damage_healed":0.0,"max_hp_gain":0.0,"max_hp_loss":0.0,"gold_gain":100.0,"event_name":"Wheel of Change","player_choice":"Gold","floor":64.0,"gold_loss":0.0,"damage_taken":0.0},{"damage_healed":0.0,"max_hp_gain":0.0,"max_hp_loss":0.0,"gold_gain":0.0,"event_name":"N\u0027loth","player_choice":"Traded Relic","floor":71.0,"relics_lost":["Bottled Lightning"],"gold_loss":0.0,"damage_taken":0.0,"relics_obtained":["Nloth\u0027s Gift"]},{"cards_removed":["Whirlwind"],"damage_healed":0.0,"max_hp_gain":0.0,"max_hp_loss":0.0,"gold_gain":0.0,"event_name":"Falling","player_choice":"Removed Attack","floor":87.0,"gold_loss":0.0,"damage_taken":0.0},{"damage_healed":0.0,"max_hp_gain":0.0,"max_hp_loss":0.0,"gold_gain":0.0,"event_name":"Accursed Blacksmith","player_choice":"Forge","floor":89.0,"gold_loss":0.0,"damage_taken":0.0,"cards_upgraded":["Corruption"]},{"damage_healed":0,"gold_gain":0,"player_choice":"Searched \u00272\u0027 times","damage_taken":0,"relics_obtained":["Red Skull"],"max_hp_gain":0,"max_hp_loss":0,"event_name":"Dead Adventurer","floor":105,"gold_loss":0}],"is_beta":true,"boss_relics":[{"not_picked":["Snecko Eye","Mark of Pain"],"picked":"Black Blood"},{"not_picked":["Coffee Dripper","Astrolabe"],"picked":"Runic Dome"},{"not_picked":["Black Star","Pandora\u0027s Box"],"picked":"Busted Crown"},{"not_picked":["Tiny House","Mark of Pain"],"picked":"Cursed Key"},{"not_picked":["Pandora\u0027s Box","Astrolabe"],"picked":"Eternal Feather"},{"not_picked":["Philosopher\u0027s Stone","Orrery"],"picked":"Lizard Tail"},{"not_picked":["Runic Cube","Fusion Hammer"],"picked":"Philosopher\u0027s Stone"}],"items_purged_floors":[19,73],"is_endless":true,"potions_floor_spawned":[1,11,13,16,18,20,24,31,37,41,44,47,48,55,59,62,65,69,70,80,82,84,86,96,98,99,108,111,112,114],"ascension_level":2}