{"gold_per_floor":[110,120,140,315,12,37,37,63,133,158,158,172,172,172,172,274,274,289,301,58,58],"floor_reached":21,"playtime":1509,"items_purged":["Doubt","Heel Hook"],"score":267,"play_id":"59b8cd7a-8026-45f3-a6a1-f0d042ceb485","local_time":"20180711164202","is_ascension_mode":true,"campfire_choices":[{"floor":7,"key":"REST"},{"floor":11,"key":"REST"},{"floor":15,"key":"REST"}],"neow_cost":"NONE","seed_source_timestamp":105509464713931,"circlet_count":0,"master_deck":["Survivor","Neutralize","Noxious Fumes","Deadly Poison","Deadly Poison","A Thousand Cuts","Bouncing Flask","Skewer","Choke","Outmaneuver","Noxious Fumes","Outmaneuver","Calculated Gamble","Outmaneuver","Bullet Time","PiercingWail","Dagger Spray","Bane","Acrobatics","Deadly Poison","Cloak And Dagger","Terror","Outmaneuver","Quick Slash","Malaise","Deadly Poison+1","Corpse Explosion"],"relics":["Fusion Hammer","Dream Catcher","Unceasing Top","Juzu Bracelet","Gremlin Horn","Snake Skull","Ninja Scroll","Pandora\u0027s Box"],"potions_floor_usage":[16,21,21],"damage_taken":[{"damage":2,"enemies":"Small Slimes","floor":1,"turns":4},{"damage":1,"enemies":"Jaw Worm","floor":2,"turns":4},{"damage":4,"enemies":"2 Louse","floor":3,"turns":3},{"damage":12,"enemies":"3 Sentries","floor":6,"turns":5},{"damage":2,"enemies":"Gremlin Nob","floor":8,"turns":3},{"damage":16,"enemies":"Lagavulin","floor":10,"turns":5},{"damage":10,"enemies":"Gremlin Gang","floor":12,"turns":4},{"damage":22,"enemies":"The Guardian","floor":16,"turns":8},{"damage":30,"enemies":"Shell Parasite","floor":18,"turns":4},{"damage":28,"enemies":"2 Thieves","floor":19,"turns":3},{"damage":18,"enemies":"Centurion and Healer","floor":21,"turns":1}],"seed_played":"-2248701476408179345","potions_obtained":[{"floor":2,"key":"SteroidPotion"},{"floor":3,"key":"SneckoOil"},{"floor":16,"key":"Strength Potion"}],"is_trial":false,"path_per_floor":["M","M","M","?","$","E","R","E","T","E","R","M","?","?","R","B",null,"M","M","$"],"character_chosen":"THE_SILENT","items_purchased":["Dream Catcher","A Thousand Cuts","Corpse Explosion"],"campfire_rested":3,"item_purchase_floors":[5,5,20],"current_hp_per_floor":[68,67,63,63,63,51,70,68,68,52,70,60,42,42,63,41,70,40,12,12,0],"gold":58,"neow_bonus":"BOSS_RELIC","is_prod":false,"is_daily":false,"chose_seed":false,"campfire_upgraded":0,"win_rate":0,"timestamp":1531293122,"path_taken":["M","M","M","?","$","E","R","E","T","E","R","M","?","?","R","BOSS","M","M","$","M"],"build_version":"2018-07-05","purchased_purges":2,"victory":false,"max_hp_per_floor":[70,70,70,70,70,70,70,70,70,70,70,70,70,70,70,70,70,70,70,70,70],"card_choices":[{"not_picked":["Backflip","Acrobatics"],"picked":"Noxious Fumes","floor":1},{"not_picked":["Dagger Spray","Slice"],"picked":"Deadly Poison","floor":2},{"not_picked":["Underhanded Strike","Poisoned Stab"],"picked":"Deadly Poison","floor":3},{"not_picked":["Acrobatics","Flying Knee"],"picked":"Bouncing Flask","floor":6},{"not_picked":["Expertise","Cloak And Dagger"],"picked":"Skewer","floor":7},{"not_picked":["Acrobatics","Malaise"],"picked":"Choke","floor":8},{"not_picked":["Flying Knee","Glass Knife"],"picked":"Outmaneuver","floor":10},{"not_picked":["Cloak And Dagger","Deflect"],"picked":"Noxious Fumes","floor":11},{"not_picked":["Dodge and Roll","Dagger Throw"],"picked":"Outmaneuver","floor":12},{"not_picked":["Cloak And Dagger","All Out Attack"],"picked":"Outmaneuver","floor":15},{"not_picked":["Doppelganger","Phantasmal Killer"],"picked":"Bullet Time","floor":16},{"not_picked":["Endless Agony+1","Dodge and Roll"],"picked":"Malaise","floor":18},{"not_picked":["Distraction","Quick Slash"],"picked":"Deadly Poison+1","floor":19}],"player_experience":95904,"relics_obtained":[{"floor":6,"key":"Unceasing Top"},{"floor":8,"key":"Juzu Bracelet"},{"floor":9,"key":"Gremlin Horn"},{"floor":10,"key":"Snake Skull"}],"event_choices":[{"event_name":"Liars Game","player_choice":"agreed","floor":4,"damage_taken":0},{"event_name":"Scrap Ooze","player_choice":"success","floor":13,"damage_taken":18},{"event_name":"Match and Keep!","player_choice":"1 cards matched","floor":14,"damage_taken":0}],"boss_relics":[{"not_picked":["Tiny House","Snecko Eye"],"picked":"Pandora\u0027s Box"}],"items_purged_floors":[5,20],"is_endless":false,"potions_floor_spawned":[2,3,16],"killed_by":"Centurion and Healer","ascension_level":2}