{"path_per_floor":["M","?","M","?","?","R","M","M","T","M","$","R","?","$","R"],"character_chosen":"IRONCLAD","items_purchased":["Barricade"],"gold_per_floor":[118,193,207,207,207,207,218,234,234,254,100,100,100,100,100,100],"floor_reached":16,"campfire_rested":1,"playtime":375,"item_purchase_floors":[11],"current_hp_per_floor":[80,69,74,58,63,85,85,85,85,77,77,77,74,74,74,2],"items_purged":["Strike_R"],"gold":100,"score":90,"play_id":"7d6647fe-c9ea-475b-9d68-7cc6e76b40fb","local_time":"20180605235338","is_prod":false,"is_daily":false,"chose_seed":false,"is_ascension_mode":false,"campfire_upgraded":2,"win_rate":0,"timestamp":1528260818,"campfire_choices":[{"floor":6,"key":"REST"},{"data":"Barricade","floor":12,"key":"SMITH"},{"data":"Bludgeon","floor":15,"key":"SMITH"}],"path_taken":["M","?","?","?","?","R","?","M","T","M","$","R","?","?","R","BOSS"],"build_version":"2018-05-31","seed_source_timestamp":105311432793393,"purchased_purges":1,"victory":false,"master_deck":["Strike_R+1","Strike_R","Strike_R","Strike_R","Defend_R+1","Defend_R","Defend_R","Defend_R","Bash","Bludgeon+1","Barricade+1"],"max_hp_per_floor":[80,80,80,80,85,85,85,85,85,85,85,85,85,85,85,85],"relics":["Burning Blood","Unceasing Top","Thread and Needle"],"card_choices":[{"not_picked":["Heavy Blade","Body Slam","Armaments"],"picked":"SKIP","floor":1},{"not_picked":["Rage","Rupture","Flex"],"picked":"SKIP","floor":3},{"not_picked":["Wild Strike","Havoc","Carnage"],"picked":"SKIP","floor":7},{"not_picked":["Clash","Anger","Blood for Blood"],"picked":"SKIP","floor":8},{"not_picked":["Flex","Thunderclap","Rampage"],"picked":"SKIP","floor":10}],"player_experience":287306,"potions_floor_usage":[8,16],"damage_taken":[{"damage":2,"enemies":"Small Slimes","floor":1,"turns":3},{"damage":1,"enemies":"Cultist","floor":3,"turns":3},{"damage":6,"enemies":"Jaw Worm","floor":7,"turns":3},{"damage":3,"enemies":"Looter","floor":8,"turns":2},{"damage":14,"enemies":"3 Louse","floor":10,"turns":4},{"damage":72,"enemies":"Hexaghost","floor":16,"turns":13}],"relics_obtained":[{"floor":9,"key":"Unceasing Top"}],"event_choices":[{"event_name":"World of Goop","player_choice":"Gather Gold","floor":2,"damage_taken":0},{"event_name":"Shining Light","player_choice":"Entered Light","floor":4,"damage_taken":0},{"event_name":"Big Fish","player_choice":"Donut","floor":5,"damage_taken":0},{"event_name":"Scrap Ooze","player_choice":"success","floor":13,"damage_taken":3}],"boss_relics":[],"items_purged_floors":[11],"potions_floor_spawned":[3,10],"seed_played":"-3855897483620470035","killed_by":"Hexaghost","ascension_level":0,"potions_obtained":[{"floor":3,"key":"SkillPotion"},{"floor":10,"key":"EssenceOfSteel"}],"is_trial":false}