{"gold_per_floor":[111,127,138,0,19,50,60,74,143,143,155,189,189,223,223,223],"floor_reached":16,"playtime":1127,"items_purged":[],"score":149,"play_id":"229ccd1f-3905-420e-86aa-ab3ebcce7ab3","local_time":"20180626074938","is_ascension_mode":true,"campfire_choices":[{"floor":13,"key":"REST"},{"floor":15,"key":"REST"}],"neow_cost":"","seed_source_timestamp":0,"circlet_count":0,"master_deck":["Defend_G","Defend_G","Defend_G","Defend_G","Defend_G","Strike_G","Strike_G","Strike_G","Strike_G","Strike_G","Survivor","Neutralize","Deadly Poison","Dodge and Roll","Backflip","Noxious Fumes","Dash","Catalyst","Cloak And Dagger","Acrobatics","Footwork","Dagger Spray","PiercingWail","Burst","Cloak And Dagger","Underhanded Strike"],"special_seed":0,"relics":["Ring of the Snake","Pen Nib","Blood Vial","Gremlin Horn","Dream Catcher","Sundial"],"potions_floor_usage":[7,7,12,16],"damage_taken":[{"damage":2.0,"enemies":"Cultist","floor":1.0,"turns":5.0},{"damage":0,"enemies":"Small Slimes","floor":2,"turns":4},{"damage":0,"enemies":"Jaw Worm","floor":3,"turns":3},{"damage":7,"enemies":"Looter","floor":5,"turns":4},{"damage":40,"enemies":"Gremlin Nob","floor":6,"turns":5},{"damage":5,"enemies":"Exordium Thugs","floor":7,"turns":5},{"damage":3,"enemies":"Blue Slaver","floor":8,"turns":5},{"damage":4,"enemies":"2 Fungi Beasts","floor":11,"turns":4},{"damage":9,"enemies":"Lagavulin","floor":12,"turns":7},{"damage":25,"enemies":"Gremlin Nob","floor":14,"turns":4},{"damage":36,"enemies":"Slime Boss","floor":16,"turns":10}],"seed_played":"4320245921422321107","potions_obtained":[{"floor":5,"key":"Weak Potion"},{"floor":6,"key":"Fire Potion"},{"floor":11,"key":"Dexterity Potion"},{"floor":14,"key":"Explosive Potion"}],"is_trial":false,"path_per_floor":["M","M","M","$","M","E","M","M","T","?","M","E","R","E","R"],"character_chosen":"THE_SILENT","items_purchased":["Noxious Fumes","Dash"],"campfire_rested":2,"item_purchase_floors":[4,4],"current_hp_per_floor":[68,68,68,68,61,21,18,17,17,17,15,8,29,6,27,0],"gold":223,"neow_bonus":"","is_prod":false,"is_daily":false,"chose_seed":false,"campfire_upgraded":0,"win_rate":0,"timestamp":1530013778,"path_taken":["M","?","M","?","M","E","M","M","T","?","M","E","R","E","R","BOSS"],"build_version":"2018-06-21v2","purchased_purges":0,"victory":false,"max_hp_per_floor":[70,70,70,70,70,70,70,70,70,70,70,70,70,70,70,70],"card_choices":[{"not_picked":["Backflip","Dodge and Roll"],"picked":"Deadly Poison","floor":1},{"not_picked":["Calculated Gamble","Heel Hook"],"picked":"Dodge and Roll","floor":2},{"not_picked":["Malaise","Heel Hook"],"picked":"Backflip","floor":3},{"not_picked":["Backflip","Flying Knee"],"picked":"Catalyst","floor":5},{"not_picked":["Sucker Punch","Dagger Throw"],"picked":"Cloak And Dagger","floor":6},{"not_picked":["Grand Finale","Expertise","Acrobatics"],"picked":"SKIP","floor":7},{"not_picked":["Grand Finale","Expertise"],"picked":"Acrobatics","floor":7},{"not_picked":["Quick Slash","Masterful Stab"],"picked":"Footwork","floor":8},{"not_picked":["Reflex","Prepared"],"picked":"Dagger Spray","floor":11},{"not_picked":["Acrobatics","Flying Knee"],"picked":"PiercingWail","floor":12},{"not_picked":["Backflip","Outmaneuver"],"picked":"Burst","floor":13},{"not_picked":["Unload","Escape Plan"],"picked":"Cloak And Dagger","floor":14},{"not_picked":["Endless Agony","Caltrops"],"picked":"Underhanded Strike","floor":15}],"player_experience":774655,"relics_obtained":[{"floor":6,"key":"Blood Vial"},{"floor":9,"key":"Gremlin Horn"},{"floor":12,"key":"Dream Catcher"},{"floor":14,"key":"Sundial"}],"event_choices":[{"event_name":"Liars Game","player_choice":"disagreed","floor":10,"damage_taken":0}],"boss_relics":[],"items_purged_floors":[],"is_endless":false,"potions_floor_spawned":[5,6,11,14],"killed_by":"Slime Boss","ascension_level":4}