{"gold_per_floor":[113,130,43,43,55,55,80,80,135,135,154,171,184,196,196,271,271,283,72,122,47,57,57,85,85,159,173,187,237,249,279,279,351,351,369,387,70,70,70,70,70,87,134,145,145,145,145,163,163,163],"floor_reached":51,"playtime":2050,"items_purged":["Strike_G","Strike_G"],"score":1290,"play_id":"c6160c3a-e9cb-4f6b-8e26-984f515e8701","local_time":"20190124160331","is_ascension_mode":true,"campfire_choices":[{"data":"Neutralize","floor":6,"key":"SMITH"},{"data":"Crippling Poison","floor":8,"key":"SMITH"},{"floor":10,"key":"REST"},{"data":"Noxious Fumes","floor":15,"key":"SMITH"},{"floor":23,"key":"REST"},{"floor":25,"key":"REST"},{"floor":32,"key":"REST"},{"floor":40,"key":"REST"},{"floor":45,"key":"REST"},{"floor":47,"key":"REST"},{"floor":49,"key":"REST"}],"neow_cost":"NONE","seed_source_timestamp":107731285025141,"circlet_count":0,"master_deck":["AscendersBane","Defend_G","Defend_G","Defend_G","Defend_G","Strike_G","Strike_G","Strike_G","Survivor","Neutralize+1","Crippling Poison+1","Blur","Skewer","Corpse Explosion","Poisoned Stab","After Image","Well Laid Plans","Noxious Fumes+1","Adrenaline","Dash","Leg Sweep","Dagger Spray","Dash","Bullet Time+1","Burst+1","Prepared+1","Catalyst+1","PiercingWail+1","Blind+1","Enlightenment+1"],"relics":["Ring of the Snake","Bag of Preparation","PreservedInsect","Boot","Fusion Hammer","Mercury Hourglass","Toxic Egg 2","Incense Burner","Runic Pyramid","Happy Flower","Gremlin Horn","Oddly Smooth Stone"],"potions_floor_usage":[12,16,16,31,33,33,35,50,50],"damage_taken":[{"damage":3,"enemies":"Small Slimes","floor":1,"turns":5},{"damage":2,"enemies":"Cultist","floor":2,"turns":4},{"damage":1,"enemies":"Jaw Worm","floor":5,"turns":5},{"damage":26,"enemies":"Gremlin Nob","floor":7,"turns":4},{"damage":4,"enemies":"2 Fungi Beasts","floor":11,"turns":3},{"damage":9,"enemies":"Exordium Wildlife","floor":12,"turns":4},{"damage":6,"enemies":"Looter","floor":13,"turns":3},{"damage":0,"enemies":"Large Slime","floor":14,"turns":4},{"damage":8,"enemies":"The Guardian","floor":16,"turns":8},{"damage":2,"enemies":"3 Byrds","floor":18,"turns":3},{"damage":0,"enemies":"Chosen","floor":22,"turns":5},{"damage":14,"enemies":"Book of Stabbing","floor":24,"turns":6},{"damage":6,"enemies":"Shelled Parasite and Fungi","floor":27,"turns":6},{"damage":6,"enemies":"Chosen and Byrds","floor":28,"turns":5},{"damage":16,"enemies":"Snake Plant","floor":30,"turns":4},{"damage":0,"enemies":"Slavers","floor":31,"turns":1},{"damage":52,"enemies":"Collector","floor":33,"turns":12},{"damage":9,"enemies":"3 Darklings","floor":35,"turns":2},{"damage":0,"enemies":"3 Shapes","floor":36,"turns":2},{"damage":0,"enemies":"Spire Growth","floor":42,"turns":3},{"damage":0,"enemies":"3 Darklings","floor":44,"turns":1},{"damage":6,"enemies":"Transient","floor":48,"turns":5},{"damage":13,"enemies":"Donu and Deca","floor":50,"turns":5}],"seed_played":"-1898990212041839738","potions_obtained":[{"floor":7,"key":"SteroidPotion"},{"floor":13,"key":"Dexterity Potion"},{"floor":14,"key":"Block Potion"},{"floor":16,"key":"Dexterity Potion"},{"floor":31,"key":"FearPotion"},{"floor":33,"key":"Regen Potion"},{"floor":35,"key":"SkillPotion"},{"floor":36,"key":"Explosive Potion"}],"is_trial":false,"path_per_floor":["M","M","$","?","M","R","E","R","T","R","M","M","M","M","R","B",null,"M","$","?","$","M","R","E","R","T","M","M","?","M","E","R","B",null,"M","M","$","?","$","R","T","M","T","M","R","?","R","M","R","B",null],"character_chosen":"THE_SILENT","items_purchased":["Skewer","Dash","Fire Potion","Leg Sweep","Happy Flower","Poison Potion"],"campfire_rested":8,"item_purchase_floors":[3,19,19,21,37,37],"current_hp_per_floor":[56,54,54,54,53,53,27,27,27,46,42,33,27,27,27,19,54,52,52,52,52,52,66,52,66,66,60,54,54,38,38,57,5,51,47,47,47,47,47,66,66,66,66,66,66,56,66,60,66,53],"gold":163,"neow_bonus":"RANDOM_COMMON_RELIC","is_prod":false,"is_daily":false,"chose_seed":false,"campfire_upgraded":3,"win_rate":0,"timestamp":1548313411,"path_taken":["M","M","$","?","M","R","E","R","T","R","M","M","M","M","R","BOSS","M","$","?","?","M","R","E","R","T","M","M","?","M","E","R","BOSS","M","M","$","?","$","R","?","M","T","M","R","?","R","M","R","BOSS"],"build_version":"2019-01-23","purchased_purges":2,"victory":true,"max_hp_per_floor":[66,66,66,66,66,66,66,66,66,66,66,66,66,66,66,66,66,66,66,66,66,66,66,66,66,66,66,66,66,66,66,66,66,66,66,66,66,66,66,66,66,66,66,66,66,66,66,66,66,66],"card_choices":[{"not_picked":["Cloak And Dagger","Slice"],"picked":"Crippling Poison","floor":1},{"not_picked":["Blade Dance","Dagger Throw"],"picked":"Blur","floor":2},{"not_picked":["Slice","Setup"],"picked":"Poisoned Stab","floor":5},{"not_picked":["Dagger Spray","Flying Knee"],"picked":"After Image","floor":7},{"not_picked":["Quick Slash","Bouncing Flask"],"picked":"Well Laid Plans","floor":11},{"not_picked":["Outmaneuver","Dodge and Roll","Deflect"],"picked":"SKIP","floor":12},{"not_picked":["Sucker Punch","Outmaneuver"],"picked":"Noxious Fumes","floor":13},{"not_picked":["Accuracy","Bane","Deflect"],"picked":"SKIP","floor":14},{"not_picked":["Venomology","Doppelganger"],"picked":"Adrenaline","floor":16},{"not_picked":["Skewer","Cloak And Dagger","Underhanded Strike"],"picked":"SKIP","floor":18},{"not_picked":["Backflip","Endless Agony","Expertise"],"picked":"SKIP","floor":22},{"not_picked":["Backflip","Endless Agony","Expertise"],"picked":"SKIP","floor":22},{"not_picked":["Underhanded Strike","Poisoned Stab"],"picked":"Dagger Spray","floor":24},{"not_picked":["Blade Dance+1","Envenom"],"picked":"Dash","floor":27},{"not_picked":["Sucker Punch","Quick Slash","Dodge and Roll+1"],"picked":"SKIP","floor":28},{"not_picked":["Deflect+1","Dagger Throw"],"picked":"Bullet Time+1","floor":30},{"not_picked":["Bane","Dagger Throw","Cloak And Dagger+1"],"picked":"SKIP","floor":31},{"not_picked":["Unload","Die Die Die"],"picked":"Burst+1","floor":33},{"not_picked":["Heel Hook+1","Leg Sweep+1"],"picked":"Prepared+1","floor":35},{"not_picked":["Acrobatics+1","Cloak And Dagger+1"],"picked":"Catalyst+1","floor":36},{"not_picked":["Calculated Gamble+1","Cloak And Dagger+1"],"picked":"PiercingWail+1","floor":42},{"not_picked":["Envenom","Blade Dance+1","Outmaneuver+1"],"picked":"SKIP","floor":44},{"not_picked":["Trip+1","Discovery+1"],"picked":"Blind+1","floor":46},{"not_picked":["Swift Strike","Purity+1"],"picked":"Enlightenment+1","floor":46},{"not_picked":["PiercingWail+1","Sucker Punch+1","Flying Knee"],"picked":"SKIP","floor":48}],"player_experience":444655,"relics_obtained":[{"floor":7,"key":"PreservedInsect"},{"floor":9,"key":"Boot"},{"floor":24,"key":"Mercury Hourglass"},{"floor":26,"key":"Toxic Egg 2"},{"floor":31,"key":"Incense Burner"},{"floor":41,"key":"Gremlin Horn"},{"floor":43,"key":"Oddly Smooth Stone"}],"event_choices":[{"damage_healed":0,"gold_gain":0,"cards_transformed":["Defend_G"],"player_choice":"Transformed","damage_taken":0,"max_hp_gain":0,"max_hp_loss":0,"event_name":"Transmorgrifier","floor":4,"gold_loss":0,"cards_obtained":["Corpse Explosion"]},{"damage_healed":0,"gold_gain":100,"player_choice":"Bet on Murderer","damage_taken":0,"max_hp_gain":0,"max_hp_loss":0,"event_name":"The Joust","floor":20,"gold_loss":50},{"damage_healed":0,"gold_gain":50,"player_choice":"Stole From Cult","damage_taken":0,"max_hp_gain":0,"max_hp_loss":0,"event_name":"Nest","floor":29,"gold_loss":0},{"damage_healed":0,"gold_gain":0,"player_choice":"Ignored","damage_taken":0,"max_hp_gain":0,"max_hp_loss":0,"event_name":"Mysterious Sphere","floor":38,"gold_loss":0},{"damage_healed":0,"gold_gain":0,"player_choice":"Memory 3","damage_taken":10,"max_hp_gain":0,"max_hp_loss":0,"event_name":"SensoryStone","floor":46,"gold_loss":0}],"is_beta":false,"boss_relics":[{"not_picked":["Lizard Tail","Empty Cage"],"picked":"Fusion Hammer"},{"not_picked":["Philosopher\u0027s Stone","Black Star"],"picked":"Runic Pyramid"}],"items_purged_floors":[19,37],"is_endless":false,"potions_floor_spawned":[7,13,14,16,22,24,27,31,33,35,36,48],"ascension_level":16}