{"gold_per_floor":[118,118,129,143,76,76,103,118,118,118,144,219,219],"floor_reached":13,"playtime":414,"items_purged":[],"score":201,"play_id":"ba8cb9f0-f943-4a15-a727-e0f16186620e","local_time":"20190118103549","is_ascension_mode":true,"campfire_choices":[{"data":"Perfected Strike","floor":6.0,"key":"SMITH"},{"data":"Strike_R","floor":10,"key":"PURGE"}],"neow_cost":"PERCENT_DAMAGE","seed_source_timestamp":97644853929568,"circlet_count":0,"master_deck":["AscendersBane","Strike_R","Strike_R","Strike_R","Strike_R","Defend_R","Defend_R","Defend_R","Bash","Perfected Strike+1","Rage","Shrug It Off","Dropkick","Offering","Dual Wield","Perfected Strike+1"],"special_seed":0,"relics":["Burning Blood","StoneCalendar","Molten Egg 2","Peace Pipe","Bird Faced Urn"],"potions_floor_usage":[11,13],"damage_taken":[{"damage":4.0,"enemies":"Jaw Worm","floor":1.0,"turns":4.0},{"damage":1.0,"enemies":"Cultist","floor":3.0,"turns":3.0},{"damage":6.0,"enemies":"2 Louse","floor":4.0,"turns":4.0},{"damage":28.0,"enemies":"Lagavulin","floor":7.0,"turns":4.0},{"damage":9.0,"enemies":"Blue Slaver","floor":8.0,"turns":2.0},{"damage":6,"enemies":"Gremlin Nob","floor":11,"turns":2},{"damage":21,"enemies":"3 Sentries","floor":13,"turns":5}],"seed_played":"-7426136562078503360","potions_obtained":[{"floor":1.0,"key":"LiquidBronze"},{"floor":8,"key":"AttackPotion"}],"is_trial":false,"path_per_floor":["M","?","M","M","$","R","E","M","T","R","E","?","E"],"character_chosen":"IRONCLAD","items_purchased":["Dropkick"],"campfire_rested":0,"item_purchase_floors":[5],"current_hp_per_floor":[52,52,57,57,57,57,35,32,32,32,32,21,0],"gold":219,"neow_bonus":"ONE_RARE_RELIC","is_prod":false,"is_daily":false,"chose_seed":false,"campfire_upgraded":1,"win_rate":0,"timestamp":1547825749,"path_taken":["M","?","?","M","$","R","E","M","T","R","E","?","E"],"build_version":"2019-01-17v2","purchased_purges":0,"victory":false,"max_hp_per_floor":[75,75,75,75,75,75,75,75,75,75,75,75,75],"card_choices":[{"not_picked":["Inflame","Cleave"],"picked":"Perfected Strike","floor":1.0},{"not_picked":["Warcry","Power Through"],"picked":"Rage","floor":3.0},{"not_picked":["Cleave","Sentinel"],"picked":"Shrug It Off","floor":4.0},{"not_picked":["Power Through","Thunderclap"],"picked":"Offering","floor":7.0},{"not_picked":["Clash+1","Headbutt+1"],"picked":"Dual Wield","floor":8},{"not_picked":["Flex","Infernal Blade"],"picked":"Perfected Strike+1","floor":11}],"player_experience":2153211,"relics_obtained":[{"floor":7.0,"key":"Molten Egg 2"},{"floor":9,"key":"Peace Pipe"},{"floor":11,"key":"Bird Faced Urn"}],"event_choices":[{"cards_removed":["Defend_R"],"damage_healed":0.0,"max_hp_gain":0.0,"max_hp_loss":0.0,"gold_gain":0.0,"event_name":"Purifier","player_choice":"Purged","floor":2.0,"gold_loss":0.0,"damage_taken":0.0},{"damage_healed":0,"gold_gain":75,"player_choice":"Gather Gold","damage_taken":11,"max_hp_gain":0,"max_hp_loss":0,"event_name":"World of Goop","floor":12,"gold_loss":0}],"is_beta":false,"boss_relics":[],"items_purged_floors":[],"is_endless":false,"potions_floor_spawned":[1,8],"killed_by":"3 Sentries","ascension_level":14}