{"gold_per_floor":[116,134,48,48,68,68,93,108,108,108,108,119,119,153,153,153],"floor_reached":16,"playtime":573,"items_purged":[],"score":215,"play_id":"a8ef13b4-67eb-4fd0-a828-fb62e4b15c09","local_time":"20190201123540","is_ascension_mode":true,"campfire_choices":[{"data":"Defragment","floor":6,"key":"SMITH"},{"data":"Defragment","floor":11,"key":"SMITH"},{"floor":13,"key":"REST"},{"floor":15,"key":"REST"}],"neow_cost":"NONE","seed_source_timestamp":691831994973187,"circlet_count":0,"master_deck":["AscendersBane","Strike_B","Strike_B","Strike_B","Strike_B","Defend_B","Defend_B","Defend_B","Defend_B","Zap","Dualcast","Leap","Capacitor","Defragment+1","Sunder","Defragment+1","Core Surge","White Noise","Parasite","Sweeping Beam","Conserve Battery"],"relics":["Cracked Core","Strawberry","Bottled Tornado","Ornamental Fan","Happy Flower"],"potions_floor_usage":[7,14],"damage_taken":[{"damage":1,"enemies":"Cultist","floor":1,"turns":3},{"damage":7,"enemies":"Jaw Worm","floor":2,"turns":3},{"damage":15,"enemies":"Small Slimes","floor":5,"turns":3},{"damage":46,"enemies":"3 Sentries","floor":7,"turns":7},{"damage":5,"enemies":"3 Louse","floor":8,"turns":2},{"damage":11,"enemies":"Looter","floor":12,"turns":3},{"damage":26,"enemies":"Lagavulin","floor":14,"turns":5},{"damage":50,"enemies":"Slime Boss","floor":16,"turns":6}],"seed_played":"6627151150785937645","potions_obtained":[{"floor":5,"key":"Regen Potion"},{"floor":8,"key":"Poison Potion"}],"is_trial":false,"path_per_floor":["M","M","$","?","M","R","E","M","T","?","R","M","R","E","R","B"],"character_chosen":"DEFECT","items_purchased":["Defragment"],"campfire_rested":2,"item_purchase_floors":[3],"current_hp_per_floor":[70,63,63,63,48,48,17,12,12,31,31,20,43,17,40,0],"gold":153,"neow_bonus":"RANDOM_COMMON_RELIC","is_prod":false,"is_daily":false,"chose_seed":false,"campfire_upgraded":2,"win_rate":0,"timestamp":1549042540,"path_taken":["M","?","$","?","M","R","E","?","T","?","R","M","R","E","R","BOSS"],"build_version":"2019-01-23","purchased_purges":0,"victory":false,"max_hp_per_floor":[78,78,78,78,78,78,78,78,78,78,78,78,78,78,78,78],"card_choices":[{"not_picked":["Turbo","Rebound"],"picked":"Leap","floor":1},{"not_picked":["Go for the Eyes","Aggregate"],"picked":"Capacitor","floor":2},{"not_picked":["Go for the Eyes","Cold Snap"],"picked":"Defragment","floor":5},{"not_picked":["Biased Cognition","Tempest"],"picked":"Core Surge","floor":7},{"not_picked":["Streamline","Ball Lightning"],"picked":"White Noise","floor":8},{"not_picked":["Streamline","Turbo"],"picked":"Sweeping Beam","floor":12},{"not_picked":["Recycle","Doom and Gloom"],"picked":"Conserve Battery","floor":14}],"player_experience":2270083,"relics_obtained":[{"floor":7,"key":"Bottled Tornado"},{"floor":9,"key":"Ornamental Fan"},{"floor":14,"key":"Happy Flower"}],"event_choices":[{"damage_healed":0,"gold_gain":0,"player_choice":"1 cards matched","damage_taken":0,"max_hp_gain":0,"max_hp_loss":0,"event_name":"Match and Keep!","floor":4,"gold_loss":0,"cards_obtained":["Sunder"]},{"damage_healed":19,"gold_gain":0,"player_choice":"Healed and dodged fight","damage_taken":0,"max_hp_gain":0,"max_hp_loss":0,"event_name":"Mushrooms","floor":10,"gold_loss":0,"cards_obtained":["Parasite"]}],"is_beta":false,"boss_relics":[],"items_purged_floors":[],"is_endless":false,"potions_floor_spawned":[5,8],"killed_by":"Slime Boss","ascension_level":19}