{"gold_per_floor":[209,225,238,238,42,73,85,103,103,103,103],"floor_reached":11,"playtime":327,"items_purged":[],"score":75,"play_id":"da8e0ad4-022a-49a6-a11e-0f91f1c2750d","local_time":"20181207235146","is_ascension_mode":false,"campfire_choices":[],"neow_cost":"NONE","seed_source_timestamp":36310750414434,"circlet_count":0,"master_deck":["Strike_B","Strike_B","Strike_B","Strike_B","Defend_B","Defend_B","Defend_B","Defend_B","Zap","Dualcast","Sweeping Beam","Rebound","Static Discharge+1","Mayhem","Conserve Battery","Machine Learning","Coolheaded"],"relics":["Cracked Core","Mummified Hand","Meat on the Bone","Kunai"],"potions_floor_usage":[11],"damage_taken":[{"damage":1,"enemies":"Cultist","floor":1,"turns":3},{"damage":7,"enemies":"Small Slimes","floor":2,"turns":2},{"damage":6,"enemies":"2 Louse","floor":3,"turns":2},{"damage":49,"enemies":"3 Sentries","floor":6,"turns":5},{"damage":9,"enemies":"Blue Slaver","floor":7,"turns":4},{"damage":0,"enemies":"2 Fungi Beasts","floor":8,"turns":3},{"damage":11,"enemies":"Large Slime","floor":11,"turns":1}],"seed_played":"8861012847677696418","potions_obtained":[{"floor":2,"key":"Poison Potion"},{"floor":6,"key":"Strength Potion"},{"floor":7,"key":"SpeedPotion"},{"floor":8,"key":"Ancient Potion"}],"is_trial":false,"path_per_floor":["M","M","M","?","$","E","M","M","T","?","M"],"character_chosen":"DEFECT","items_purchased":["Mayhem"],"campfire_rested":0,"item_purchase_floors":[5],"current_hp_per_floor":[74,67,61,61,61,12,3,3,3,3,0],"gold":103,"neow_bonus":"HUNDRED_GOLD","is_prod":false,"is_daily":false,"chose_seed":false,"campfire_upgraded":0,"win_rate":0,"timestamp":1544244706,"path_taken":["M","M","M","?","$","E","?","M","T","?","M"],"build_version":"2018-12-06","purchased_purges":0,"victory":false,"max_hp_per_floor":[75,75,75,75,75,75,75,75,75,75,75],"card_choices":[{"not_picked":["Turbo","Tempest"],"picked":"Sweeping Beam","floor":1},{"not_picked":["Stack","Recycle"],"picked":"Rebound","floor":2},{"not_picked":["Leap","Stack"],"picked":"Static Discharge","floor":3},{"not_picked":["Coolheaded","Ball Lightning"],"picked":"Conserve Battery","floor":6},{"not_picked":["Cold Snap","FTL"],"picked":"Machine Learning","floor":7},{"not_picked":["Turbo","Gash"],"picked":"Coolheaded","floor":8}],"player_experience":1809766,"relics_obtained":[{"floor":6,"key":"Mummified Hand"},{"floor":9,"key":"Meat on the Bone"}],"event_choices":[{"damage_healed":0,"gold_gain":0,"player_choice":"Upgraded","damage_taken":0,"max_hp_gain":0,"max_hp_loss":0,"event_name":"Upgrade Shrine","floor":4,"gold_loss":0,"cards_upgraded":["Static Discharge"]},{"damage_healed":0,"gold_gain":0,"player_choice":"Searched \u00271\u0027 times","damage_taken":0,"relics_obtained":["Kunai"],"max_hp_gain":0,"max_hp_loss":0,"event_name":"Dead Adventurer","floor":10,"gold_loss":0}],"is_beta":false,"boss_relics":[],"items_purged_floors":[],"is_endless":false,"potions_floor_spawned":[2,6,7,8],"killed_by":"Large Slime","ascension_level":0}