{"gold_per_floor":[10,26,26,46,46,46,79,97,120,155,166,166,178,212,212,308,308,320,22,38,57,76,76],"floor_reached":23,"playtime":1635,"items_purged":["Strike_G"],"score":312,"play_id":"d70c5d2e-daec-4f43-9c24-a4244bead635","local_time":"20190216001208","is_ascension_mode":true,"campfire_choices":[{"data":"Flying Knee","floor":6.0,"key":"SMITH"},{"data":"Dash","floor":12.0,"key":"SMITH"},{"data":"Well Laid Plans","floor":15.0,"key":"SMITH"}],"neow_cost":"NO_GOLD","seed_source_timestamp":16356546024768,"circlet_count":0,"master_deck":["Defend_G","Defend_G","Defend_G","Defend_G","Defend_G","Strike_G","Strike_G","Strike_G","Strike_G","Survivor","Neutralize","Flying Knee+1","Unload","Dash+1","PiercingWail","Die Die Die","Well Laid Plans+1","After Image","Backflip","Crippling Poison","PiercingWail","Crippling Poison"],"special_seed":0,"relics":["Ring of the Snake","Unceasing Top","Vajra","Omamori","Orichalcum","Letter Opener","Black Star","Bag of Preparation"],"potions_floor_usage":[22],"damage_taken":[{"damage":4.0,"enemies":"Small Slimes","floor":1.0,"turns":5.0},{"damage":4.0,"enemies":"Cultist","floor":2.0,"turns":3.0},{"damage":0.0,"enemies":"2 Louse","floor":4.0,"turns":2.0},{"damage":30.0,"enemies":"3 Sentries","floor":7.0,"turns":11.0},{"damage":0.0,"enemies":"Large Slime","floor":8.0,"turns":3.0},{"damage":0.0,"enemies":"Gremlin Nob","floor":10.0,"turns":2.0},{"damage":0.0,"enemies":"2 Fungi Beasts","floor":11.0,"turns":4.0},{"damage":1.0,"enemies":"Exordium Wildlife","floor":13.0,"turns":4.0},{"damage":2.0,"enemies":"3 Sentries","floor":14.0,"turns":5.0},{"damage":10.0,"enemies":"Hexaghost","floor":16.0,"turns":12.0},{"damage":7.0,"enemies":"Spheric Guardian","floor":18.0,"turns":4.0},{"damage":21.0,"enemies":"3 Byrds","floor":20.0,"turns":6.0},{"damage":9.0,"enemies":"Snake Plant","floor":21.0,"turns":6.0},{"damage":11,"enemies":"Chosen and Byrds","floor":22,"turns":8},{"damage":16,"enemies":"Book of Stabbing","floor":23,"turns":3}],"seed_played":"5864022651288809029","potions_obtained":[{"floor":4.0,"key":"FearPotion"},{"floor":7.0,"key":"Poison Potion"},{"floor":8.0,"key":"Energy Potion"},{"floor":14.0,"key":"Regen Potion"},{"floor":21.0,"key":"SpeedPotion"}],"is_trial":false,"path_per_floor":["M","M","?","M","?","R","E","M","T","E","M","R","M","E","R","B",null,"M","$","M","M","M","E"],"character_chosen":"THE_SILENT","items_purchased":["Bag of Preparation","Crippling Poison"],"campfire_rested":0,"item_purchase_floors":[19,19],"current_hp_per_floor":[59,55,55,55,55,55,25,25,25,25,25,25,24,22,22,27,59,52,52,31,22,11,0],"gold":76,"neow_bonus":"ONE_RARE_RELIC","is_prod":false,"is_daily":false,"chose_seed":false,"campfire_upgraded":3,"win_rate":0,"timestamp":1550247128,"path_taken":["M","M","?","M","?","R","E","M","T","E","M","R","?","E","R","BOSS","M","$","M","M","M","E"],"build_version":"2019-01-23","purchased_purges":1,"victory":false,"max_hp_per_floor":[70,70,70,70,70,70,70,70,70,70,70,70,70,70,70,70,70,70,70,70,70,70,70],"card_choices":[{"not_picked":["Deflect","Infinite Blades"],"picked":"Flying Knee","floor":1.0},{"not_picked":["Dodge and Roll","Quick Slash","Prepared"],"picked":"SKIP","floor":2.0},{"not_picked":["Outmaneuver","Bane","Acrobatics"],"picked":"SKIP","floor":4.0},{"not_picked":["Outmaneuver","Cloak And Dagger"],"picked":"Unload","floor":7.0},{"not_picked":["Underhanded Strike","Dagger Spray"],"picked":"Dash","floor":8.0},{"not_picked":["Dodge and Roll","Backflip"],"picked":"PiercingWail","floor":10.0},{"not_picked":["Choke","Caltrops","Acrobatics"],"picked":"SKIP","floor":11.0},{"not_picked":["Quick Slash","Poisoned Stab"],"picked":"Die Die Die","floor":13.0},{"not_picked":["Blade Dance","Acrobatics"],"picked":"Well Laid Plans","floor":14.0},{"not_picked":["Venomology","Envenom"],"picked":"After Image","floor":16.0},{"not_picked":["Prepared","Terror"],"picked":"Backflip","floor":18.0},{"not_picked":["Slice","Bane+1"],"picked":"PiercingWail","floor":20.0},{"not_picked":["Dagger Throw+1","Dash"],"picked":"Crippling Poison","floor":21.0},{"not_picked":["Expertise","Underhanded Strike+1","Dagger Spray"],"picked":"SKIP","floor":22}],"player_experience":162431,"relics_obtained":[{"floor":7.0,"key":"Vajra"},{"floor":9.0,"key":"Omamori"},{"floor":10.0,"key":"Orichalcum"},{"floor":14.0,"key":"Letter Opener"}],"event_choices":[{"damage_healed":0.0,"max_hp_gain":0.0,"max_hp_loss":0.0,"gold_gain":0.0,"event_name":"Liars Game","player_choice":"Ignored","floor":3.0,"gold_loss":0.0,"damage_taken":0.0},{"damage_healed":0.0,"max_hp_gain":0.0,"max_hp_loss":0.0,"gold_gain":0.0,"event_name":"FaceTrader","player_choice":"Leave","floor":5.0,"gold_loss":0.0,"damage_taken":0.0}],"is_beta":false,"boss_relics":[{"not_picked":["Tiny House","Calling Bell"],"picked":"Black Star"}],"items_purged_floors":[19],"is_endless":false,"potions_floor_spawned":[4,7,8,14,21],"killed_by":"Book of Stabbing","ascension_level":6}