{"gold_per_floor":[110,126,140,22,33,33,50,69,137,137,58,58,70,35,35,132,132,115,115,115,115,134,134,134,134,161,161,172,23,43,43,43,43],"floor_reached":33,"playtime":1457,"items_purged":["Strike_R"],"score":345,"play_id":"26d15463-f5ee-45a7-9e37-cbf1c290d8f7","local_time":"20180717171444","is_ascension_mode":true,"campfire_choices":[{"data":"Bash","floor":6,"key":"SMITH"},{"data":"Searing Blow","floor":10,"key":"SMITH"},{"data":"Searing Blow+1","floor":12,"key":"SMITH"},{"floor":15,"key":"REST"},{"data":"Searing Blow+3","floor":23,"key":"SMITH"},{"data":"Searing Blow+4","floor":25,"key":"SMITH"},{"floor":32,"key":"REST"}],"neow_cost":"CURSE","seed_source_timestamp":325098490041217,"circlet_count":0,"master_deck":["Strike_R","Strike_R","Strike_R","Strike_R","Defend_R","Defend_R","Defend_R","Defend_R","Bash+1","Evolve","Uppercut","Iron Wave","Shrug It Off","Dropkick","Rage","True Grit","Searing Blow+5","Dropkick","Reaper","Fiend Fire","Shockwave","Havoc","Disarm","Thunderclap"],"relics":["Black Blood","Mango","Matryoshka","Pen Nib","Blood Vial","FaceOfCleric"],"potions_floor_usage":[2,16,18],"damage_taken":[{"damage":3,"enemies":"Cultist","floor":1,"turns":3},{"damage":6,"enemies":"Jaw Worm","floor":2,"turns":3},{"damage":9,"enemies":"2 Louse","floor":3,"turns":3},{"damage":9,"enemies":"Large Slime","floor":5,"turns":6},{"damage":24,"enemies":"2 Fungi Beasts","floor":7,"turns":5},{"damage":43,"enemies":"Exordium Thugs","floor":8,"turns":8},{"damage":8,"enemies":"3 Louse","floor":13,"turns":5},{"damage":68,"enemies":"Slime Boss","floor":16,"turns":12},{"damage":22,"enemies":"2 Thieves","floor":18,"turns":4},{"damage":56,"enemies":"3 Byrds","floor":22,"turns":8},{"damage":33,"enemies":"Snake Plant","floor":28,"turns":6},{"damage":8,"enemies":"Snecko","floor":30,"turns":3},{"damage":86,"enemies":"Collector","floor":33,"turns":5}],"seed_played":"-597911504750856143","potions_obtained":[{"floor":1,"key":"SteroidPotion"},{"floor":8,"key":"SteroidPotion"},{"floor":16,"key":"Poison Potion"},{"floor":30,"key":"SteroidPotion"}],"is_trial":false,"path_per_floor":["M","M","M","$","M","R","M","M","T","R","$","R","M","?","R","B",null,"M","?","?","?","M","R","?","R","T","?","M","$","M","$","R"],"character_chosen":"IRONCLAD","items_purchased":["Shrug It Off","Dropkick","Dropkick","Disarm"],"campfire_rested":2,"item_purchase_floors":[4,4,11,29],"current_hp_per_floor":[89,89,86,86,83,83,65,28,28,28,28,28,26,49,77,19,75,67,67,94,94,54,54,54,54,54,54,34,34,39,39,67,0],"gold":43,"neow_bonus":"ONE_RARE_RELIC","is_prod":false,"is_daily":false,"chose_seed":false,"campfire_upgraded":5,"win_rate":0,"timestamp":1531862084,"path_taken":["M","M","M","$","?","R","M","M","T","R","$","R","M","?","R","BOSS","M","?","?","?","?","R","?","R","T","?","M","$","M","?","R","BOSS"],"build_version":"2018-07-12","purchased_purges":1,"victory":false,"max_hp_per_floor":[94,94,94,94,94,94,94,94,94,94,94,94,94,94,94,94,94,94,94,94,94,94,94,94,94,94,94,95,95,96,96,96,96],"card_choices":[{"not_picked":["Body Slam","Wild Strike"],"picked":"Evolve","floor":1},{"not_picked":["Flame Barrier","Thunderclap"],"picked":"Uppercut","floor":2},{"not_picked":["Twin Strike","Sword Boomerang"],"picked":"Iron Wave","floor":3},{"not_picked":["Sentinel","Flex"],"picked":"Rage","floor":5},{"not_picked":["Perfected Strike","Uppercut"],"picked":"True Grit","floor":7},{"not_picked":["True Grit","Second Wind"],"picked":"Searing Blow","floor":8},{"not_picked":["Armaments","Havoc"],"picked":"Reaper","floor":13},{"not_picked":["Barricade","Berserk"],"picked":"Fiend Fire","floor":16},{"not_picked":["Seeing Red","Combust","Iron Wave"],"picked":"SKIP","floor":18},{"not_picked":["Headbutt","Wild Strike"],"picked":"Havoc","floor":22},{"not_picked":["Infernal Blade","Seeing Red","Clothesline"],"picked":"SKIP","floor":28},{"not_picked":["Feel No Pain","Whirlwind"],"picked":"Thunderclap","floor":30}],"player_experience":1161994,"relics_obtained":[{"floor":9,"key":"Matryoshka"},{"floor":26,"key":"Pen Nib"},{"floor":26,"key":"Blood Vial"}],"event_choices":[{"event_name":"The Cleric","player_choice":"Healed","floor":14,"damage_taken":0},{"event_name":"Accursed Blacksmith","player_choice":"Forge","floor":19,"damage_taken":0},{"event_name":"Wheel of Change","player_choice":"Full Heal","floor":20,"damage_taken":0},{"event_name":"The Library","player_choice":"Read","floor":21,"damage_taken":0},{"event_name":"Purifier","player_choice":"One Purge","floor":24,"damage_taken":0},{"event_name":"FaceTrader","player_choice":"Trade","floor":27,"damage_taken":0}],"boss_relics":[{"not_picked":["Ectoplasm","Calling Bell"],"picked":"Black Blood"}],"items_purged_floors":[29],"is_endless":false,"potions_floor_spawned":[1,8,16,30],"killed_by":"Collector","ascension_level":7}