{"path_per_floor":["M","M","$","M","$","E","M","R","T","?","E","M","?"],"character_chosen":"IRONCLAD","items_purchased":["Demon Form","Metallicize"],"gold_per_floor":[110,122,43,58,20,51,69,69,69,25,59,79,79,79],"floor_reached":14,"campfire_rested":1,"playtime":1254,"current_hp_per_floor":[71,69,69,70,70,18,14,38,38,38,23,20,20,0],"items_purged":[],"gold":79,"score":100,"play_id":"9e1f34f8-b082-47a8-82d2-3f62b18e250f","local_time":"20180521142735","is_prod":false,"is_daily":false,"chose_seed":false,"is_ascension_mode":false,"campfire_upgraded":0,"timestamp":1526927255,"campfire_choices":[{"floor":8,"key":"REST"}],"path_taken":["M","M","$","M","$","E","M","R","T","?","E","M","?","M"],"build_version":"2018-05-17","seed_source_timestamp":38921814157388,"purchased_purges":0,"victory":false,"master_deck":["Strike_R","Strike_R","Strike_R","Strike_R","Strike_R","Defend_R","Defend_R","Defend_R","Defend_R","Bash","Dual Wield","Searing Blow","Demon Form","Dropkick","Metallicize","Headbutt","Armaments","Heavy Blade","Cleave","Injury"],"max_hp_per_floor":[80,80,80,80,80,80,80,80,80,80,80,80,80,80],"relics":["Burning Blood","Ancient Tea Set","Bag of Preparation","Bottled Flame","Charon\u0027s Ashes","Golden Idol"],"card_choices":[{"not_picked":["Flex","Warcry"],"picked":"Dual Wield","floor":1},{"not_picked":["Sever Soul","Heavy Blade"],"picked":"Searing Blow","floor":2},{"not_picked":["True Grit","Shrug It Off"],"picked":"Dropkick","floor":4},{"not_picked":["Twin Strike","Pummel"],"picked":"Headbutt","floor":6},{"not_picked":["True Grit","Body Slam"],"picked":"Armaments","floor":7},{"not_picked":["Seeing Red","Dark Embrace"],"picked":"Heavy Blade","floor":11},{"not_picked":["Burning Pact","Clothesline"],"picked":"Cleave","floor":12}],"player_experience":32882,"potions_floor_usage":[11],"damage_taken":[{"damage":15,"enemies":"Jaw Worm","floor":1,"turns":4},{"damage":8,"enemies":"Small Slimes","floor":2,"turns":3},{"damage":5,"enemies":"2 Louse","floor":4,"turns":4},{"damage":58,"enemies":"Lagavulin","floor":6,"turns":7},{"damage":10,"enemies":"2 Fungi Beasts","floor":7,"turns":6},{"damage":21,"enemies":"3 Sentries","floor":11,"turns":8},{"damage":9,"enemies":"Looter","floor":12,"turns":4},{"damage":28,"enemies":"Exordium Thugs","floor":14,"turns":7}],"relics_obtained":[{"floor":6,"key":"Bag of Preparation"},{"floor":9,"key":"Bottled Flame"},{"floor":11,"key":"Charon\u0027s Ashes"}],"event_choices":[{"event_name":"World of Goop","player_choice":"Left","floor":10,"damage_taken":0},{"event_name":"Golden Idol","player_choice":"Take Wound","floor":13,"damage_taken":0}],"boss_relics":[],"potions_floor_spawned":[7,11],"seed_played":"8590701677141943443","killed_by":"Exordium Thugs","ascension_level":0,"potions_obtained":[{"floor":7,"key":"Strength Potion"},{"floor":11,"key":"Poison Potion"}],"is_trial":false}