{"gold_per_floor":[365,365,11,11,29,29,45,57,57,4,21,0,0,0],"floor_reached":14,"playtime":411,"items_purged":[],"score":160,"play_id":"069ff0b1-6aec-4a37-94b0-f87fa6cd817a","local_time":"20190211014728","is_ascension_mode":true,"campfire_choices":[{"data":"Zap","floor":6,"key":"SMITH"}],"neow_cost":"PERCENT_DAMAGE","seed_source_timestamp":1632877042562048,"circlet_count":0,"master_deck":["AscendersBane","Strike_B","Strike_B","Strike_B","Strike_B","Defend_B","Defend_B","Defend_B","Defend_B","Zap+1","Dualcast","Ball Lightning","Consume+1","Coolheaded+1","Cold Snap","Tempest+1","Redo+1","Decay"],"relics":["Cracked Core","Mango","Toxic Egg 2","Kunai"],"potions_floor_usage":[11],"damage_taken":[{"damage":3,"enemies":"2 Louse","floor":1,"turns":3},{"damage":2,"enemies":"Jaw Worm","floor":5,"turns":3},{"damage":0,"enemies":"Cultist","floor":7,"turns":3},{"damage":15,"enemies":"Exordium Wildlife","floor":8,"turns":5},{"damage":0,"enemies":"3 Louse","floor":11,"turns":3},{"damage":52,"enemies":"Gremlin Gang","floor":14,"turns":3}],"seed_played":"-3737232236529443520","potions_obtained":[{"floor":1,"key":"Energy Potion"},{"floor":8,"key":"Swift Potion"},{"floor":11,"key":"FairyPotion"}],"is_trial":false,"path_per_floor":["M","?","$","?","M","R","M","M","T","$","M","?","?","M"],"character_chosen":"DEFECT","items_purchased":["Toxic Egg 2","Consume+1","Coolheaded+1","Redo+1"],"campfire_rested":0,"item_purchase_floors":[3,3,3,10],"current_hp_per_floor":[43,52,52,52,50,50,50,35,35,35,35,35,35,0],"gold":0,"neow_bonus":"TWO_FIFTY_GOLD","is_prod":false,"is_daily":false,"chose_seed":false,"campfire_upgraded":1,"win_rate":0,"timestamp":1549871248,"path_taken":["M","?","$","?","M","R","M","M","T","?","?","?","?","M"],"build_version":"2019-02-06","purchased_purges":0,"victory":false,"max_hp_per_floor":[71,85,85,85,85,85,85,85,85,85,85,85,85,85],"card_choices":[{"not_picked":["Tempest","Rip and Tear"],"picked":"Ball Lightning","floor":1},{"not_picked":["Blizzard","Sunder","Hologram+1"],"picked":"SKIP","floor":5},{"not_picked":["Streamline","Recycle+1"],"picked":"Cold Snap","floor":7},{"not_picked":["Aggregate+1","Conserve Battery+1"],"picked":"Tempest+1","floor":8},{"not_picked":["Leap+1","Stack+1","Rip and Tear"],"picked":"SKIP","floor":11}],"player_experience":811511,"relics_obtained":[{"floor":9,"key":"Kunai"}],"event_choices":[{"damage_healed":0,"gold_gain":0,"player_choice":"Success","damage_taken":5,"relics_obtained":["Mango"],"max_hp_gain":0,"max_hp_loss":0,"event_name":"Scrap Ooze","floor":2,"gold_loss":0},{"damage_healed":0,"gold_gain":0,"player_choice":"Leave","damage_taken":0,"max_hp_gain":0,"max_hp_loss":0,"event_name":"The Cleric","floor":4,"gold_loss":0},{"damage_healed":0,"gold_gain":0,"player_choice":"Left Gold","damage_taken":0,"max_hp_gain":0,"max_hp_loss":0,"event_name":"World of Goop","floor":12,"gold_loss":21},{"damage_healed":0,"gold_gain":0,"player_choice":"Cursed","damage_taken":0,"max_hp_gain":0,"max_hp_loss":0,"event_name":"Wheel of Change","floor":13,"gold_loss":0,"cards_obtained":["Decay"]}],"is_beta":true,"boss_relics":[],"items_purged_floors":[],"is_endless":false,"potions_floor_spawned":[1,8,11],"killed_by":"Gremlin Gang","ascension_level":20}