{"gold_per_floor":[112,187,197,372,372,408,408,408,408,431,451,451,466,491,491,615,615,615,540,540,540,540,540,540,540,540,540,461,376,376,81,81,81,81,81,81,81,14,14,14,14,14,14,14,14,14,14,14,14,14],"floor_reached":50,"playtime":2532,"items_purged":["Injury"],"score":784,"play_id":"b2173e83-2134-4d47-9099-0585314fdf75","local_time":"20180804193910","is_ascension_mode":true,"campfire_choices":[{"floor":7,"key":"REST"},{"floor":12,"key":"REST"},{"floor":15,"key":"REST"},{"data":"Zap","floor":23,"key":"SMITH"},{"floor":25,"key":"REST"},{"floor":32,"key":"REST"},{"floor":40,"key":"REST"},{"floor":42,"key":"REST"},{"floor":47,"key":"REST"},{"floor":49,"key":"REST"}],"neow_cost":"NONE","seed_source_timestamp":869604781643468,"circlet_count":0,"master_deck":["Zap+1","Dualcast","AscendersBane","Leap","Sweeping Beam","Beam Cell","Sweeping Beam","Leap","Skim","Rebound","Go for the Eyes","Cold Snap","Streamline","Electrodynamics","BootSequence","Melter","Gash","All For One","Conserve Battery","Gash","Core Surge","Self Repair","Echo Form","FTL","Genetic Algorithm","Coolheaded+1","Capacitor","Gash","Writhe"],"relics":["Pandora\u0027s Box","Golden Idol","Symbiotic Virus","Cables","Ectoplasm","Boot","Ginger","Strawberry","Unceasing Top","Busted Crown","Question Card","Bottled Tornado","Bottled Lightning"],"potions_floor_usage":[6,14,16,20,21,21,27,41,50],"damage_taken":[{"damage":0,"enemies":"2 Louse","floor":1,"turns":1},{"damage":0,"enemies":"Small Slimes","floor":3,"turns":2},{"damage":28,"enemies":"Gremlin Nob","floor":6,"turns":5},{"damage":12,"enemies":"Jaw Worm","floor":10,"turns":2},{"damage":12,"enemies":"2 Fungi Beasts","floor":11,"turns":2},{"damage":1,"enemies":"Looter","floor":13,"turns":2},{"damage":0,"enemies":"3 Louse","floor":14,"turns":2},{"damage":34,"enemies":"Hexaghost","floor":16,"turns":7},{"damage":6,"enemies":"3 Byrds","floor":18,"turns":3},{"damage":0,"enemies":"Chosen","floor":20,"turns":3},{"damage":7,"enemies":"Snecko","floor":21,"turns":5},{"damage":5,"enemies":"Snake Plant","floor":24,"turns":3},{"damage":19,"enemies":"Gremlin Leader","floor":27,"turns":5},{"damage":55,"enemies":"Automaton","floor":33,"turns":7},{"damage":5,"enemies":"Flame Bruiser 1 Orb","floor":35,"turns":4},{"damage":24,"enemies":"3 Darklings","floor":37,"turns":3},{"damage":23,"enemies":"Maw","floor":39,"turns":6},{"damage":53,"enemies":"Nemesis","floor":41,"turns":6},{"damage":9,"enemies":"Spire Growth","floor":44,"turns":4},{"damage":31,"enemies":"Flame Bruiser 2 Orb","floor":45,"turns":5},{"damage":88,"enemies":"Donu and Deca","floor":50,"turns":5}],"seed_played":"-223516458978147623","potions_obtained":[{"floor":3,"key":"LiquidBronze"},{"floor":11,"key":"Explosive Potion"},{"floor":13,"key":"Poison Potion"},{"floor":16,"key":"Ancient Potion"},{"floor":18,"key":"Weak Potion"},{"floor":20,"key":"Poison Potion"},{"floor":21,"key":"EssenceOfSteel"},{"floor":37,"key":"Explosive Potion"},{"floor":39,"key":"FocusPotion"}],"is_trial":false,"path_per_floor":["M","?","M","?","?","E","R","?","T","M","M","R","M","M","R","B",null,"M","$","M","M","?","R","M","R","T","E","$","?","?","$","R","B",null,"M","T","M","$","M","R","E","R","T","M","M","?","R","?","R"],"character_chosen":"DEFECT","items_purchased":["Self Repair","Unceasing Top","Genetic Algorithm"],"campfire_rested":9,"item_purchase_floors":[28,31,38],"current_hp_per_floor":[68,57,57,57,57,29,51,44,44,32,20,42,41,41,63,29,64,58,58,58,51,51,51,46,68,68,49,49,56,56,56,80,32,70,72,72,48,48,39,63,17,41,41,39,15,15,39,60,82,0],"gold":14,"neow_bonus":"BOSS_RELIC","is_prod":false,"is_daily":false,"chose_seed":false,"campfire_upgraded":1,"win_rate":0,"timestamp":1533425950,"path_taken":["M","?","M","?","?","E","R","?","T","?","M","R","M","M","R","BOSS","M","$","M","M","?","R","M","R","T","E","$","?","?","$","R","BOSS","M","?","M","$","M","R","E","R","T","M","M","?","R","?","R","BOSS"],"build_version":"2018-08-02","purchased_purges":1,"victory":false,"max_hp_per_floor":[75,75,75,75,75,75,75,75,75,75,75,75,75,75,75,75,75,75,75,75,75,75,75,75,75,75,75,75,82,82,82,82,82,82,82,82,82,82,82,82,82,82,82,82,82,82,82,82,82,82],"card_choices":[{"not_picked":["Sweeping Beam","Leap"],"picked":"Go for the Eyes","floor":1},{"not_picked":["Conserve Battery","Stack"],"picked":"Cold Snap","floor":3},{"not_picked":["Redo","Ball Lightning"],"picked":"Streamline","floor":6},{"not_picked":["Storm","Doom and Gloom"],"picked":"Electrodynamics","floor":10},{"not_picked":["Skim","Cold Snap"],"picked":"BootSequence","floor":11},{"not_picked":["Go for the Eyes","Aggregate"],"picked":"Melter","floor":13},{"not_picked":["Rebound","Turbo"],"picked":"Gash","floor":14},{"not_picked":["Rainbow","Creative AI"],"picked":"All For One","floor":16},{"not_picked":["Aggregate","Compile Driver"],"picked":"Conserve Battery","floor":18},{"not_picked":["Heatsinks","Rebound","Streamline"],"picked":"SKIP","floor":20},{"not_picked":["Coolheaded","Storm","Sweeping Beam"],"picked":"SKIP","floor":21},{"not_picked":["Go for the Eyes","Rebound"],"picked":"Gash","floor":24},{"not_picked":["Beam Cell","Thunder Strike"],"picked":"Core Surge","floor":27},{"not_picked":["Multi-Cast","Amplify"],"picked":"Echo Form","floor":33},{"not_picked":["Blizzard"],"picked":"SKIP","floor":35},{"not_picked":["Stack+1"],"picked":"FTL","floor":37},{"not_picked":["Streamline","Coolheaded"],"picked":"SKIP","floor":39},{"not_picked":["Turbo+1"],"picked":"Coolheaded+1","floor":41},{"not_picked":["Self Repair"],"picked":"Capacitor","floor":44},{"not_picked":["Hologram"],"picked":"Gash","floor":45}],"player_experience":1426452,"relics_obtained":[{"floor":6,"key":"Symbiotic Virus"},{"floor":9,"key":"Cables"},{"floor":26,"key":"Boot"},{"floor":27,"key":"Ginger"},{"floor":36,"key":"Question Card"},{"floor":41,"key":"Bottled Tornado"},{"floor":43,"key":"Bottled Lightning"}],"event_choices":[{"event_name":"World of Goop","player_choice":"Gather Gold","floor":2,"damage_taken":0},{"event_name":"Liars Game","player_choice":"agreed","floor":4,"damage_taken":0},{"event_name":"Golden Idol","player_choice":"Take Wound","floor":5,"damage_taken":0},{"event_name":"Golden Wing","player_choice":"Card Removal","floor":8,"damage_taken":0},{"event_name":"Ghosts","player_choice":"Ignored","floor":22,"damage_taken":0},{"event_name":"Addict","player_choice":"Obtained Relic","floor":29,"damage_taken":0},{"event_name":"Back to Basics","player_choice":"Elegance","floor":30,"damage_taken":0},{"event_name":"SecretPortal","player_choice":"Rejected Portal.","floor":46,"damage_taken":0},{"event_name":"Winding Halls","player_choice":"Writhe","floor":48,"damage_taken":0}],"is_beta":false,"boss_relics":[{"not_picked":["Astrolabe","Runic Dome"],"picked":"Ectoplasm"},{"not_picked":["Philosopher\u0027s Stone","Nuclear Battery"],"picked":"Busted Crown"}],"items_purged_floors":[19],"is_endless":false,"potions_floor_spawned":[3,11,13,16,18,20,21,37,39],"killed_by":"Donu and Deca","ascension_level":12}