{"gold_per_floor":[113,113,123,123,202,202,221,249,249,219,219,219,251,264,264,264],"floor_reached":16,"playtime":1298,"items_purged":[],"score":98,"play_id":"e300c55e-7b00-4ef5-a6e2-5b9c642da278","local_time":"20190105124525","is_ascension_mode":false,"campfire_choices":[{"data":"Sweeping Beam","floor":6,"key":"SMITH"},{"data":"Stack","floor":11,"key":"SMITH"},{"floor":15,"key":"REST"}],"neow_cost":"NONE","seed_source_timestamp":1301102043000892,"circlet_count":0,"master_deck":["Strike_B","Strike_B","Strike_B","Strike_B","Defend_B","Defend_B","Defend_B","Defend_B","Zap","Dualcast","Sweeping Beam+1","Regret","Stack+1","Undo","Chaos","Ball Lightning","Leap"],"relics":["Cracked Core","Happy Flower","Sundial","Kunai","Odd Mushroom","Orichalcum","Oddly Smooth Stone"],"potions_floor_usage":[14,16],"damage_taken":[{"damage":5,"enemies":"Small Slimes","floor":1,"turns":3},{"damage":10,"enemies":"2 Louse","floor":3,"turns":3},{"damage":5,"enemies":"Jaw Worm","floor":7,"turns":4},{"damage":24,"enemies":"The Mushroom Lair","floor":8,"turns":4},{"damage":7,"enemies":"Looter","floor":10,"turns":4},{"damage":14,"enemies":"Gremlin Nob","floor":13,"turns":4},{"damage":5,"enemies":"3 Louse","floor":14,"turns":3},{"damage":37,"enemies":"Slime Boss","floor":16,"turns":6}],"seed_played":"5874310088628753328","potions_obtained":[{"floor":3,"key":"GamblersBrew"},{"floor":14,"key":"Explosive Potion"}],"is_trial":false,"path_per_floor":["M","?","M","?","T","R","M","?","T","M","R","?","E","M","R","B"],"character_chosen":"DEFECT","items_purchased":[],"campfire_rested":1,"item_purchase_floors":[],"current_hp_per_floor":[70,70,60,60,60,60,55,31,31,24,24,24,10,5,27,0],"gold":264,"neow_bonus":"RANDOM_COMMON_RELIC","is_prod":false,"is_daily":false,"chose_seed":false,"campfire_upgraded":2,"win_rate":0,"timestamp":1546721125,"path_taken":["M","?","M","?","?","R","M","?","T","M","R","?","E","M","R","BOSS"],"build_version":"2019-01-03v4","purchased_purges":0,"victory":false,"max_hp_per_floor":[75,75,75,75,75,75,75,75,75,75,75,75,75,75,75,75],"card_choices":[{"not_picked":["Cold Snap","Leap"],"picked":"Sweeping Beam","floor":1},{"not_picked":["Steam","Compile Driver"],"picked":"Stack","floor":3},{"not_picked":["Streamline","Cold Snap"],"picked":"Undo","floor":7},{"not_picked":["Blizzard","Redo"],"picked":"Chaos","floor":8},{"not_picked":["Sunder","Undo"],"picked":"Ball Lightning","floor":10},{"not_picked":["Steam Power","Turbo","Hologram"],"picked":"SKIP","floor":13},{"not_picked":["Stack","Barrage"],"picked":"Leap","floor":14}],"player_experience":56749,"relics_obtained":[{"floor":5,"key":"Kunai"},{"floor":8,"key":"Odd Mushroom"},{"floor":9,"key":"Orichalcum"},{"floor":13,"key":"Oddly Smooth Stone"}],"event_choices":[{"damage_healed":0,"gold_gain":0,"player_choice":"Box","damage_taken":0,"relics_obtained":["Sundial"],"max_hp_gain":0,"max_hp_loss":0,"event_name":"Big Fish","floor":2,"gold_loss":0,"cards_obtained":["Regret"]},{"damage_healed":0,"gold_gain":0,"player_choice":"Ignored","damage_taken":0,"max_hp_gain":0,"max_hp_loss":0,"event_name":"Liars Game","floor":4,"gold_loss":0},{"damage_healed":0,"gold_gain":0,"player_choice":"Fought Mushrooms","damage_taken":0,"max_hp_gain":0,"max_hp_loss":0,"event_name":"Mushrooms","floor":8,"gold_loss":0},{"damage_healed":0,"gold_gain":0,"player_choice":"Fled","damage_taken":0,"max_hp_gain":0,"max_hp_loss":0,"event_name":"Scrap Ooze","floor":12,"gold_loss":0}],"is_beta":false,"boss_relics":[],"items_purged_floors":[],"is_endless":false,"potions_floor_spawned":[3,14],"killed_by":"Slime Boss","ascension_level":0}