{"gold_per_floor":[113,113,125,135,216,216,216,216,285,304,334,351,303,22,22,127,127,139,119,130,141,66,66,80,93,93,193,193,41,41,58,58,58],"floor_reached":33,"playtime":2480,"items_purged":[],"score":237,"play_id":"6b69ed94-017e-4dc9-b504-a3e1feaa9dae","local_time":"20190128165026","is_ascension_mode":false,"campfire_choices":[{"data":"Zap","floor":6,"key":"SMITH"},{"data":"Hologram","floor":8,"key":"SMITH"},{"data":"Hologram","floor":15,"key":"SMITH"},{"data":"Redo","floor":23,"key":"SMITH"},{"data":"Double Energy","floor":28,"key":"SMITH"},{"data":"Seek","floor":30,"key":"SMITH"},{"data":"Undo","floor":32,"key":"SMITH"}],"neow_cost":"NONE","seed_source_timestamp":1465828634344932,"circlet_count":0,"master_deck":["Strike_B","Strike_B","Strike_B","Strike_B","Defend_B","Defend_B","Defend_B","Defend_B","Zap+1","Dualcast","Hologram+1","Hologram+1","Ball Lightning","Ball Lightning","Doom and Gloom+1","Amplify","Double Energy+1","Defragment+1","Redo+1","Defragment+1","Rebound+1","Undo+1","Seek+1","Sunder+1"],"relics":["FrozenCore","Meat on the Bone","Frozen Egg 2","Odd Mushroom","Molten Egg 2","Pantograph"],"potions_floor_usage":[16,16,21,31,31,33,33],"damage_taken":[{"damage":10,"enemies":"Jaw Worm","floor":1,"turns":4},{"damage":0,"enemies":"Small Slimes","floor":3,"turns":4},{"damage":1,"enemies":"Cultist","floor":4,"turns":4},{"damage":7,"enemies":"Blue Slaver","floor":10,"turns":3},{"damage":18,"enemies":"The Mushroom Lair","floor":11,"turns":4},{"damage":18,"enemies":"Lots of Slimes","floor":12,"turns":4},{"damage":2,"enemies":"The Guardian","floor":16,"turns":10},{"damage":17,"enemies":"Shell Parasite","floor":18,"turns":8},{"damage":22,"enemies":"Spheric Guardian","floor":20,"turns":6},{"damage":23,"enemies":"Snake Plant","floor":21,"turns":5},{"damage":0,"enemies":"Snecko","floor":24,"turns":4},{"damage":33,"enemies":"Centurion and Healer","floor":25,"turns":7},{"damage":14,"enemies":"Shelled Parasite and Fungi","floor":31,"turns":4},{"damage":64,"enemies":"Collector","floor":33,"turns":6}],"seed_played":"2431246974323434673","potions_obtained":[{"floor":3,"key":"EssenceOfSteel"},{"floor":10,"key":"Ancient Potion"},{"floor":11,"key":"EssenceOfSteel"},{"floor":16,"key":"Ancient Potion"},{"floor":19,"key":"Explosive Potion"},{"floor":25,"key":"Poison Potion"},{"floor":31,"key":"LiquidBronze"}],"is_trial":false,"path_per_floor":["M","?","M","M","T","R","?","R","T","M","?","M","?","$","R","B",null,"M","?","M","M","$","R","M","M","T","?","R","$","R","M","R","B"],"character_chosen":"DEFECT","items_purchased":["Molten Egg 2","Doom and Gloom+1","Defragment+1","Seek"],"campfire_rested":0,"item_purchase_floors":[14,14,22,29],"current_hp_per_floor":[72,72,72,71,71,71,71,71,71,64,46,40,40,40,40,50,82,65,65,43,32,32,32,44,23,23,23,23,23,23,21,21,0],"gold":58,"neow_bonus":"TEN_PERCENT_HP_BONUS","is_prod":false,"is_daily":false,"chose_seed":false,"campfire_upgraded":7,"win_rate":0,"timestamp":1548723026,"path_taken":["M","?","M","M","?","R","?","R","T","M","?","M","?","$","R","BOSS","M","?","M","M","$","R","?","M","T","?","R","$","R","?","R","BOSS"],"build_version":"2019-01-23","purchased_purges":0,"victory":false,"max_hp_per_floor":[82,82,82,82,82,82,82,82,82,82,82,82,82,82,82,82,82,82,82,82,82,82,82,82,82,82,82,82,82,82,82,82,82],"card_choices":[{"not_picked":["Rebound","Consume"],"picked":"Hologram","floor":1},{"not_picked":["Coolheaded","Fusion"],"picked":"Hologram","floor":3},{"not_picked":["Capacitor","Compile Driver"],"picked":"Ball Lightning","floor":4},{"not_picked":["Undo","Barrage","Leap"],"picked":"SKIP","floor":10},{"not_picked":["Turbo","Beam Cell"],"picked":"Ball Lightning","floor":12},{"not_picked":["Multi-Cast","Thunder Strike+1"],"picked":"Amplify","floor":16},{"not_picked":["Go for the Eyes+1","Turbo"],"picked":"Double Energy","floor":18},{"not_picked":["Gash+1","Capacitor+1"],"picked":"Defragment+1","floor":20},{"not_picked":["Compile Driver+1","Steam"],"picked":"Redo","floor":21},{"not_picked":["Force Field+1","Barrage+1"],"picked":"Rebound+1","floor":24},{"not_picked":["Hello World+1","Chaos"],"picked":"Undo","floor":25},{"not_picked":["Double Energy+1","Rebound+1"],"picked":"Sunder+1","floor":31}],"player_experience":163905,"relics_obtained":[{"floor":5,"key":"Meat on the Bone"},{"floor":9,"key":"Frozen Egg 2"},{"floor":11,"key":"Odd Mushroom"},{"floor":26,"key":"Pantograph"}],"event_choices":[{"damage_healed":0,"gold_gain":0,"player_choice":"Leave","damage_taken":0,"max_hp_gain":0,"max_hp_loss":0,"event_name":"The Cleric","floor":2,"gold_loss":0},{"damage_healed":0,"gold_gain":0,"player_choice":"Ignored","damage_taken":0,"max_hp_gain":0,"max_hp_loss":0,"event_name":"Golden Wing","floor":7,"gold_loss":0},{"damage_healed":0,"gold_gain":0,"player_choice":"Fought Mushrooms","damage_taken":0,"max_hp_gain":0,"max_hp_loss":0,"event_name":"Mushrooms","floor":11,"gold_loss":0},{"damage_healed":0,"gold_gain":0,"player_choice":"Left Gold","damage_taken":0,"max_hp_gain":0,"max_hp_loss":0,"event_name":"World of Goop","floor":13,"gold_loss":48},{"damage_healed":0,"gold_gain":0,"player_choice":"Bought 1 Potion","damage_taken":0,"max_hp_gain":0,"max_hp_loss":0,"event_name":"The Woman in Blue","floor":19,"gold_loss":0},{"damage_healed":0,"gold_gain":100,"player_choice":"Pray","damage_taken":0,"max_hp_gain":0,"max_hp_loss":0,"event_name":"Golden Shrine","floor":27,"gold_loss":0}],"is_beta":false,"boss_relics":[{"not_picked":["Busted Crown","Cursed Key"],"picked":"FrozenCore"}],"items_purged_floors":[],"is_endless":false,"potions_floor_spawned":[3,10,11,16,20,25,31],"killed_by":"Collector","ascension_level":0}