{"gold_per_floor":[212,232,252,252,265,298,298,359,385,385,101,81,97,132,144,233,245,275,212,73,92,92,92,17,28,28,43,122,122,122,150,150,224,224,237,137,157,170,94,94,94],"floor_reached":41,"playtime":1693,"items_purged":["Strike_G","Normality"],"score":820,"play_id":"e4f66769-ff98-40c8-a09f-50888898b2e6","local_time":"20180914102631","is_ascension_mode":true,"campfire_choices":[{"data":"Glass Knife","floor":7,"key":"SMITH"},{"floor":10,"key":"REST"},{"data":"Noxious Fumes","floor":15,"key":"SMITH"},{"data":"Footwork","floor":23,"key":"SMITH"},{"data":"Neutralize","floor":29,"key":"SMITH"},{"floor":32,"key":"REST"},{"floor":40,"key":"REST"}],"neow_cost":"NONE","seed_source_timestamp":25260432573010,"circlet_count":0,"master_deck":["Defend_G","Defend_G","Defend_G","Defend_G","Defend_G","Strike_G","Strike_G","Survivor","Neutralize+1","AscendersBane","Dagger Spray","Flying Knee","Backflip","Glass Knife+1","Corpse Explosion","Noxious Fumes+1","Well Laid Plans","Escape Plan","Crippling Poison","Dodge and Roll","Die Die Die","Flechettes","Backstab","Finisher","Footwork+1","Acrobatics","PiercingWail","After Image","Clumsy","Clumsy","Noxious Fumes+1","Escape Plan+1","Backflip+1","Tools of the Trade","Deadly Poison+1","Dash"],"relics":["Ring of the Snake","Prayer Wheel","Tiny Chest","Anchor","Orichalcum","MawBank","Velvet Choker","MutagenicStrength","Pantograph","Gremlin Horn","Bag of Preparation","Calling Bell","Omamori","Dodecahedron","Tingsha"],"potions_floor_usage":[6,8,14,31,33,38],"damage_taken":[{"damage":0,"enemies":"Cultist","floor":1,"turns":4},{"damage":6,"enemies":"Jaw Worm","floor":2,"turns":6},{"damage":2,"enemies":"Small Slimes","floor":3,"turns":3},{"damage":3,"enemies":"2 Fungi Beasts","floor":5,"turns":4},{"damage":15,"enemies":"3 Sentries","floor":6,"turns":5},{"damage":15,"enemies":"Lagavulin","floor":8,"turns":6},{"damage":0,"enemies":"Red Slaver","floor":13,"turns":3},{"damage":6,"enemies":"3 Sentries","floor":14,"turns":3},{"damage":5,"enemies":"Hexaghost","floor":16,"turns":10},{"damage":13,"enemies":"Chosen","floor":18,"turns":5},{"damage":0,"enemies":"3 Byrds","floor":21,"turns":4},{"damage":0,"enemies":"3 Cultists","floor":25,"turns":2},{"damage":2,"enemies":"Centurion and Healer","floor":27,"turns":6},{"damage":0,"enemies":"Gremlin Leader","floor":31,"turns":5},{"damage":18,"enemies":"Collector","floor":33,"turns":9},{"damage":5,"enemies":"3 Shapes","floor":35,"turns":4},{"damage":24,"enemies":"3 Darklings","floor":37,"turns":4},{"damage":28,"enemies":"Transient","floor":38,"turns":5},{"damage":3,"enemies":"Nemesis","floor":41,"turns":2}],"seed_played":"9018804447882638005","potions_obtained":[{"floor":1,"key":"PowerPotion"},{"floor":3,"key":"Poison Potion"},{"floor":5,"key":"SteroidPotion"},{"floor":12,"key":"Fire Potion"},{"floor":14,"key":"GhostInAJar"},{"floor":33,"key":"GhostInAJar"},{"floor":35,"key":"PowerPotion"},{"floor":38,"key":"Strength Potion"}],"is_trial":false,"path_per_floor":["M","M","M","?","M","E","R","E","T","R","$","?","M","E","R","B",null,"M","?","$","M","?","R","$","M","T","M","T","R","?","E","R","B",null,"M","$","M","M","$","R"],"character_chosen":"THE_SILENT","items_purchased":["Orichalcum","Well Laid Plans","Block Potion","Backstab","Finisher","Dash"],"campfire_rested":3,"item_purchase_floors":[11,11,11,20,20,39],"current_hp_per_floor":[59,53,51,51,48,33,33,18,18,37,37,37,37,31,31,26,56,43,43,43,43,43,43,43,43,43,41,41,41,23,23,44,51,66,61,61,37,9,9,30,27],"gold":94,"neow_bonus":"HUNDRED_GOLD","is_prod":false,"is_daily":false,"chose_seed":false,"campfire_upgraded":4,"win_rate":0,"timestamp":1536913591,"path_taken":["M","M","?","?","M","E","R","E","T","R","$","?","?","E","R","BOSS","M","?","$","M","?","R","?","?","T","M","?","R","?","E","R","BOSS","M","$","M","M","$","R","E"],"build_version":"2018-09-06","purchased_purges":2,"victory":false,"max_hp_per_floor":[66,66,66,66,66,66,66,66,66,66,66,66,66,66,66,66,66,66,66,66,66,66,66,66,66,66,66,66,66,71,71,71,71,71,71,71,71,71,71,71,71],"card_choices":[{"not_picked":["Predator","Poisoned Stab"],"picked":"Dagger Spray","floor":1},{"not_picked":["Dagger Spray","All Out Attack"],"picked":"Flying Knee","floor":2},{"not_picked":["Poisoned Stab","Deadly Poison"],"picked":"Backflip","floor":3},{"not_picked":["Noxious Fumes","Quick Slash"],"picked":"Glass Knife","floor":5},{"not_picked":["Distraction","Riddle With Holes"],"picked":"Corpse Explosion","floor":6},{"not_picked":["Envenom","Deflect"],"picked":"Noxious Fumes","floor":8},{"not_picked":["Outmaneuver","Poisoned Stab"],"picked":"Escape Plan","floor":13},{"not_picked":["Tactician","Endless Agony"],"picked":"Crippling Poison","floor":13},{"not_picked":["Underhanded Strike","Flying Knee"],"picked":"Dodge and Roll","floor":14},{"not_picked":["Night Terror","Venomology"],"picked":"Die Die Die","floor":16},{"not_picked":["Deflect+1","Bouncing Flask"],"picked":"Flechettes","floor":18},{"not_picked":["Slice","Crippling Poison","Backflip"],"picked":"SKIP","floor":18},{"not_picked":["Flying Knee+1","Backflip"],"picked":"Footwork","floor":21},{"not_picked":["Slice","Crippling Poison","Poisoned Stab"],"picked":"SKIP","floor":21},{"not_picked":["Deadly Poison","Skewer"],"picked":"Acrobatics","floor":25},{"not_picked":["Reflex","Prepared","Crippling Poison"],"picked":"SKIP","floor":25},{"not_picked":["Outmaneuver","Deflect+1","Blade Dance"],"picked":"SKIP","floor":27},{"not_picked":["Slice","Poisoned Stab","Die Die Die"],"picked":"SKIP","floor":27},{"not_picked":["Acrobatics","Deflect"],"picked":"PiercingWail","floor":31},{"not_picked":["Night Terror","Venomology"],"picked":"After Image","floor":33},{"not_picked":["Distraction+1","Deflect"],"picked":"Noxious Fumes+1","floor":35},{"not_picked":["Poisoned Stab+1","Expertise+1"],"picked":"Escape Plan+1","floor":35},{"not_picked":["Outmaneuver+1","Bane+1"],"picked":"Backflip+1","floor":37},{"not_picked":["Acrobatics","Prepared"],"picked":"Tools of the Trade","floor":37},{"not_picked":["Crippling Poison","Prepared"],"picked":"Deadly Poison+1","floor":38},{"not_picked":["Blade Dance","Underhanded Strike","Predator"],"picked":"SKIP","floor":38}],"player_experience":1437433,"relics_obtained":[{"floor":6,"key":"Prayer Wheel"},{"floor":8,"key":"Tiny Chest"},{"floor":9,"key":"Anchor"},{"floor":14,"key":"MawBank"},{"floor":26,"key":"Pantograph"},{"floor":28,"key":"Gremlin Horn"},{"floor":31,"key":"Bag of Preparation"},{"floor":34,"key":"Omamori"},{"floor":34,"key":"Dodecahedron"},{"floor":34,"key":"Tingsha"}],"event_choices":[{"event_name":"Purifier","player_choice":"One Purge","floor":4,"damage_taken":0},{"event_name":"The Woman in Blue","player_choice":"Bought 1 Potion","floor":12,"damage_taken":0},{"event_name":"Beggar","player_choice":"Gave Gold","floor":19,"damage_taken":0},{"event_name":"Drug Dealer","player_choice":"Inject Mutagens","floor":22,"damage_taken":0},{"event_name":"Forgotten Altar","player_choice":"Shed Blood","floor":30,"damage_taken":0}],"is_beta":false,"boss_relics":[{"not_picked":["Runic Pyramid","Pandora\u0027s Box"],"picked":"Velvet Choker"},{"not_picked":["Snecko Eye","HoveringKite"],"picked":"Calling Bell"}],"items_purged_floors":[24,36],"is_endless":false,"potions_floor_spawned":[1,3,5,14,25,27,33,35,38],"killed_by":"Nemesis","ascension_level":15}