{"path_per_floor":["M","$","?","M","M","R","?","R","T","M","?","M","M","M","R","B",null,"M","M","?","$","M","R","M","M","T","M","?","M","R","$","R"],"character_chosen":"THE_SILENT","items_purchased":["Backflip","Accuracy","Choke"],"gold_per_floor":[112,13,13,32,42,42,42,42,42,55,55,73,88,103,103,207,207,222,240,240,3,17,17,36,55,55,70,70,81,81,81,81,81],"floor_reached":33,"campfire_rested":6,"playtime":2179,"item_purchase_floors":[2,21,21],"current_hp_per_floor":[68,68,65,65,64,70,70,70,70,64,64,64,60,64,70,40,70,69,69,62,62,60,70,53,51,51,39,32,23,44,44,65,0],"items_purged":["Strike_G","Strike_G"],"gold":81,"score":317,"play_id":"c02c9360-8c13-4df4-aafb-1816e1d93962","local_time":"20180622092831","is_prod":false,"is_daily":false,"chose_seed":false,"is_ascension_mode":true,"campfire_upgraded":0,"win_rate":0,"timestamp":1529674111,"campfire_choices":[{"floor":6,"key":"REST"},{"floor":8,"key":"REST"},{"floor":15,"key":"REST"},{"floor":23,"key":"REST"},{"floor":30,"key":"REST"},{"floor":32,"key":"REST"}],"path_taken":["M","$","?","M","M","R","?","R","T","M","?","M","M","?","R","BOSS","M","M","?","$","M","R","M","M","T","M","?","?","R","$","R","BOSS"],"build_version":"2018-06-21","seed_source_timestamp":711215841989102,"purchased_purges":2,"circlet_count":0,"victory":false,"master_deck":["Defend_G","Defend_G","Defend_G","Defend_G","Defend_G","Strike_G","Strike_G","Strike_G","Survivor","Neutralize","Cloak And Dagger","Backflip","A Thousand Cuts+1","Deflect","PiercingWail","Poisoned Stab","Backflip","Crippling Poison","Storm of Steel","Backflip","Escape Plan","Accuracy","Choke","Backflip","Deflect","Footwork+1","PiercingWail+1","A Thousand Cuts"],"max_hp_per_floor":[70,70,70,70,70,70,70,70,70,70,70,70,70,70,70,70,70,70,70,70,70,70,70,70,70,70,70,70,70,70,70,70,70],"relics":["Fusion Hammer","Potion Belt","Mercury Hourglass","Paper Crane","Sozu","Meat on the Bone"],"card_choices":[{"not_picked":["Sucker Punch","Deflect"],"picked":"Cloak And Dagger","floor":1},{"not_picked":["Sucker Punch","Flying Knee"],"picked":"A Thousand Cuts","floor":4},{"not_picked":["Finisher","Bane"],"picked":"Deflect","floor":5},{"not_picked":["Caltrops","Prepared"],"picked":"PiercingWail","floor":10},{"not_picked":["Heel Hook","Catalyst"],"picked":"Poisoned Stab","floor":12},{"not_picked":["PiercingWail","Outmaneuver"],"picked":"Backflip","floor":13},{"not_picked":["Finisher","Dodge and Roll"],"picked":"Crippling Poison","floor":14},{"not_picked":["Glass Knife","Night Terror"],"picked":"Storm of Steel","floor":16},{"not_picked":["Deflect+1","Outmaneuver"],"picked":"Backflip","floor":18},{"not_picked":["Terror","Dagger Throw+1"],"picked":"Escape Plan","floor":19},{"not_picked":["Dagger Throw","PiercingWail"],"picked":"Backflip","floor":22},{"not_picked":["Dagger Throw","Blur"],"picked":"Deflect","floor":24},{"not_picked":["Quick Slash","Deadly Poison"],"picked":"Footwork+1","floor":25},{"not_picked":["Outmaneuver+1","Bane+1"],"picked":"PiercingWail+1","floor":27},{"not_picked":["Flying Knee+1","Deflect+1"],"picked":"A Thousand Cuts","floor":29}],"player_experience":699605,"potions_floor_usage":[14,14,16,16,16,16],"damage_taken":[{"damage":2,"enemies":"2 Louse","floor":1,"turns":3},{"damage":0,"enemies":"Small Slimes","floor":4,"turns":4},{"damage":1,"enemies":"Jaw Worm","floor":5,"turns":4},{"damage":6,"enemies":"3 Louse","floor":10,"turns":3},{"damage":0,"enemies":"Gremlin Gang","floor":12,"turns":3},{"damage":4,"enemies":"Looter","floor":13,"turns":3},{"damage":1,"enemies":"2 Fungi Beasts","floor":14,"turns":3},{"damage":30,"enemies":"Hexaghost","floor":16,"turns":10},{"damage":1,"enemies":"2 Thieves","floor":18,"turns":3},{"damage":0,"enemies":"Chosen","floor":19,"turns":5},{"damage":2,"enemies":"Slaver and Parasite","floor":22,"turns":6},{"damage":17,"enemies":"Snecko","floor":24,"turns":7},{"damage":2,"enemies":"Centurion and Healer","floor":25,"turns":6},{"damage":12,"enemies":"3 Cultists","floor":27,"turns":5},{"damage":21,"enemies":"Snake Plant","floor":29,"turns":4},{"damage":70,"enemies":"Champ","floor":33,"turns":14}],"relics_obtained":[{"floor":9,"key":"Paper Crane"},{"floor":26,"key":"Meat on the Bone"}],"event_choices":[{"event_name":"Scrap Ooze","player_choice":"success","floor":3,"damage_taken":3},{"event_name":"Dead Adventurer","player_choice":"Searched \u00271\u0027 times","floor":7,"damage_taken":0},{"event_name":"Living Wall","player_choice":"Grow","floor":11,"damage_taken":0},{"event_name":"Wheel of Change","player_choice":"Damage","floor":20,"damage_taken":0},{"event_name":"Knowing Skull","player_choice":"","floor":28,"damage_taken":0}],"boss_relics":[{"not_picked":["Ectoplasm","Snecko Eye"],"picked":"Sozu"}],"items_purged_floors":[2,21],"is_endless":false,"potions_floor_spawned":[5,13,14,18,29],"seed_played":"-1806486173990578997","killed_by":"Champ","ascension_level":4,"potions_obtained":[{"floor":5,"key":"Regen Potion"},{"floor":13,"key":"EntropicBrew"},{"floor":14,"key":"SteroidPotion"}],"is_trial":false}