{"gold_per_floor":[118,129,143,64,83,83,83,83,83,111,131,131,149,166,166,271,271,282,295,25,43,53,53],"floor_reached":23,"playtime":2418,"items_purged":[],"score":247,"play_id":"8d0c6257-3c2e-43d0-a57c-950d83d3446b","local_time":"20180709210128","is_ascension_mode":false,"campfire_choices":[{"data":"Loop","floor":6,"key":"SMITH"},{"data":"Zap","floor":8,"key":"SMITH"},{"data":"Aggregate","floor":12,"key":"SMITH"},{"floor":15,"key":"REST"}],"neow_cost":"","seed_source_timestamp":212878033423546,"circlet_count":0,"master_deck":["Strike_B","Strike_B","Strike_B","Strike_B","Defend_B","Defend_B","Defend_B","Defend_B","Zap+1","Dualcast","Loop+1","FTL","Coolheaded","Tempest","Ball Lightning","Doom and Gloom","Aggregate+1","Redo","Barrage","Biased Cognition","Stack+1","Hologram+1","Capacitor","Barrage","Melter+1","Hologram+1"],"relics":["Cracked Core","Dodecahedron","Shuriken","Du-Vu Doll","Inserter","Anchor"],"potions_floor_usage":[10,16,21,22,22,23],"damage_taken":[{"damage":1,"enemies":"Cultist","floor":1,"turns":4},{"damage":0,"enemies":"2 Louse","floor":2,"turns":3},{"damage":3,"enemies":"Small Slimes","floor":3,"turns":2},{"damage":14,"enemies":"Blue Slaver","floor":5,"turns":3},{"damage":8,"enemies":"Gremlin Nob","floor":10,"turns":3},{"damage":8,"enemies":"Red Slaver","floor":11,"turns":2},{"damage":1,"enemies":"Exordium Wildlife","floor":13,"turns":2},{"damage":10,"enemies":"Looter","floor":14,"turns":2},{"damage":0,"enemies":"Slime Boss","floor":16,"turns":4},{"damage":4,"enemies":"Chosen","floor":18,"turns":3},{"damage":35,"enemies":"2 Thieves","floor":19,"turns":3},{"damage":20,"enemies":"Centurion and Healer","floor":21,"turns":7},{"damage":1,"enemies":"Snake Plant","floor":22,"turns":5},{"damage":17,"enemies":"Gremlin Leader","floor":23,"turns":5}],"seed_played":"-7854847178661218752","potions_obtained":[{"floor":1,"key":"Fire Potion"},{"floor":5,"key":"GamblersBrew"},{"floor":11,"key":"Block Potion"},{"floor":13,"key":"PowerPotion"},{"floor":16,"key":"SkillPotion"},{"floor":21,"key":"Block Potion"},{"floor":22,"key":"AttackPotion"}],"is_trial":false,"path_per_floor":["M","M","M","$","M","R","?","R","T","E","M","R","M","M","R","B",null,"M","M","$","M","M"],"character_chosen":"DEFECT","items_purchased":["Tempest","Anchor","Capacitor","Barrage"],"campfire_rested":1,"item_purchase_floors":[4,20,20,20],"current_hp_per_floor":[74,74,71,71,57,57,32,32,32,24,16,16,15,5,27,27,75,71,36,36,16,15,0],"gold":53,"neow_bonus":"","is_prod":false,"is_daily":false,"chose_seed":false,"campfire_upgraded":3,"win_rate":0.0,"timestamp":1531135888,"path_taken":["M","M","M","$","?","R","?","R","T","E","M","R","?","M","R","BOSS","M","M","$","M","M","E"],"build_version":"2018-07-05","purchased_purges":0,"victory":false,"max_hp_per_floor":[75,75,75,75,75,75,75,75,75,75,75,75,75,75,75,75,75,75,75,75,75,75,75],"card_choices":[{"not_picked":["Gash","Leap"],"picked":"Loop","floor":1},{"not_picked":["Coolheaded","Sweeping Beam"],"picked":"FTL","floor":2},{"not_picked":["Gash","Reboot"],"picked":"Coolheaded","floor":3},{"not_picked":["Beam Cell","Redo"],"picked":"Ball Lightning","floor":5},{"not_picked":["Scrape","Compile Driver"],"picked":"Doom and Gloom","floor":10},{"not_picked":["Auto Shields","Genetic Algorithm"],"picked":"Aggregate","floor":11},{"not_picked":["Sweeping Beam","Steam"],"picked":"Redo","floor":13},{"not_picked":["Hello World","Steam"],"picked":"Barrage","floor":14},{"not_picked":["Multi-Cast","Machine Learning"],"picked":"Biased Cognition","floor":16},{"not_picked":["Cold Snap","Beam Cell+1"],"picked":"Stack+1","floor":18},{"not_picked":["Doom and Gloom","Cold Snap"],"picked":"Hologram+1","floor":19},{"not_picked":["Stack","Streamline"],"picked":"Melter+1","floor":21},{"not_picked":["Glacier","Genetic Algorithm"],"picked":"Hologram+1","floor":22}],"player_experience":50932,"relics_obtained":[{"floor":9,"key":"Shuriken"},{"floor":10,"key":"Du-Vu Doll"}],"event_choices":[{"event_name":"Scrap Ooze","player_choice":"success","floor":7,"damage_taken":25}],"boss_relics":[{"not_picked":["Eternal Feather","Astrolabe"],"picked":"Inserter"}],"items_purged_floors":[],"is_endless":false,"potions_floor_spawned":[1,5,11,13,16,21,22],"killed_by":"Gremlin Leader","ascension_level":0}