{"gold_per_floor":[216,226,243,243,318,318,347,347,347,44,62,62,92,140,140,140],"floor_reached":16,"playtime":517,"items_purged":[],"score":184,"play_id":"7060b1e5-3911-44e2-85f2-369c9d1806c4","local_time":"20190207184225","is_ascension_mode":true,"campfire_choices":[{"data":"Perfected Strike","floor":6,"key":"SMITH"},{"data":"Bash","floor":8,"key":"SMITH"},{"floor":12,"key":"REST"},{"floor":15,"key":"REST"}],"neow_cost":"NONE","seed_source_timestamp":1328409596575992,"circlet_count":0,"master_deck":["AscendersBane","Strike_R","Strike_R","Strike_R","Strike_R","Strike_R","Defend_R","Defend_R","Defend_R","Defend_R","Bash+1","Flex","Perfected Strike+1","Corruption","Carnage+1","Ghostly Armor"],"relics":["Burning Blood","Matryoshka","Blood Vial","Molten Egg 2","Regal Pillow","Happy Flower","Potion Belt","PreservedInsect","Centennial Puzzle"],"potions_floor_usage":[2,13],"damage_taken":[{"damage":5,"enemies":"Jaw Worm","floor":1,"turns":6},{"damage":4,"enemies":"Small Slimes","floor":2,"turns":4},{"damage":1,"enemies":"Cultist","floor":3,"turns":4},{"damage":45,"enemies":"3 Sentries","floor":7,"turns":9},{"damage":13,"enemies":"Red Slaver","floor":11,"turns":3},{"damage":35,"enemies":"Lagavulin","floor":13,"turns":4},{"damage":84,"enemies":"Slime Boss","floor":16,"turns":10}],"seed_played":"-45225261869161684","potions_obtained":[{"floor":1,"key":"Weak Potion"},{"floor":11,"key":"LiquidBronze"}],"is_trial":false,"path_per_floor":["M","M","M","?","?","R","E","R","T","$","M","R","E","T","R","B"],"character_chosen":"IRONCLAD","items_purchased":["Regal Pillow","Happy Flower"],"campfire_rested":2,"item_purchase_floors":[10,10],"current_hp_per_floor":[69,71,75,80,69,69,30,30,30,30,25,64,37,37,76,0],"gold":140,"neow_bonus":"HUNDRED_GOLD","is_prod":false,"is_daily":false,"chose_seed":false,"campfire_upgraded":2,"win_rate":0,"timestamp":1549532545,"path_taken":["M","M","M","?","?","R","E","R","T","$","M","R","E","?","R","BOSS"],"build_version":"2019-01-23","purchased_purges":0,"victory":false,"max_hp_per_floor":[75,75,75,80,80,80,80,80,80,80,80,80,80,80,80,80],"card_choices":[{"not_picked":["Entrench","Fire Breathing"],"picked":"Flex","floor":1},{"not_picked":["Wild Strike","Inflame"],"picked":"Perfected Strike","floor":2},{"not_picked":["True Grit","Clothesline","Disarm"],"picked":"SKIP","floor":3},{"not_picked":["Immolate","Rupture"],"picked":"Corruption","floor":7},{"not_picked":["Clothesline+1","Shrug It Off"],"picked":"Carnage+1","floor":11},{"not_picked":["Hemokinesis+1","Clash+1"],"picked":"Ghostly Armor","floor":13}],"player_experience":479655,"relics_obtained":[{"floor":7,"key":"Matryoshka"},{"floor":9,"key":"Blood Vial"},{"floor":9,"key":"Molten Egg 2"},{"floor":13,"key":"Potion Belt"},{"floor":14,"key":"PreservedInsect"},{"floor":14,"key":"Centennial Puzzle"}],"event_choices":[{"damage_healed":0,"gold_gain":0,"player_choice":"Donut","damage_taken":0,"max_hp_gain":5,"max_hp_loss":0,"event_name":"Big Fish","floor":4,"gold_loss":0},{"damage_healed":0,"gold_gain":75,"player_choice":"Gather Gold","damage_taken":11,"max_hp_gain":0,"max_hp_loss":0,"event_name":"World of Goop","floor":5,"gold_loss":0}],"is_beta":false,"boss_relics":[],"items_purged_floors":[],"is_endless":false,"potions_floor_spawned":[1,11],"killed_by":"Slime Boss","ascension_level":14}