{"gold_per_floor":[116,116,116,135,63,397,397,409,409,187,201,75,75,75,75,170,170,186,201,9,9,25,25,55,75,75,75,90,110,110,124,124,124],"floor_reached":33,"playtime":2028,"items_purged":["Strike_B","Strike_B","Strike_B"],"score":292,"play_id":"c0ee2d17-db7b-4b79-8c4e-179a6d381ce8","local_time":"20190123125600","is_ascension_mode":false,"campfire_choices":[{"data":"Zap","floor":13,"key":"SMITH"},{"data":"Redo","floor":15,"key":"SMITH"},{"data":"Loop","floor":23,"key":"SMITH"},{"floor":27,"key":"REST"},{"floor":30,"key":"REST"},{"floor":32,"key":"REST"}],"neow_cost":"NONE","seed_source_timestamp":1020169784564464,"circlet_count":0,"master_deck":["Strike_B","Defend_B","Defend_B","Defend_B","Defend_B","Zap+1","Dualcast+1","Auto Shields","Loop+1","Conserve Battery","Ball Lightning","Auto Shields+1","Reinforced Body","Conserve Battery","Redo+1","Ball Lightning","Redo+1","Leap","Electrodynamics","Loop","Leap","Conserve Battery","Loop+1","Static Discharge+1"],"relics":["Cracked Core","NeowsBlessing","Old Coin","Bottled Flame","Orrery","Kunai","Bronze Scales"],"potions_floor_usage":[6,16,16,24,28,31],"damage_taken":[{"damage":0,"enemies":"Jaw Worm","floor":1,"turns":1},{"damage":0,"enemies":"Small Slimes","floor":4,"turns":1},{"damage":0,"enemies":"3 Sentries","floor":6,"turns":1},{"damage":0,"enemies":"Cultist","floor":8,"turns":3},{"damage":0,"enemies":"Red Slaver","floor":11,"turns":3},{"damage":8,"enemies":"Hexaghost","floor":16,"turns":9},{"damage":1,"enemies":"Shell Parasite","floor":18,"turns":6},{"damage":4,"enemies":"Spheric Guardian","floor":19,"turns":4},{"damage":10,"enemies":"Cultist and Chosen","floor":22,"turns":4},{"damage":27,"enemies":"Slavers","floor":24,"turns":4},{"damage":15,"enemies":"Centurion and Healer","floor":25,"turns":9},{"damage":11,"enemies":"Sentry and Sphere","floor":28,"turns":5},{"damage":5,"enemies":"Shelled Parasite and Fungi","floor":29,"turns":7},{"damage":25,"enemies":"3 Cultists","floor":31,"turns":5},{"damage":68,"enemies":"Champ","floor":33,"turns":11}],"seed_played":"1698547477323029900","potions_obtained":[{"floor":1,"key":"Block Potion"},{"floor":4,"key":"Explosive Potion"},{"floor":11,"key":"Dexterity Potion"},{"floor":22,"key":"SpeedPotion"},{"floor":25,"key":"Regen Potion"},{"floor":29,"key":"AttackPotion"}],"is_trial":false,"path_per_floor":["M","?","?","M","$","E","?","M","T","$","M","$","R","?","R","B",null,"M","M","$","?","M","R","E","M","T","R","M","M","R","M","R","B"],"character_chosen":"DEFECT","items_purchased":["Conserve Battery","Ball Lightning","Conserve Battery","Redo","Ball Lightning","Leap","Loop"],"campfire_rested":3,"item_purchase_floors":[5,5,10,10,10,12,20],"current_hp_per_floor":[75,80,80,80,80,80,80,80,80,80,80,80,80,64,64,56,80,79,75,75,60,50,50,23,8,8,33,36,31,56,31,56,0],"gold":124,"neow_bonus":"THREE_ENEMY_KILL","is_prod":false,"is_daily":false,"chose_seed":false,"campfire_upgraded":3,"win_rate":0,"timestamp":1548276960,"path_taken":["M","?","?","?","?","E","?","M","T","$","M","$","R","?","R","BOSS","M","M","$","?","M","R","E","M","T","R","M","M","R","M","R","BOSS"],"build_version":"2019-01-23","purchased_purges":3,"victory":false,"max_hp_per_floor":[75,80,80,80,80,80,80,80,80,80,80,80,80,80,80,80,80,80,80,80,85,85,85,85,85,85,85,85,85,85,85,85,85],"card_choices":[{"not_picked":["Tempest","Turbo"],"picked":"Auto Shields","floor":1},{"not_picked":["Streamline","Gash"],"picked":"Loop","floor":4},{"not_picked":["Gash","Rebound"],"picked":"Auto Shields","floor":6},{"not_picked":["Cold Snap","Loop"],"picked":"Reinforced Body","floor":8},{"not_picked":["Barrage","Sweeping Beam"],"picked":"Redo","floor":11},{"not_picked":["Seek","Fission"],"picked":"Electrodynamics","floor":16},{"not_picked":["Ball Lightning","Steam"],"picked":"Loop","floor":17},{"not_picked":["Barrage","Stack"],"picked":"Leap","floor":17},{"not_picked":["Gash","Rip and Tear"],"picked":"Conserve Battery","floor":17},{"not_picked":["Stack","Conserve Battery+1","Meteor Strike"],"picked":"SKIP","floor":18},{"not_picked":["Aggregate","Recycle+1","Turbo"],"picked":"SKIP","floor":19},{"not_picked":["Steam Power","Recycle+1","Beam Cell"],"picked":"SKIP","floor":22},{"not_picked":["Recycle","Turbo+1","Double Energy"],"picked":"SKIP","floor":24},{"not_picked":["Recycle","FTL","Steam+1"],"picked":"SKIP","floor":25},{"not_picked":["Ball Lightning","Cold Snap","Compile Driver"],"picked":"SKIP","floor":28},{"not_picked":["Rebound","Steam","Coolheaded"],"picked":"SKIP","floor":29},{"not_picked":["Hello World","Conserve Battery"],"picked":"Static Discharge+1","floor":31}],"player_experience":143828,"relics_obtained":[{"floor":6,"key":"Old Coin"},{"floor":9,"key":"Bottled Flame"},{"floor":24,"key":"Kunai"},{"floor":26,"key":"Bronze Scales"}],"event_choices":[{"damage_healed":0,"gold_gain":0,"player_choice":"Donut","damage_taken":0,"max_hp_gain":5,"max_hp_loss":0,"event_name":"Big Fish","floor":2,"gold_loss":0},{"damage_healed":0,"gold_gain":0,"player_choice":"Forge","damage_taken":0,"max_hp_gain":0,"max_hp_loss":0,"event_name":"Accursed Blacksmith","floor":3,"gold_loss":0,"cards_upgraded":["Dualcast"]},{"damage_healed":0,"gold_gain":0,"player_choice":"Grow","damage_taken":0,"max_hp_gain":0,"max_hp_loss":0,"event_name":"Living Wall","floor":7,"gold_loss":0,"cards_upgraded":["Loop"]},{"damage_healed":0,"gold_gain":0,"player_choice":"Entered Light","damage_taken":16,"max_hp_gain":0,"max_hp_loss":0,"event_name":"Shining Light","floor":14,"gold_loss":0,"cards_upgraded":["Auto Shields","Redo"]},{"damage_healed":0,"gold_gain":0,"player_choice":"Shed Blood","damage_taken":20,"max_hp_gain":5,"max_hp_loss":0,"event_name":"Forgotten Altar","floor":21,"gold_loss":0}],"is_beta":false,"boss_relics":[{"not_picked":["Cursed Key","Philosopher\u0027s Stone"],"picked":"Orrery"}],"items_purged_floors":[10,12,20],"is_endless":false,"potions_floor_spawned":[1,4,11,22,25,29],"killed_by":"Champ","ascension_level":0}