{"gold_per_floor":[159,219,29,89,149,284,63,123,123,21,126,138,195,267,279,591,603,660,672,684,756,768,780,897,404,429,429,350,395,395,395,395,695,695,740,740,785,785,845,1235,1280,1325,1325,543,603,603,648,738,738,738],"floor_reached":51,"playtime":1795,"items_purged":["Strike_R","Strike_R"],"score":1014,"play_id":"f8e856b9-387d-4061-a23c-c01ae11b40c9","local_time":"20180830180133","daily_mods":["Allstar","Cursed Run","Midas"],"is_ascension_mode":false,"campfire_choices":[{"floor":12,"key":"REST"},{"floor":15,"key":"REST"},{"floor":23,"key":"REST"},{"floor":27,"key":"REST"},{"floor":32,"key":"REST"}],"neow_cost":"","seed_source_timestamp":0,"circlet_count":0,"master_deck":["Defend_R+1","Defend_R+1","Defend_R","Defend_R","Bash","Trip","Dark Shackles","Enlightenment","Good Instincts","HandOfGreed","Shrug It Off","Sword Boomerang","Shockwave","True Grit","Headbutt","Cleave","Reaper","Decay","Shrug It Off","Uppercut+1","Burning Pact","Feed+1","True Grit","Shame","Feed+1","Clothesline+1","Carnage+1","Spot Weakness+1","Shame","Decay","Secret Weapon","Decay","Whirlwind+1","Iron Wave+1","Writhe","Regret","Offering","Twin Strike+1","Finesse","Dark Shackles","HandOfGreed+1","Rupture+1","Sword Boomerang+1","Heavy Blade+1","Doubt","Whirlwind+1","Shrug It Off+1","Writhe"],"special_seed":17773,"relics":["Cursed Key","Darkstone Periapt","Du-Vu Doll","Oddly Smooth Stone","War Paint","Molten Egg 2","MawBank","Astrolabe","Dodecahedron","Meat on the Bone","Juzu Bracelet","Lantern","Orichalcum","Anchor","Strawberry","Coffee Dripper","Old Coin","Art of War","Paper Frog","Medical Kit","Dead Branch"],"potions_floor_usage":[6,14,33,33,50,50],"damage_taken":[{"damage":6,"enemies":"Cultist","floor":1,"turns":3},{"damage":0,"enemies":"Small Slimes","floor":2,"turns":3},{"damage":0,"enemies":"2 Louse","floor":4,"turns":4},{"damage":0,"enemies":"Blue Slaver","floor":5,"turns":6},{"damage":6,"enemies":"3 Sentries","floor":6,"turns":6},{"damage":0,"enemies":"3 Louse","floor":8,"turns":2},{"damage":6,"enemies":"Gremlin Nob","floor":11,"turns":4},{"damage":0,"enemies":"2 Fungi Beasts","floor":13,"turns":2},{"damage":0,"enemies":"Exordium Thugs","floor":14,"turns":2},{"damage":11,"enemies":"The Guardian","floor":16,"turns":12},{"damage":7,"enemies":"Chosen","floor":18,"turns":4},{"damage":17,"enemies":"3 Byrds","floor":21,"turns":9},{"damage":8,"enemies":"Book of Stabbing","floor":24,"turns":4},{"damage":0,"enemies":"Snake Plant","floor":29,"turns":3},{"damage":71,"enemies":"Champ","floor":33,"turns":11},{"damage":2,"enemies":"3 Shapes","floor":35,"turns":1},{"damage":0,"enemies":"Orb Walker","floor":37,"turns":4},{"damage":35,"enemies":"Maw","floor":39,"turns":6},{"damage":6,"enemies":"2 Orb Walkers","floor":40,"turns":2},{"damage":16,"enemies":"Spire Growth","floor":41,"turns":3},{"damage":7,"enemies":"Sphere and 2 Shapes","floor":42,"turns":2},{"damage":16,"enemies":"Maw","floor":45,"turns":5},{"damage":6,"enemies":"Flame Bruiser 2 Orb","floor":47,"turns":3},{"damage":29,"enemies":"Nemesis","floor":48,"turns":3},{"damage":52,"enemies":"Awakened One","floor":50,"turns":7}],"seed_played":"8318791093423734901","potions_obtained":[{"floor":1,"key":"BloodPotion"},{"floor":5,"key":"Weak Potion"},{"floor":11,"key":"Explosive Potion"},{"floor":16,"key":"FearPotion"},{"floor":41,"key":"SmokeBomb"}],"is_trial":false,"path_per_floor":["M","M","$","M","M","E","$","M","T","$","E","R","M","M","R","B",null,"M","?","?","M","T","R","E","$","T","R","$","M","?","?","R","B",null,"M","?","M","?","M","E","M","M","T","$","M","R","M","E","R","B"],"character_chosen":"IRONCLAD","items_purchased":["Oddly Smooth Stone","Shockwave","Reaper","Shrug It Off","Uppercut+1","Lantern","Orichalcum","Secret Weapon","Whirlwind+1","Whirlwind+1","Paper Frog","Medical Kit","AttackPotion","Swift Potion","FearPotion"],"campfire_rested":5,"item_purchase_floors":[3,3,7,10,10,25,25,25,28,44,44,44,44,44,44],"current_hp_per_floor":[74,74,74,74,74,68,68,79,85,85,86,86,86,90,90,91,100,97,97,103,103,109,124,116,116,122,130,130,134,105,118,152,98,162,160,150,154,154,137,135,134,131,137,137,121,121,136,107,107,98],"gold":738,"neow_bonus":"","is_prod":false,"is_daily":true,"chose_seed":false,"campfire_upgraded":0,"win_rate":0,"timestamp":1535644893,"path_taken":["M","M","$","M","M","E","?","M","T","$","E","R","M","M","R","BOSS","M","?","?","M","?","R","E","$","T","R","$","M","?","?","R","BOSS","M","?","M","?","M","E","M","M","T","?","M","R","M","E","R","BOSS"],"build_version":"2018-08-23v2","purchased_purges":2,"victory":true,"max_hp_per_floor":[80,80,80,80,80,80,80,80,86,86,86,86,86,90,90,100,100,104,104,110,118,124,124,124,124,130,130,130,134,139,152,152,162,162,162,162,166,166,166,170,174,178,184,184,184,184,188,188,188,198],"card_choices":[{"not_picked":["Perfected Strike","Warcry"],"picked":"Shrug It Off","floor":1},{"not_picked":["Clash","Headbutt"],"picked":"Sword Boomerang","floor":2},{"not_picked":["Clash","Warcry"],"picked":"True Grit","floor":4},{"not_picked":["Metallicize","Cleave"],"picked":"Headbutt","floor":5},{"not_picked":["Rupture","Inflame"],"picked":"Cleave","floor":6},{"not_picked":["Havoc","Clash","Warcry"],"picked":"SKIP","floor":8},{"not_picked":["Corruption","Havoc"],"picked":"Burning Pact","floor":11},{"not_picked":["True Grit","Disarm"],"picked":"Feed+1","floor":13},{"not_picked":["Corruption","Pommel Strike+1"],"picked":"True Grit","floor":14},{"not_picked":["Juggernaut","Berserk"],"picked":"Feed+1","floor":16},{"not_picked":["Shockwave+1","Anger+1","Infernal Blade"],"picked":"SKIP","floor":18},{"not_picked":["Clash+1","Power Through","Flex"],"picked":"SKIP","floor":21},{"not_picked":["Reckless Charge+1","Armaments","Carnage+1"],"picked":"SKIP","floor":24},{"not_picked":["Wild Strike+1","Warcry"],"picked":"Iron Wave+1","floor":29},{"not_picked":["Double Tap","Exhume"],"picked":"Offering","floor":33},{"not_picked":["Searing Blow+1","Clash+1"],"picked":"Twin Strike+1","floor":35},{"not_picked":["PanicButton","Dark Shackles"],"picked":"Finesse","floor":36},{"not_picked":["Mayhem","Trip"],"picked":"Dark Shackles","floor":36},{"not_picked":["Swift Strike+1","PanicButton"],"picked":"HandOfGreed+1","floor":36},{"not_picked":["Infernal Blade+1","Dual Wield"],"picked":"Rupture+1","floor":37},{"not_picked":["Flex","Headbutt+1"],"picked":"Sword Boomerang+1","floor":39},{"not_picked":["Havoc+1","Twin Strike+1"],"picked":"Heavy Blade+1","floor":40},{"not_picked":["True Grit","Sever Soul+1","Wild Strike+1"],"picked":"SKIP","floor":41},{"not_picked":["Evolve+1","Heavy Blade+1","Havoc"],"picked":"SKIP","floor":42},{"not_picked":["Armaments","Sever Soul+1"],"picked":"Shrug It Off+1","floor":45},{"not_picked":["Corruption","Searing Blow+1","Power Through+1"],"picked":"SKIP","floor":47},{"not_picked":["Dark Embrace","Anger+1","Thunderclap+1"],"picked":"SKIP","floor":48}],"player_experience":1366397,"relics_obtained":[{"floor":6,"key":"War Paint"},{"floor":9,"key":"Molten Egg 2"},{"floor":11,"key":"MawBank"},{"floor":22,"key":"Meat on the Bone"},{"floor":24,"key":"Juzu Bracelet"},{"floor":26,"key":"Anchor"},{"floor":40,"key":"Old Coin"},{"floor":43,"key":"Art of War"},{"floor":48,"key":"Dead Branch"}],"event_choices":[{"event_name":"Beggar","player_choice":"Ignored","floor":19,"damage_taken":0},{"event_name":"Addict","player_choice":"Stole Relic","floor":20,"damage_taken":0},{"event_name":"Forgotten Altar","player_choice":"Shed Blood","floor":30,"damage_taken":0},{"event_name":"The Mausoleum","player_choice":"Yes","floor":31,"damage_taken":0},{"event_name":"SensoryStone","player_choice":"Memory 3","floor":36,"damage_taken":0},{"event_name":"Tomb of Lord Red Mask","player_choice":"Ignored","floor":38,"damage_taken":0}],"is_beta":false,"boss_relics":[{"not_picked":["Ectoplasm","Velvet Choker"],"picked":"Astrolabe"},{"not_picked":["Mark of Pain","Tiny House"],"picked":"Coffee Dripper"}],"items_purged_floors":[7,44],"is_endless":false,"potions_floor_spawned":[1,5,11,16,41,45,47,48],"ascension_level":0}