{"gold_per_floor":[119,119,133,58,23,23,38,70,70,105,105,105,30,49,49,128,128,147,72,87,97,97,97,97,97,123,143,177,177,177,191,191,268,268,285,28,41,41,0,0,0,35,113,159,189,289,289,304,304,304],"floor_reached":51,"playtime":2141,"items_purged":["Strike_B","Defend_B"],"score":1667,"play_id":"02c83700-8a46-47ac-b441-a2c63b83f99a","local_time":"20190211011554","is_ascension_mode":true,"campfire_choices":[{"data":"Hyperbeam","floor":6,"key":"SMITH"},{"data":"Leap","floor":12,"key":"SMITH"},{"data":"Fission","floor":15,"key":"SMITH"},{"data":"Machine Learning","floor":23,"key":"SMITH"},{"data":"Hologram","floor":25,"key":"SMITH"},{"floor":29,"key":"REST"},{"floor":32,"key":"REST"},{"data":"Meteor Strike","floor":41,"key":"SMITH"},{"floor":47,"key":"REST"},{"floor":49,"key":"REST"}],"neow_cost":"NONE","seed_source_timestamp":1629243622029359,"circlet_count":0,"master_deck":["AscendersBane","Strike_B","Defend_B","Defend_B","Dualcast","Hyperbeam+1","Hologram+1","Echo Form","Leap+1","Fission+1","Machine Learning+1","Meteor Strike+1","Conserve Battery+1","Fission","Buffer+1","Parasite"],"relics":["Cracked Core","PreservedInsect","Symbiotic Virus","Oddly Smooth Stone","Velvet Choker","Nloth\u0027s Gift","Juzu Bracelet","Lantern","Runic Pyramid","Pen Nib","Red Mask","Frozen Egg 2","Bottled Tornado","Incense Burner","Calipers","Bird Faced Urn"],"potions_floor_usage":[14,16,33,35,44,44,50,50],"damage_taken":[{"damage":3,"enemies":"Small Slimes","floor":1,"turns":2},{"damage":14,"enemies":"Jaw Worm","floor":3,"turns":4},{"damage":0,"enemies":"2 Louse","floor":7,"turns":1},{"damage":0,"enemies":"3 Sentries","floor":8,"turns":1},{"damage":0,"enemies":"Lagavulin","floor":10,"turns":3},{"damage":0,"enemies":"Gremlin Gang","floor":14,"turns":2},{"damage":0,"enemies":"Slime Boss","floor":16,"turns":6},{"damage":0,"enemies":"Shell Parasite","floor":18,"turns":1},{"damage":0,"enemies":"Spheric Guardian","floor":20,"turns":2},{"damage":0,"enemies":"Centurion and Healer","floor":21,"turns":3},{"damage":27,"enemies":"Shelled Parasite and Fungi","floor":27,"turns":3},{"damage":0,"enemies":"Gremlin Leader","floor":28,"turns":3},{"damage":0,"enemies":"3 Cultists","floor":31,"turns":1},{"damage":47,"enemies":"Collector","floor":33,"turns":8},{"damage":0,"enemies":"Orb Walker","floor":35,"turns":2},{"damage":0,"enemies":"3 Shapes","floor":37,"turns":1},{"damage":10,"enemies":"Giant Head","floor":42,"turns":5},{"damage":6,"enemies":"2 Orb Walkers","floor":44,"turns":3},{"damage":0,"enemies":"Reptomancer","floor":45,"turns":3},{"damage":0,"enemies":"Mind Bloom Boss Battle","floor":46,"turns":5},{"damage":6,"enemies":"Writhing Mass","floor":48,"turns":4},{"damage":33,"enemies":"Time Eater","floor":50,"turns":10}],"seed_played":"-885903676266683241","potions_obtained":[{"floor":3,"key":"SkillPotion"},{"floor":7,"key":"Strength Potion"},{"floor":21,"key":"FocusPotion"},{"floor":27,"key":"Explosive Potion"},{"floor":28,"key":"Strength Potion"},{"floor":31,"key":"Fire Potion"},{"floor":33,"key":"PowerPotion"},{"floor":37,"key":"Block Potion"},{"floor":44,"key":"Regen Potion"},{"floor":48,"key":"Swift Potion"}],"is_trial":false,"path_per_floor":["M","?","M","$","?","R","M","E","T","E","?","R","$","M","R","B",null,"M","?","M","M","$","R","?","R","T","M","E","R","?","M","R","B",null,"M","$","M","?","?","?","R","E","T","?","E","?","R","M","R","B",null],"character_chosen":"DEFECT","items_purchased":["Echo Form","Pen Nib"],"campfire_rested":4,"item_purchase_floors":[4,36],"current_hp_per_floor":[61,50,36,36,53,53,53,53,53,53,53,53,53,53,53,53,67,67,67,67,67,67,67,67,67,67,40,40,61,61,61,71,24,59,59,59,59,59,59,59,59,49,49,43,43,43,64,66,71,57],"gold":304,"neow_bonus":"TRANSFORM_CARD","is_prod":false,"is_daily":false,"chose_seed":false,"campfire_upgraded":6,"win_rate":0,"timestamp":1549869354,"path_taken":["M","?","M","$","?","R","M","E","T","E","?","R","$","M","R","BOSS","M","?","M","?","$","R","?","R","T","M","E","R","?","M","R","BOSS","M","$","M","?","?","?","R","E","T","?","E","?","R","M","R","BOSS"],"build_version":"2019-02-06","purchased_purges":2,"victory":true,"max_hp_per_floor":[71,71,71,71,71,71,71,71,71,71,71,71,71,71,71,71,71,71,71,71,71,71,71,71,71,71,71,71,71,71,71,71,71,71,71,71,71,71,71,71,71,71,71,71,71,71,71,71,71,71],"card_choices":[{"not_picked":["Heatsinks","Streamline"],"picked":"Hologram","floor":1},{"not_picked":["Sweeping Beam","Fusion","Gash"],"picked":"SKIP","floor":3},{"not_picked":["Streamline","Fusion"],"picked":"Leap","floor":7},{"not_picked":["Hologram","Chill","Double Energy"],"picked":"SKIP","floor":8},{"not_picked":["Coolheaded","Beam Cell","Cold Snap"],"picked":"SKIP","floor":10},{"not_picked":["Genetic Algorithm","Heatsinks"],"picked":"Fission","floor":14},{"not_picked":["Reboot","Rainbow"],"picked":"Machine Learning","floor":16},{"not_picked":["Gash","Rebound","Beam Cell+1"],"picked":"SKIP","floor":18},{"not_picked":["Rip and Tear","FTL+1","Double Energy"],"picked":"SKIP","floor":20},{"not_picked":["Auto Shields","Chaos","Rip and Tear"],"picked":"SKIP","floor":21},{"not_picked":["Compile Driver","Steam","Creative AI"],"picked":"SKIP","floor":27},{"not_picked":["Streamline","Loop+1","Cold Snap"],"picked":"SKIP","floor":28},{"not_picked":["Streamline","Recycle","Skim"],"picked":"SKIP","floor":31},{"not_picked":["Thunder Strike","Rainbow"],"picked":"Meteor Strike","floor":33},{"not_picked":["Beam Cell","Coolheaded"],"picked":"Conserve Battery","floor":35},{"not_picked":["Stack","Heatsinks"],"picked":"Conserve Battery+1","floor":37},{"not_picked":["Electrodynamics","Biased Cognition"],"picked":"Fission","floor":42},{"not_picked":["Electrodynamics+1","Gash"],"picked":"Buffer+1","floor":45},{"not_picked":["Conserve Battery","Hologram+1","Ball Lightning"],"picked":"SKIP","floor":48}],"player_experience":808780,"relics_obtained":[{"floor":8,"key":"Kunai"},{"floor":9,"key":"Symbiotic Virus"},{"floor":10,"key":"Oddly Smooth Stone"},{"floor":26,"key":"Juzu Bracelet"},{"floor":28,"key":"Lantern"},{"floor":42,"key":"Frozen Egg 2"},{"floor":43,"key":"Bottled Tornado"},{"floor":44,"key":"Incense Burner"},{"floor":45,"key":"Calipers"},{"floor":46,"key":"Bird Faced Urn"}],"event_choices":[{"damage_healed":0,"gold_gain":0,"player_choice":"Success","damage_taken":11,"relics_obtained":["PreservedInsect"],"max_hp_gain":0,"max_hp_loss":0,"event_name":"Scrap Ooze","floor":2,"gold_loss":0},{"damage_healed":17,"gold_gain":0,"player_choice":"Healed","damage_taken":0,"max_hp_gain":0,"max_hp_loss":0,"event_name":"The Cleric","floor":5,"gold_loss":35},{"cards_removed":["Strike_B"],"damage_healed":0,"gold_gain":0,"player_choice":"Forget","damage_taken":0,"max_hp_gain":0,"max_hp_loss":0,"event_name":"Living Wall","floor":11,"gold_loss":0},{"cards_removed":["Zap"],"damage_healed":0,"gold_gain":0,"player_choice":"Single Remove","damage_taken":0,"max_hp_gain":0,"max_hp_loss":0,"event_name":"Designer","floor":19,"gold_loss":75},{"damage_healed":0,"gold_gain":0,"player_choice":"Traded Relic","damage_taken":0,"relics_obtained":["Nloth\u0027s Gift"],"max_hp_gain":0,"max_hp_loss":0,"event_name":"N\u0027loth","floor":24,"relics_lost":["Kunai"],"gold_loss":0},{"cards_removed":["Defend_B"],"damage_healed":0,"gold_gain":0,"player_choice":"Purged","damage_taken":0,"max_hp_gain":0,"max_hp_loss":0,"event_name":"Purifier","floor":30,"gold_loss":0},{"damage_healed":0,"gold_gain":0,"player_choice":"Memory 1","damage_taken":0,"max_hp_gain":0,"max_hp_loss":0,"event_name":"SensoryStone","floor":38,"gold_loss":0},{"damage_healed":0,"gold_gain":0,"player_choice":"Paid","damage_taken":0,"relics_obtained":["Red Mask"],"max_hp_gain":0,"max_hp_loss":0,"event_name":"Tomb of Lord Red Mask","floor":39,"gold_loss":41},{"cards_removed":["Conserve Battery"],"damage_healed":0,"gold_gain":0,"player_choice":"Removed Skill","damage_taken":0,"max_hp_gain":0,"max_hp_loss":0,"event_name":"Falling","floor":40,"gold_loss":0},{"damage_healed":0,"gold_gain":0,"player_choice":"Fight","damage_taken":0,"max_hp_gain":0,"max_hp_loss":0,"event_name":"Mysterious Sphere","floor":44,"gold_loss":0},{"damage_healed":0,"gold_gain":0,"player_choice":"Fight","damage_taken":0,"max_hp_gain":0,"max_hp_loss":0,"event_name":"MindBloom","floor":46,"gold_loss":0}],"is_beta":true,"boss_relics":[{"not_picked":["Philosopher\u0027s Stone","Empty Cage"],"picked":"Velvet Choker"},{"not_picked":["Calling Bell","Coffee Dripper"],"picked":"Runic Pyramid"}],"items_purged_floors":[13,36],"is_endless":false,"potions_floor_spawned":[3,7,10,21,27,28,31,33,37,44,48],"ascension_level":19}