{"path_per_floor":["M","M","?","M","M","R","M","R","T","M","R","?","M","?","R","B",null,"M","?","?","?","M","E"],"character_chosen":"IRONCLAD","items_purchased":[],"gold_per_floor":[116,128,128,138,156,156,174,174,174,185,185,246,257,257,257,388,388,408,323,323,323,348,387,387],"floor_reached":24,"campfire_rested":2,"playtime":974,"item_purchase_floors":[],"current_hp_per_floor":[80,80,64,69,60,80,68,68,68,72,72,72,78,58,80,14,80,67,74,74,58,52,18,0],"items_purged":[],"gold":387,"score":208,"play_id":"3f2db203-49dd-44dc-a276-dd301bd890d5","local_time":"20180614194823","is_prod":false,"is_daily":false,"chose_seed":false,"is_ascension_mode":false,"campfire_upgraded":2,"win_rate":0,"timestamp":1529023703,"campfire_choices":[{"floor":6,"key":"REST"},{"data":"Cleave","floor":8,"key":"SMITH"},{"data":"Iron Wave","floor":11,"key":"SMITH"},{"floor":15,"key":"REST"}],"path_taken":["M","M","?","M","?","R","?","R","T","M","R","?","M","?","R","BOSS","M","?","?","?","?","E","M"],"build_version":"2018-06-14","seed_source_timestamp":87873874785642,"purchased_purges":0,"victory":false,"master_deck":["Strike_R","Strike_R","Strike_R","Strike_R","Strike_R","Defend_R","Defend_R","Defend_R+1","Defend_R","Bash+1","Iron Wave","Iron Wave+1","Cleave+1","Carnage","Offering","Cleave","Anger","Twin Strike+1"],"max_hp_per_floor":[80,80,80,80,80,80,80,80,80,80,80,80,80,80,80,80,80,80,87,87,87,87,87,87],"relics":["Burning Blood","Bottled Lightning","Golden Idol","Mark of Pain","Strawberry","Enchiridion","Bird Faced Urn"],"card_choices":[{"not_picked":["Heavy Blade","Twin Strike"],"picked":"Iron Wave","floor":0},{"not_picked":["Flame Barrier","Perfected Strike"],"picked":"Iron Wave","floor":1},{"not_picked":["Iron Wave","Twin Strike","Metallicize"],"picked":"SKIP","floor":2},{"not_picked":["Iron Wave","Body Slam","Twin Strike"],"picked":"SKIP","floor":4},{"not_picked":["Clothesline","Second Wind"],"picked":"Cleave","floor":5},{"not_picked":["Seeing Red","Clash","Exhume"],"picked":"SKIP","floor":7},{"not_picked":["Metallicize","Armaments","Clothesline"],"picked":"SKIP","floor":10},{"not_picked":["Sword Boomerang","Pommel Strike"],"picked":"Carnage","floor":13},{"not_picked":["Immolate","Fiend Fire"],"picked":"Offering","floor":16},{"not_picked":["Thunderclap","Body Slam+1"],"picked":"Cleave","floor":18},{"not_picked":["Intimidate","Fiend Fire"],"picked":"Anger","floor":22},{"not_picked":["Clash","Sword Boomerang"],"picked":"Twin Strike+1","floor":23}],"player_experience":208664,"potions_floor_usage":[5,16,16,16,22],"damage_taken":[{"damage":3,"enemies":"Small Slimes","floor":1,"turns":3},{"damage":5,"enemies":"Jaw Worm","floor":2,"turns":4},{"damage":1,"enemies":"Cultist","floor":4,"turns":3},{"damage":15,"enemies":"Gremlin Gang","floor":5,"turns":6},{"damage":18,"enemies":"Large Slime","floor":7,"turns":4},{"damage":2,"enemies":"Blue Slaver","floor":10,"turns":4},{"damage":0,"enemies":"3 Louse","floor":13,"turns":3},{"damage":72,"enemies":"Slime Boss","floor":16,"turns":14},{"damage":19,"enemies":"Chosen","floor":18,"turns":4},{"damage":20,"enemies":"Shell Parasite","floor":22,"turns":5},{"damage":40,"enemies":"Slavers","floor":23,"turns":5},{"damage":21,"enemies":"Centurion and Healer","floor":24,"turns":3}],"relics_obtained":[{"floor":9,"key":"Bottled Lightning"},{"floor":21,"key":"Enchiridion"},{"floor":23,"key":"Bird Faced Urn"}],"event_choices":[{"event_name":"Shining Light","player_choice":"Entered Light","floor":3,"damage_taken":0},{"event_name":"Golden Wing","player_choice":"Gained Gold","floor":12,"damage_taken":0},{"event_name":"Golden Idol","player_choice":"Take Damage","floor":14,"damage_taken":0},{"event_name":"Addict","player_choice":"Obtained Relic","floor":19,"damage_taken":0},{"event_name":"Ghosts","player_choice":"Ignored","floor":20,"damage_taken":0},{"event_name":"Cursed Tome","player_choice":"Obtained Book","floor":21,"damage_taken":0}],"boss_relics":[{"not_picked":["Runic Dome","Fusion Hammer"],"picked":"Mark of Pain"}],"items_purged_floors":[],"is_endless":true,"potions_floor_spawned":[1,2,10,13,18],"seed_played":"7173037394414178405","killed_by":"Centurion and Healer","ascension_level":0,"potions_obtained":[{"floor":1,"key":"SpeedPotion"},{"floor":2,"key":"AttackPotion"},{"floor":10,"key":"SpeedPotion"},{"floor":13,"key":"Weak Potion"},{"floor":18,"key":"BloodPotion"}],"is_trial":false}