{"gold_per_floor":[111,121,121,139,101,116,129,142,142,142,160,160,160,179,179,310,310,324,324,239,239,257,257,271,271],"floor_reached":25,"playtime":1596,"items_purged":[],"score":197,"play_id":"c1244dea-08dc-43d2-afbd-8307df451912","local_time":"20190119190515","is_ascension_mode":false,"campfire_choices":[{"data":"Deadly Poison","floor":12,"key":"SMITH"},{"data":"Deadly Poison","floor":15,"key":"SMITH"},{"data":"Catalyst","floor":23,"key":"SMITH"}],"neow_cost":"NONE","seed_source_timestamp":697116304684219,"circlet_count":0,"master_deck":["Defend_G","Defend_G","Defend_G","Defend_G","Defend_G","Strike_G+1","Strike_G","Survivor","Neutralize+1","Deflect","Deadly Poison","Distraction","Deadly Poison+1","Footwork","Deadly Poison+1","Escape Plan","Slice","Slice","After Image","Catalyst+1","Phantasmal Killer","Heel Hook","Bane+1"],"relics":["Runic Dome","Torii","Bloody Idol","Black Star","Snake Skull"],"potions_floor_usage":[4,16,24],"damage_taken":[{"damage":0,"enemies":"Jaw Worm","floor":1,"turns":4},{"damage":0,"enemies":"Cultist","floor":2,"turns":4},{"damage":0,"enemies":"2 Louse","floor":4,"turns":3},{"damage":3,"enemies":"Looter","floor":6,"turns":3},{"damage":4,"enemies":"2 Fungi Beasts","floor":7,"turns":4},{"damage":0,"enemies":"Large Slime","floor":8,"turns":5},{"damage":2,"enemies":"Looter","floor":11,"turns":4},{"damage":0,"enemies":"Blue Slaver","floor":14,"turns":3},{"damage":17,"enemies":"The Guardian","floor":16,"turns":9},{"damage":8,"enemies":"Spheric Guardian","floor":18,"turns":5},{"damage":8,"enemies":"Chosen","floor":22,"turns":5},{"damage":9,"enemies":"Snake Plant","floor":24,"turns":4},{"damage":57,"enemies":"Cultist and Chosen","floor":25,"turns":8}],"seed_played":"-3507385145484441144","potions_obtained":[{"floor":2,"key":"Explosive Potion"},{"floor":4,"key":"Regen Potion"},{"floor":11,"key":"Ancient Potion"},{"floor":22,"key":"Block Potion"}],"is_trial":false,"path_per_floor":["M","M","?","M","$","M","M","M","T","?","M","R","?","M","R","B",null,"M","?","?","?","M","R","M","M"],"character_chosen":"THE_SILENT","items_purchased":["Footwork"],"campfire_rested":0,"item_purchase_floors":[5],"current_hp_per_floor":[70,70,70,70,70,67,63,63,63,63,61,61,48,48,48,46,65,57,57,57,57,54,54,50,0],"gold":271,"neow_bonus":"BOSS_RELIC","is_prod":false,"is_daily":false,"chose_seed":false,"campfire_upgraded":3,"win_rate":0.0,"timestamp":1547953515,"path_taken":["M","M","?","?","$","M","M","M","T","?","M","R","?","M","R","BOSS","M","?","?","?","M","R","M","M"],"build_version":"2019-01-17v2","purchased_purges":0,"victory":false,"max_hp_per_floor":[70,70,70,70,70,70,70,70,70,65,65,65,65,65,65,65,65,65,65,65,65,65,65,65,65],"card_choices":[{"not_picked":["Flying Knee","Tactician"],"picked":"Deflect","floor":1},{"not_picked":["Acrobatics","All Out Attack"],"picked":"Deadly Poison","floor":2},{"not_picked":["Bullet Time","Quick Slash"],"picked":"Deadly Poison","floor":4},{"not_picked":["Cloak And Dagger","Infinite Blades"],"picked":"Deadly Poison","floor":6},{"not_picked":["Deadly Poison","Poisoned Stab"],"picked":"Escape Plan","floor":7},{"not_picked":["Sucker Punch","Tactician"],"picked":"Slice","floor":8},{"not_picked":["Quick Slash","Acrobatics","Blade Dance"],"picked":"SKIP","floor":11},{"not_picked":["Cloak And Dagger","Doppelganger"],"picked":"Slice","floor":14},{"not_picked":["Envenom","Doppelganger"],"picked":"After Image","floor":16},{"not_picked":["Flying Knee","Noxious Fumes"],"picked":"Catalyst","floor":18},{"not_picked":["Choke","Distraction+1","Sucker Punch"],"picked":"SKIP","floor":22},{"not_picked":["Deflect+1","Dagger Throw"],"picked":"Bane+1","floor":24}],"player_experience":135617,"relics_obtained":[{"floor":9,"key":"Torii"}],"event_choices":[{"damage_healed":0,"gold_gain":0,"cards_transformed":["Strike_G"],"player_choice":"Transformed","damage_taken":0,"max_hp_gain":0,"max_hp_loss":0,"event_name":"Transmorgrifier","floor":3,"gold_loss":0,"cards_obtained":["Distraction"]},{"damage_healed":0,"gold_gain":0,"player_choice":"Lose Max HP","damage_taken":0,"relics_obtained":["Golden Idol"],"max_hp_gain":0,"max_hp_loss":5,"event_name":"Golden Idol","floor":10,"gold_loss":0},{"damage_healed":0,"gold_gain":0,"player_choice":"Entered Light","damage_taken":13,"max_hp_gain":0,"max_hp_loss":0,"event_name":"Shining Light","floor":13,"gold_loss":0,"cards_upgraded":["Strike_G","Neutralize"]},{"damage_healed":0,"gold_gain":0,"cards_transformed":["Strike_G","Strike_G"],"player_choice":"Became Test Subject","damage_taken":0,"max_hp_gain":0,"max_hp_loss":0,"event_name":"Drug Dealer","floor":19,"gold_loss":0,"cards_obtained":["Phantasmal Killer","Heel Hook"]},{"damage_healed":0,"gold_gain":0,"player_choice":"Obtained Relic","damage_taken":0,"relics_obtained":["Snake Skull"],"max_hp_gain":0,"max_hp_loss":0,"event_name":"Addict","floor":20,"gold_loss":85},{"damage_healed":0,"gold_gain":0,"player_choice":"Gave Idol","damage_taken":0,"relics_obtained":["Bloody Idol"],"max_hp_gain":0,"max_hp_loss":0,"event_name":"Forgotten Altar","floor":21,"relics_lost":["Golden Idol"],"gold_loss":0}],"is_beta":false,"boss_relics":[{"not_picked":["Snecko Eye","White Beast Statue"],"picked":"Black Star"}],"items_purged_floors":[],"is_endless":false,"potions_floor_spawned":[2,4,11,22],"killed_by":"Cultist and Chosen","ascension_level":0}