{"gold_per_floor":[114,114,129,154,169,184,214,214,214,244,259,289,304,319,319,419,469,484,484,491,9,24,24,54,69,69,69,69,84,114,129,129,229,229,244,1243,1243,109,136,148,382,409,471,498,525,552,564,606,618,630],"floor_reached":51,"playtime":1584,"items_purged":[],"score":1691,"play_id":"f373da5b-f098-4212-8e73-7ddadbf5a786","local_time":"20180823160130","daily_mods":["Insanity","Binary","Hoarder"],"is_ascension_mode":false,"campfire_choices":[{"data":"True Grit","floor":8,"key":"SMITH"},{"data":"Demon Form","floor":15,"key":"SMITH"},{"data":"Mind Blast","floor":23,"key":"SMITH"},{"data":"Mind Blast","floor":27,"key":"SMITH"},{"data":"Mind Blast","floor":32,"key":"SMITH"},{"floor":40,"key":"REST"},{"floor":49,"key":"REST"}],"neow_cost":"","seed_source_timestamp":0,"circlet_count":0,"master_deck":["Reckless Charge","Carnage","Double Tap","Iron Wave+1","Shrug It Off","Wild Strike","Rupture","Metallicize","Anger","Intimidate","Shrug It Off","Exhume","Disarm","Thunderclap","Ghostly Armor","Reaper","Twin Strike","Demon Form+1","Dark Embrace","Shrug It Off","Bludgeon","Juggernaut","Perfected Strike","Seeing Red","Defend_R+1","Seeing Red","Dual Wield","Bash","Warcry","Inflame","Searing Blow","True Grit+1","Fire Breathing","Dropkick","True Grit","Twin Strike","Dual Wield","Clash","Clothesline","Dual Wield","Feel No Pain","Reckless Charge","Dual Wield","Entrench","Reaper","Whirlwind","Twin Strike","Armaments+1","Combust","Entrench","Flex","Flex+1","Flex","Perfected Strike","Perfected Strike","Perfected Strike","Headbutt","Headbutt","Headbutt","Shrug It Off","Shrug It Off","Shrug It Off","Sword Boomerang","Sword Boomerang","Sword Boomerang","Headbutt","Headbutt","Headbutt","Disarm","Disarm","Disarm","Entrench","Entrench","Entrench","Perfected Strike","Perfected Strike","Perfected Strike","Anger","Anger","Anger","Double Tap","Double Tap","Double Tap","Havoc","Havoc","Havoc","Body Slam","Body Slam","Body Slam","RitualDagger","RitualDagger","RitualDagger","Carnage","Carnage","Carnage","Mind Blast+1","Mind Blast+1","Mind Blast+1","Corruption","Corruption","Corruption","True Grit","True Grit","True Grit","Thunderclap","Thunderclap","Thunderclap","Perfected Strike+1","Perfected Strike+1","Perfected Strike+1","Havoc","Havoc","Havoc","Clothesline","Clothesline","Clothesline","Ghostly","Ghostly","Ghostly","Ghostly","Ghostly","Ghostly","Ghostly","Ghostly","Ghostly","Ghostly","Ghostly","Ghostly","Ghostly","Ghostly","Ghostly","Offering","Offering","Offering","Wild Strike","Wild Strike","Wild Strike","Armaments+1","Armaments+1","Armaments+1","Bludgeon","Bludgeon","Bludgeon","Wild Strike+1","Wild Strike+1","Wild Strike+1","Normality","Normality","Normality","Normality","Normality","Pain","Pain","Pain","Havoc","Havoc","Havoc","Body Slam","Body Slam","Body Slam","Combust","Combust","Combust","True Grit","True Grit","True Grit","Wild Strike","Wild Strike","Wild Strike","Impatience","Impatience","Impatience","Master of Strategy","Master of Strategy","Master of Strategy","Spot Weakness+1","Spot Weakness+1","Spot Weakness+1","Inflame+1","Inflame+1","Inflame+1","Cleave+1","Cleave+1","Cleave+1","Havoc+1","Havoc+1","Havoc+1","Iron Wave","Iron Wave","Iron Wave","Finesse","Finesse","Finesse","Wild Strike","Wild Strike","Wild Strike","Reaper","Reaper","Reaper"],"special_seed":17766,"relics":["Burning Blood","War Paint","Dodecahedron","Juzu Bracelet","Bottled Tornado","Lantern","Tiny House","Red Mask","Mercury Hourglass","Darkstone Periapt","Question Card","Mummified Hand","Fusion Hammer","Toolbox","Ornamental Fan","MawBank","Oddly Smooth Stone","Turnip"],"potions_floor_usage":[12,14,18,20,20,45],"damage_taken":[{"damage":1,"enemies":"Jaw Worm","floor":1,"turns":3},{"damage":15,"enemies":"Cultist","floor":3,"turns":4},{"damage":0,"enemies":"2 Louse","floor":5,"turns":2},{"damage":3,"enemies":"Gremlin Gang","floor":6,"turns":3},{"damage":5,"enemies":"Lagavulin","floor":7,"turns":5},{"damage":19,"enemies":"3 Sentries","floor":10,"turns":7},{"damage":21,"enemies":"Exordium Thugs","floor":11,"turns":3},{"damage":7,"enemies":"Gremlin Nob","floor":12,"turns":4},{"damage":0,"enemies":"Lots of Slimes","floor":13,"turns":1},{"damage":0,"enemies":"2 Fungi Beasts","floor":14,"turns":1},{"damage":13,"enemies":"The Guardian","floor":16,"turns":8},{"damage":0,"enemies":"2 Thieves","floor":18,"turns":3},{"damage":37,"floor":20,"turns":4},{"damage":0,"enemies":"Shell Parasite","floor":22,"turns":1},{"damage":5,"enemies":"Slavers","floor":24,"turns":2},{"damage":0,"enemies":"Centurion and Healer","floor":25,"turns":1},{"damage":0,"enemies":"Cultist and Chosen","floor":29,"turns":1},{"damage":0,"enemies":"Gremlin Leader","floor":30,"turns":1},{"damage":0,"enemies":"Snecko","floor":31,"turns":1},{"damage":0,"enemies":"Automaton","floor":33,"turns":1},{"damage":0,"enemies":"Orb Walker","floor":35,"turns":1},{"damage":0,"enemies":"3 Darklings","floor":39,"turns":1},{"damage":0,"enemies":"Flame Bruiser 2 Orb","floor":42,"turns":1},{"damage":0,"enemies":"Spire Growth","floor":44,"turns":1},{"damage":4,"enemies":"Transient","floor":45,"turns":5},{"damage":0,"enemies":"3 Darklings","floor":46,"turns":1},{"damage":0,"enemies":"2 Orb Walkers","floor":48,"turns":1},{"damage":3,"enemies":"Donu and Deca","floor":50,"turns":3}],"seed_played":"633193296058416102","potions_obtained":[{"floor":3,"key":"Explosive Potion"},{"floor":6,"key":"Weak Potion"},{"floor":14,"key":"Fire Potion"},{"floor":16,"key":"Ancient Potion"},{"floor":17,"key":"EntropicBrew"},{"floor":44,"key":"FearPotion"},{"floor":46,"key":"SkillPotion"}],"is_trial":false,"path_per_floor":["M","?","M","T","M","M","E","R","T","E","M","E","M","M","R","B",null,"M","?","?","$","M","R","E","M","T","R","?","M","E","M","R","B",null,"M","?","?","$","M","R","?","M","T","M","M","M","?","E","R","B"],"character_chosen":"IRONCLAD","items_purchased":["Mind Blast","Mercury Hourglass","Corruption","True Grit","Thunderclap","Havoc","Body Slam","Combust","True Grit","Wild Strike","Impatience","Master of Strategy","Toolbox","Ornamental Fan","MawBank"],"campfire_rested":2,"item_purchase_floors":[21,21,21,21,21,38,38,38,38,38,38,38,38,38,38],"current_hp_per_floor":[80,80,71,71,77,80,80,80,80,73,75,74,80,80,80,73,85,85,79,48,48,54,54,55,61,61,61,42,42,42,42,42,42,42,42,54,60,60,60,60,60,60,60,60,60,60,60,60,60,60],"gold":642,"neow_bonus":"","is_prod":false,"is_daily":true,"chose_seed":false,"campfire_upgraded":5,"win_rate":0,"timestamp":1535032890,"path_taken":["M","?","?","?","?","M","E","R","T","E","M","E","M","M","R","BOSS","M","?","?","$","M","R","E","M","T","R","?","M","E","M","R","BOSS","M","?","?","$","M","R","?","M","T","M","M","M","?","E","R","BOSS"],"build_version":"2018-08-16","purchased_purges":0,"victory":true,"max_hp_per_floor":[80,80,80,80,80,80,80,80,80,80,80,80,80,80,80,80,85,85,85,85,85,85,85,85,85,85,85,42,42,42,42,42,42,42,42,54,60,60,60,60,60,60,60,60,60,60,60,60,60,60],"card_choices":[{"not_picked":["Clash"],"picked":"Flex","floor":1},{"not_picked":["Fire Breathing"],"picked":"Perfected Strike","floor":3},{"not_picked":["Combust"],"picked":"Headbutt","floor":5},{"not_picked":["Sword Boomerang"],"picked":"Shrug It Off","floor":6},{"not_picked":["Hemokinesis"],"picked":"Sword Boomerang","floor":7},{"not_picked":["Thunderclap"],"picked":"Headbutt","floor":10},{"not_picked":["Blood for Blood"],"picked":"Disarm","floor":11},{"not_picked":["Warcry"],"picked":"Entrench","floor":12},{"not_picked":["Twin Strike"],"picked":"Perfected Strike","floor":13},{"not_picked":["Searing Blow"],"picked":"Anger","floor":14},{"not_picked":["Dark Embrace"],"picked":"Double Tap","floor":16},{"not_picked":["Entrench"],"picked":"Havoc","floor":17},{"not_picked":["Pummel"],"picked":"Body Slam","floor":18},{"not_picked":["Wild Strike"],"picked":"Carnage","floor":20},{"not_picked":["Cleave"],"picked":"Perfected Strike+1","floor":22},{"not_picked":["Warcry"],"picked":"Havoc","floor":24},{"not_picked":["Shrug It Off"],"picked":"Clothesline","floor":25},{"not_picked":["Pommel Strike","Body Slam"],"picked":"Offering","floor":29},{"not_picked":["Heavy Blade","Twin Strike"],"picked":"Wild Strike","floor":30},{"not_picked":["Sword Boomerang","Combust"],"picked":"Armaments+1","floor":31},{"not_picked":["Double Tap","Limit Break"],"picked":"Bludgeon","floor":33},{"not_picked":["True Grit+1","Spot Weakness+1"],"picked":"Wild Strike+1","floor":35},{"not_picked":["Second Wind+1","Anger+1"],"picked":"Spot Weakness+1","floor":39},{"not_picked":["Clash","Burning Pact+1"],"picked":"Inflame+1","floor":42},{"not_picked":["Anger+1","Clothesline"],"picked":"Cleave+1","floor":44},{"not_picked":["Cleave+1","Clash+1"],"picked":"Havoc+1","floor":45},{"not_picked":["Perfected Strike+1","Anger"],"picked":"Iron Wave","floor":46},{"not_picked":["True Grit+1","Havoc+1"],"picked":"Reaper","floor":48}],"player_experience":1333558,"relics_obtained":[{"floor":4,"key":"War Paint"},{"floor":7,"key":"Dodecahedron"},{"floor":9,"key":"Juzu Bracelet"},{"floor":10,"key":"Bottled Tornado"},{"floor":12,"key":"Lantern"},{"floor":20,"key":"Red Mask"},{"floor":24,"key":"Darkstone Periapt"},{"floor":26,"key":"Question Card"},{"floor":30,"key":"Mummified Hand"},{"floor":43,"key":"Oddly Smooth Stone"},{"floor":48,"key":"Turnip"}],"event_choices":[{"event_name":"Upgrade Shrine","player_choice":"Upgraded","floor":2,"damage_taken":0},{"event_name":"Nest","player_choice":"Joined the Cult","floor":19,"damage_taken":0},{"event_name":"Masked Bandits","player_choice":"Fought Bandits","floor":20,"damage_taken":0},{"event_name":"Ghosts","player_choice":"Became a Ghost","floor":28,"damage_taken":0},{"event_name":"MindBloom","player_choice":"Gold","floor":36,"damage_taken":0},{"event_name":"Transmorgrifier","player_choice":"Transform","floor":37,"damage_taken":0},{"event_name":"Tomb of Lord Red Mask","player_choice":"Wore Mask","floor":41,"damage_taken":0},{"event_name":"Match and Keep!","player_choice":"2 cards matched","floor":47,"damage_taken":0}],"is_beta":false,"boss_relics":[{"not_picked":["Velvet Choker","Pandora\u0027s Box"],"picked":"Tiny House"},{"not_picked":["Coffee Dripper","Sozu"],"picked":"Fusion Hammer"}],"items_purged_floors":[],"is_endless":false,"potions_floor_spawned":[3,6,14,16,24,25,31,33,35,44,46],"ascension_level":0}