{"gold_per_floor":[111,186,199,1,19,19,19,194,220,235,251,268,268,300,300,404,404,422,422,47,57,69,69,85,85],"floor_reached":25,"playtime":1190,"items_purged":["Strike_R"],"score":246,"play_id":"fd3a8f0e-a4d3-4fc3-87ac-1ef6534f7b78","local_time":"20180630211015","is_ascension_mode":true,"campfire_choices":[{"data":"Apotheosis","floor":6.0,"key":"SMITH"},{"floor":13,"key":"REST"},{"data":"Barricade","floor":15,"key":"SMITH"},{"floor":23,"key":"REST"}],"neow_cost":"","seed_source_timestamp":523234325275791,"circlet_count":0,"master_deck":["Strike_R","Strike_R","Strike_R","Strike_R","Defend_R","Defend_R","Defend_R","Defend_R","Bash","Barricade+1","Uppercut","Pommel Strike","Apotheosis+1","Whirlwind","Doubt","Infernal Blade","Metallicize","Carnage","Warcry","Berserk","Iron Wave+1","Flame Barrier","Shrug It Off","Cleave+1","Intimidate+1"],"special_seed":0,"relics":["Burning Blood","Mango","Pen Nib","Bag of Preparation","Runic Cube","Letter Opener"],"potions_floor_usage":[16,16,16,24],"damage_taken":[{"damage":1.0,"enemies":"2 Louse","floor":1.0,"turns":3.0},{"damage":5.0,"enemies":"Jaw Worm","floor":3.0,"turns":4.0},{"damage":5.0,"enemies":"Small Slimes","floor":5.0,"turns":3.0},{"damage":17.0,"enemies":"Blue Slaver","floor":10.0,"turns":4.0},{"damage":14,"enemies":"3 Louse","floor":11,"turns":3},{"damage":14,"enemies":"Looter","floor":12,"turns":2},{"damage":12,"enemies":"3 Sentries","floor":14,"turns":3},{"damage":36,"enemies":"Hexaghost","floor":16,"turns":10},{"damage":16,"enemies":"3 Byrds","floor":18,"turns":8},{"damage":17,"enemies":"Spheric Guardian","floor":21,"turns":6},{"damage":33,"enemies":"Snake Plant","floor":22,"turns":6},{"damage":58,"enemies":"3 Cultists","floor":24,"turns":6},{"damage":40,"enemies":"Gremlin Leader","floor":25,"turns":2}],"seed_played":"5941823670828051014","potions_obtained":[{"floor":3.0,"key":"EssenceOfSteel"},{"floor":5.0,"key":"GamblersBrew"},{"floor":10.0,"key":"Energy Potion"},{"floor":14,"key":"Energy Potion"},{"floor":22,"key":"BloodPotion"}],"is_trial":false,"path_per_floor":["M","?","M","$","M","R","?","?","T","M","M","M","R","E","R","B",null,"M","?","$","M","M","R","M"],"character_chosen":"IRONCLAD","items_purchased":["Apotheosis","Letter Opener","Shrug It Off"],"campfire_rested":2,"item_purchase_floors":[],"current_hp_per_floor":[80,69,70,70,71,71,82,82,82,71,63,55,83,77,77,47,94,84,84,84,73,46,74,31,0],"gold":85,"neow_bonus":"","is_prod":false,"is_daily":false,"chose_seed":false,"campfire_upgraded":2,"win_rate":0,"timestamp":1530407415,"path_taken":["M","?","M","$","M","R","?","?","T","M","M","M","R","E","R","BOSS","M","?","$","M","M","R","M","E"],"build_version":"2018-06-28","purchased_purges":1,"victory":false,"max_hp_per_floor":[80,80,80,80,80,80,94,94,94,94,94,94,94,94,94,94,94,94,94,94,94,94,94,94,94],"card_choices":[{"not_picked":["Havoc","Twin Strike"],"picked":"Uppercut","floor":1.0},{"not_picked":["Infernal Blade","Anger"],"picked":"Pommel Strike","floor":3.0},{"not_picked":["Clothesline","Clash"],"picked":"Whirlwind","floor":5.0},{"not_picked":["Sword Boomerang","Wild Strike"],"picked":"Infernal Blade","floor":10.0},{"not_picked":["Evolve","Sword Boomerang"],"picked":"Metallicize","floor":11},{"not_picked":["Burning Pact","Headbutt"],"picked":"Carnage","floor":12},{"not_picked":["Berserk","Fire Breathing"],"picked":"Warcry","floor":14},{"not_picked":["Fiend Fire","Brutality"],"picked":"Berserk","floor":16},{"not_picked":["Sword Boomerang+1","Blood for Blood"],"picked":"Iron Wave+1","floor":18},{"not_picked":["Whirlwind","Shrug It Off"],"picked":"Cleave+1","floor":21},{"not_picked":["Infernal Blade","Cleave","Pommel Strike"],"picked":"SKIP","floor":22},{"not_picked":["Warcry","Combust+1"],"picked":"Intimidate+1","floor":24}],"player_experience":877713,"relics_obtained":[{"floor":9.0,"key":"Pen Nib"},{"floor":14,"key":"Bag of Preparation"}],"event_choices":[{"event_name":"World of Goop","player_choice":"Gather Gold","floor":2.0,"damage_taken":0.0},{"event_name":"Scrap Ooze","player_choice":"success","floor":7.0,"damage_taken":3.0},{"event_name":"Liars Game","player_choice":"agreed","floor":8.0,"damage_taken":0.0},{"event_name":"The Library","player_choice":"Read","floor":19,"damage_taken":0}],"boss_relics":[{"not_picked":["Orrery","Pandora\u0027s Box"],"picked":"Runic Cube"}],"items_purged_floors":[20],"is_endless":false,"potions_floor_spawned":[3,5,10,14,22],"killed_by":"Gremlin Leader","ascension_level":4}