{"gold_per_floor":[119,138,149,167,185,185,211,14,14,40,40,53,79,97,97,194,194,211,211,229,13,31,31,31],"floor_reached":24,"playtime":1236,"items_purged":["Strike_B"],"score":331,"play_id":"02634b29-4ea8-4320-872f-1e23a13ff28b","local_time":"20181002001826","is_ascension_mode":true,"campfire_choices":[{"floor":6,"key":"REST"},{"data":"Gash","floor":11,"key":"SMITH"},{"floor":15,"key":"REST"},{"floor":23,"key":"REST"}],"neow_cost":"NONE","seed_source_timestamp":129477140324940,"circlet_count":0,"master_deck":["Strike_B","Strike_B","Strike_B","Defend_B","Defend_B","Defend_B","Defend_B","Zap","Dualcast","Ball Lightning","Steam","FTL","Coolheaded","Sweeping Beam","BootSequence","Chill","Sunder","Gash+1","Gash","Leap","Sweeping Beam","Auto Shields","Machine Learning","Loop","Steam Power","Creative AI","Conserve Battery+1"],"relics":["Cracked Core","Gambling Chip","Mummified Hand","Emotion Chip","Bottled Lightning","Inserter"],"potions_floor_usage":[4,4,7,10,13,16,19],"damage_taken":[{"damage":1,"enemies":"Cultist","floor":1,"turns":3},{"damage":3,"enemies":"Small Slimes","floor":2,"turns":2},{"damage":2,"enemies":"Jaw Worm","floor":3,"turns":3},{"damage":3,"enemies":"Exordium Wildlife","floor":4,"turns":3},{"damage":9,"enemies":"Looter","floor":5,"turns":3},{"damage":15,"enemies":"Gremlin Nob","floor":7,"turns":3},{"damage":21,"enemies":"Lagavulin","floor":10,"turns":5},{"damage":1,"enemies":"Blue Slaver","floor":12,"turns":4},{"damage":0,"enemies":"3 Sentries","floor":13,"turns":5},{"damage":0,"enemies":"3 Louse","floor":14,"turns":2},{"damage":49,"enemies":"Hexaghost","floor":16,"turns":10},{"damage":9,"enemies":"Shell Parasite","floor":18,"turns":11},{"damage":9,"enemies":"Colosseum Slavers","floor":19,"turns":5},{"damage":2,"enemies":"3 Byrds","floor":20,"turns":5},{"damage":37,"enemies":"Snake Plant","floor":22,"turns":6},{"damage":40,"enemies":"Gremlin Leader","floor":24,"turns":5}],"seed_played":"-5276909170596654175","potions_obtained":[{"floor":2,"key":"Fire Potion"},{"floor":3,"key":"Regen Potion"},{"floor":5,"key":"FocusPotion"},{"floor":7,"key":"Energy Potion"},{"floor":10,"key":"Strength Potion"},{"floor":14,"key":"GamblersBrew"},{"floor":18,"key":"Dexterity Potion"}],"is_trial":false,"path_per_floor":["M","M","M","M","M","R","E","$","T","E","R","M","E","M","R","B",null,"M","?","M","$","M","R"],"character_chosen":"DEFECT","items_purchased":["Chill","Sunder","Gash","Creative AI"],"campfire_rested":3,"item_purchase_floors":[8,8,8,21],"current_hp_per_floor":[74,71,69,66,57,81,66,66,66,45,45,44,44,44,68,19,66,57,48,46,46,9,33,0],"gold":31,"neow_bonus":"TEN_PERCENT_HP_BONUS","is_prod":false,"is_daily":false,"chose_seed":false,"campfire_upgraded":1,"win_rate":0,"timestamp":1538457506,"path_taken":["M","M","M","M","M","R","E","$","T","E","R","M","E","M","R","BOSS","M","?","M","$","M","R","E"],"build_version":"2018-09-27","purchased_purges":1,"victory":false,"max_hp_per_floor":[82,82,82,82,82,82,82,82,82,82,82,82,82,82,82,82,82,82,82,82,82,82,82,82],"card_choices":[{"not_picked":["Melter","Rip and Tear"],"picked":"Ball Lightning","floor":1},{"not_picked":["Hologram","Storm"],"picked":"Steam","floor":2},{"not_picked":["Turbo","Heatsinks"],"picked":"FTL","floor":3},{"not_picked":["Beam Cell","Redo"],"picked":"Coolheaded","floor":4},{"not_picked":["Gash","Conserve Battery"],"picked":"Sweeping Beam","floor":5},{"not_picked":["Beam Cell","Recycle"],"picked":"BootSequence","floor":7},{"not_picked":["Conserve Battery","Rip and Tear"],"picked":"Gash","floor":10},{"not_picked":["Sunder","Conserve Battery"],"picked":"Leap","floor":12},{"not_picked":["Amplify","Loop"],"picked":"Sweeping Beam","floor":13},{"not_picked":["Reprogram","Sweeping Beam"],"picked":"Auto Shields","floor":14},{"not_picked":["Amplify","Thunder Strike"],"picked":"Machine Learning","floor":16},{"not_picked":["Redo","Force Field+1"],"picked":"Loop","floor":18},{"not_picked":["Ball Lightning","Rebound"],"picked":"Steam Power","floor":20},{"not_picked":["Undo","Leap"],"picked":"Conserve Battery+1","floor":22}],"player_experience":706596,"relics_obtained":[{"floor":7,"key":"Gambling Chip"},{"floor":9,"key":"Mummified Hand"},{"floor":10,"key":"Emotion Chip"},{"floor":13,"key":"Bottled Lightning"}],"event_choices":[{"event_name":"Colosseum","player_choice":"Fight","floor":19,"damage_taken":0},{"event_name":"Colosseum","player_choice":"Fled From Nobs","floor":19,"damage_taken":0}],"is_beta":false,"boss_relics":[{"not_picked":["Velvet Choker","Philosopher\u0027s Stone"],"picked":"Inserter"}],"items_purged_floors":[21],"is_endless":false,"potions_floor_spawned":[2,3,5,7,10,14,18],"killed_by":"Gremlin Leader","ascension_level":7}