{"gold_per_floor":[113,123,134,147,167,167,197,197,221,221,257,257,272,288,288,288],"floor_reached":16,"playtime":1443,"items_purged":[],"score":148,"play_id":"0fdfc643-adf8-40eb-9a13-d04743e3ccec","local_time":"20180630090107","is_ascension_mode":true,"campfire_choices":[{"floor":6,"key":"REST"},{"floor":8,"key":"REST"},{"data":"Sucker Punch","floor":12,"key":"SMITH"},{"data":"Caltrops","floor":15,"key":"SMITH"}],"neow_cost":"NONE","seed_source_timestamp":300819109472810,"circlet_count":0,"master_deck":["Defend_G","Defend_G","Defend_G","Defend_G","Defend_G","Strike_G+1","Strike_G","Strike_G","Strike_G","Strike_G","Survivor","Neutralize+1","Caltrops+1","Sucker Punch+1","Cloak And Dagger","Sucker Punch","Heel Hook"],"relics":["Ring of the Snake","Du-Vu Doll","Whetstone","Golden Idol","Orichalcum"],"potions_floor_usage":[4,7,14],"damage_taken":[{"damage":0,"enemies":"Cultist","floor":1,"turns":5},{"damage":1,"enemies":"2 Louse","floor":2,"turns":3},{"damage":4,"enemies":"Small Slimes","floor":3,"turns":4},{"damage":20,"enemies":"Exordium Thugs","floor":4,"turns":8},{"damage":29,"enemies":"Large Slime","floor":5,"turns":9},{"damage":18,"enemies":"Lagavulin","floor":7,"turns":10},{"damage":20,"enemies":"3 Sentries","floor":11,"turns":9},{"damage":8,"enemies":"Lots of Slimes","floor":13,"turns":5},{"damage":2,"enemies":"Exordium Wildlife","floor":14,"turns":5},{"damage":14,"enemies":"Hexaghost","floor":16,"turns":9}],"seed_played":"-4070237244804911494","potions_obtained":[{"floor":2,"key":"Dexterity Potion"},{"floor":5,"key":"SteroidPotion"},{"floor":11,"key":"GhostInAJar"}],"is_trial":false,"path_per_floor":["M","M","M","M","M","R","E","R","T","?","E","R","M","M","R"],"character_chosen":"THE_SILENT","items_purchased":[],"campfire_rested":2,"item_purchase_floors":[],"current_hp_per_floor":[70,69,65,45,16,39,21,44,44,44,24,24,16,14,14,0],"gold":288,"neow_bonus":"TEN_PERCENT_HP_BONUS","is_prod":false,"is_daily":false,"chose_seed":false,"campfire_upgraded":2,"win_rate":0,"timestamp":1530367267,"path_taken":["M","M","M","?","M","R","E","R","T","?","E","R","M","M","R","BOSS"],"build_version":"2018-06-29","purchased_purges":0,"victory":false,"max_hp_per_floor":[77,77,77,77,77,77,77,77,77,71,71,71,71,71,71,71],"card_choices":[{"not_picked":["PiercingWail","Dagger Throw"],"picked":"Caltrops","floor":1},{"not_picked":["Deadly Poison","Accuracy","PiercingWail"],"picked":"SKIP","floor":2},{"not_picked":["Slice","Prepared"],"picked":"Sucker Punch","floor":3},{"not_picked":["Burst","Prepared"],"picked":"Cloak And Dagger","floor":4},{"not_picked":["PiercingWail","Backflip"],"picked":"Sucker Punch","floor":5},{"not_picked":["Sucker Punch","Acrobatics","Expertise"],"picked":"SKIP","floor":7},{"not_picked":["Sucker Punch","Bouncing Flask"],"picked":"Heel Hook","floor":11},{"not_picked":["Prepared","Cloak And Dagger","Underhanded Strike"],"picked":"SKIP","floor":13},{"not_picked":["Underhanded Strike","Slice","Acrobatics"],"picked":"SKIP","floor":14}],"player_experience":199393,"relics_obtained":[{"floor":7,"key":"Du-Vu Doll"},{"floor":9,"key":"Whetstone"},{"floor":11,"key":"Orichalcum"}],"event_choices":[{"event_name":"Golden Idol","player_choice":"Lose Max HP","floor":10,"damage_taken":0}],"boss_relics":[],"items_purged_floors":[],"is_endless":false,"potions_floor_spawned":[2,5,11],"killed_by":"Hexaghost","ascension_level":6}