{"gold_per_floor":[111,111,128,146,66,66,81,81,105,105,121,141,161,181,181,277,277,297,297,297,309,309],"floor_reached":22,"playtime":934,"items_purged":[],"score":243,"play_id":"cf723f52-35fe-4104-9edd-19043a98b27f","local_time":"20180629160303","is_ascension_mode":true,"campfire_choices":[{"data":"Zap","floor":6,"key":"SMITH"},{"floor":8,"key":"REST"},{"floor":15,"key":"REST"}],"neow_cost":"NONE","seed_source_timestamp":418706930862967,"circlet_count":0,"master_deck":["Strike_B+1","Strike_B+1","Strike_B+1","Strike_B+1","Defend_B+1","Defend_B+1","Defend_B+1","Defend_B+1","Zap+1","Dualcast","Coolheaded","Coolheaded","Storm","Cold Snap","Hello World","Echo Form","Ball Lightning","Buffer","Cold Snap","Ball Lightning+1"],"relics":["Cracked Core","Anchor","Dream Catcher","Sozu"],"potions_floor_usage":[11,12],"damage_taken":[{"damage":6,"enemies":"Cultist","floor":1,"turns":3},{"damage":5,"enemies":"Small Slimes","floor":3,"turns":3},{"damage":0,"enemies":"2 Louse","floor":4,"turns":2},{"damage":15,"enemies":"Exordium Wildlife","floor":7,"turns":4},{"damage":0,"enemies":"Gremlin Gang","floor":11,"turns":2},{"damage":6,"enemies":"Large Slime","floor":12,"turns":6},{"damage":24,"enemies":"Exordium Thugs","floor":13,"turns":6},{"damage":12,"enemies":"Looter","floor":14,"turns":3},{"damage":19,"enemies":"Slime Boss","floor":16,"turns":9},{"damage":13,"enemies":"Chosen","floor":18,"turns":5},{"damage":5,"enemies":"Spheric Guardian","floor":21,"turns":4},{"damage":51,"floor":22,"turns":3}],"seed_played":"8278184456492890694","potions_obtained":[{"floor":7,"key":"Explosive Potion"},{"floor":11,"key":"Weak Potion"},{"floor":13,"key":"SpeedPotion"}],"is_trial":false,"path_per_floor":["M","?","M","M","$","R","M","R","T","?","M","M","M","M","R","B",null,"M","?","?","M"],"character_chosen":"DEFECT","items_purchased":["Storm"],"campfire_rested":2,"item_purchase_floors":[5],"current_hp_per_floor":[62,67,62,62,62,62,47,71,71,71,71,65,41,29,53,34,69,56,56,56,51,0],"gold":309,"neow_bonus":"RANDOM_COMMON_RELIC","is_prod":false,"is_daily":false,"chose_seed":false,"campfire_upgraded":1,"win_rate":0,"timestamp":1530302583,"path_taken":["M","?","M","?","$","R","M","R","T","?","M","?","M","M","R","BOSS","M","?","?","M","?"],"build_version":"2018-06-28","purchased_purges":0,"victory":false,"max_hp_per_floor":[75,80,80,80,80,80,80,80,80,80,80,80,80,80,80,80,80,80,80,80,80,80],"card_choices":[{"not_picked":["Barrage","Skim"],"picked":"Coolheaded","floor":1},{"not_picked":["Beam Cell","Go for the Eyes","Rip and Tear"],"picked":"SKIP","floor":3},{"not_picked":["Force Field","Sweeping Beam"],"picked":"Coolheaded","floor":4},{"not_picked":["Rebound","Steam","FTL"],"picked":"SKIP","floor":7},{"not_picked":["Rip and Tear","Hyperbeam"],"picked":"Cold Snap","floor":11},{"not_picked":["Gash","Compile Driver"],"picked":"Hello World","floor":12},{"not_picked":["Redo","Hologram"],"picked":"Echo Form","floor":13},{"not_picked":["Lockon","Redo"],"picked":"Ball Lightning","floor":14},{"not_picked":["Meteor Strike","Electrodynamics"],"picked":"Buffer","floor":16},{"not_picked":["Auto Shields","Hologram+1"],"picked":"Cold Snap","floor":18},{"not_picked":["Turbo","Sweeping Beam"],"picked":"Ball Lightning+1","floor":21}],"player_experience":866352,"relics_obtained":[{"floor":9,"key":"Dream Catcher"}],"event_choices":[{"event_name":"Big Fish","player_choice":"Donut","floor":2,"damage_taken":0},{"event_name":"Liars Game","player_choice":"disagreed","floor":10,"damage_taken":0},{"event_name":"Vampires","player_choice":"Ignored","floor":19,"damage_taken":0},{"event_name":"Back to Basics","player_choice":"Simplicity","floor":20,"damage_taken":0},{"event_name":"Masked Bandits","player_choice":"Fought over 309 gold","floor":22,"damage_taken":0}],"boss_relics":[{"not_picked":["Fusion Hammer","Calling Bell"],"picked":"Sozu"}],"items_purged_floors":[],"is_endless":false,"potions_floor_spawned":[7,11,13],"ascension_level":7}