{"path_per_floor":["M","M","M","$","M","R","M","R","T","M","?","M","R","M","R","B",null,"M","M","M","?","?","$","R","M","T","R","E","M","M","M","R"],"character_chosen":"IRONCLAD","items_purchased":["Strawberry","Oddly Smooth Stone","Bludgeon"],"gold_per_floor":[116,133,153,5,17,17,32,32,59,78,78,93,93,108,108,205,205,216,229,246,246,246,30,30,42,95,95,128,146,164,177,177,177],"floor_reached":33,"campfire_rested":5,"playtime":1178,"item_purchase_floors":[4,23,23],"current_hp_per_floor":[45,51,57,64,63,87,81,81,81,77,60,62,87,87,87,30,87,71,73,53,53,53,53,79,71,71,87,73,60,35,15,41,0],"items_purged":[],"gold":177,"score":265,"play_id":"1eed8f9b-f507-46cc-8f4b-8f5d27271237","local_time":"20180615101048","is_prod":false,"is_daily":false,"chose_seed":false,"is_ascension_mode":false,"campfire_upgraded":2,"win_rate":0,"timestamp":1529075448,"campfire_choices":[{"floor":6,"key":"REST"},{"data":"Whirlwind","floor":8,"key":"SMITH"},{"floor":13,"key":"REST"},{"data":"Bludgeon","floor":15,"key":"SMITH"},{"floor":24,"key":"REST"},{"floor":27,"key":"REST"},{"floor":32,"key":"REST"}],"path_taken":["M","M","M","$","M","R","M","R","T","M","?","M","R","M","R","BOSS","M","?","?","?","?","?","R","?","T","R","E","?","M","M","R","BOSS"],"build_version":"2018-06-14","seed_source_timestamp":139413836335741,"purchased_purges":0,"victory":false,"master_deck":["Strike_R+1","Strike_R+1","Strike_R+1","Defend_R+1","Defend_R+1","Defend_R+1","Defend_R+1","Bash","Bludgeon+1","Inflame","Pommel Strike","Whirlwind+1","Offering","Cleave","Shrug It Off","Limit Break","Rampage","Flex+1","Bludgeon","Flex","Searing Blow","Disarm","Immolate"],"max_hp_per_floor":[80,80,80,87,87,87,87,87,87,87,87,87,87,87,87,87,87,87,87,87,87,87,87,87,87,87,87,87,87,87,87,87,87],"relics":["Burning Blood","Strawberry","Anchor","Empty Cage","Oddly Smooth Stone","Dream Catcher","Omamori"],"card_choices":[{"not_picked":["Double Tap","Fiend Fire"],"picked":"Bludgeon","floor":0},{"not_picked":["Power Through","Fire Breathing"],"picked":"Inflame","floor":1},{"not_picked":["Dual Wield","Disarm"],"picked":"Pommel Strike","floor":2},{"not_picked":["Sword Boomerang","True Grit","Perfected Strike"],"picked":"SKIP","floor":3},{"not_picked":["Dual Wield","Flex"],"picked":"Whirlwind","floor":5},{"not_picked":["Seeing Red","Intimidate","Pommel Strike"],"picked":"SKIP","floor":7},{"not_picked":["Ghostly Armor","Pummel"],"picked":"Offering","floor":10},{"not_picked":["Clash","Wild Strike"],"picked":"Cleave","floor":12},{"not_picked":["Pommel Strike","Infernal Blade"],"picked":"Shrug It Off","floor":14},{"not_picked":["Impervious","Exhume"],"picked":"Limit Break","floor":16},{"not_picked":["Sword Boomerang","Pommel Strike+1"],"picked":"Rampage","floor":18},{"not_picked":["Headbutt","Cleave+1"],"picked":"Flex+1","floor":19},{"not_picked":["Feel No Pain+1","Body Slam","Sword Boomerang"],"picked":"SKIP","floor":20},{"not_picked":["Intimidate","Cleave","Inflame"],"picked":"SKIP","floor":25},{"not_picked":["Corruption","Rupture"],"picked":"Flex","floor":27},{"not_picked":["Fire Breathing+1","Hemokinesis","Shockwave"],"picked":"SKIP","floor":28},{"not_picked":["Warcry","Thunderclap"],"picked":"Searing Blow","floor":29},{"not_picked":["True Grit","Dropkick","Warcry+1"],"picked":"SKIP","floor":30},{"not_picked":["Pommel Strike+1","Bloodletting"],"picked":"Disarm","floor":31},{"not_picked":["Fire Breathing","Iron Wave"],"picked":"Immolate","floor":32}],"player_experience":225252,"potions_floor_usage":[3,16,28,28,28,29,30],"damage_taken":[{"damage":1,"enemies":"Cultist","floor":1,"turns":3},{"damage":0,"enemies":"Small Slimes","floor":2,"turns":2},{"damage":0,"enemies":"Jaw Worm","floor":3,"turns":2},{"damage":7,"enemies":"2 Fungi Beasts","floor":5,"turns":4},{"damage":12,"enemies":"Gremlin Gang","floor":7,"turns":3},{"damage":10,"enemies":"Exordium Wildlife","floor":10,"turns":4},{"damage":4,"enemies":"Red Slaver","floor":12,"turns":1},{"damage":4,"enemies":"2 Fungi Beasts","floor":14,"turns":1},{"damage":63,"enemies":"The Guardian","floor":16,"turns":11},{"damage":22,"enemies":"Shell Parasite","floor":18,"turns":6},{"damage":4,"enemies":"Chosen","floor":19,"turns":2},{"damage":26,"enemies":"Snecko","floor":20,"turns":4},{"damage":14,"enemies":"Cultist and Chosen","floor":25,"turns":6},{"damage":20,"enemies":"Slavers","floor":28,"turns":3},{"damage":19,"enemies":"Snake Plant","floor":29,"turns":3},{"damage":31,"enemies":"Chosen and Byrds","floor":30,"turns":7},{"damage":26,"enemies":"Sentry and Sphere","floor":31,"turns":5},{"damage":91,"enemies":"Automaton","floor":33,"turns":6}],"relics_obtained":[{"floor":9,"key":"Anchor"},{"floor":26,"key":"Dream Catcher"},{"floor":28,"key":"Omamori"}],"event_choices":[{"event_name":"Shining Light","player_choice":"Entered Light","floor":11,"damage_taken":0},{"event_name":"Back to Basics","player_choice":"Simplicity","floor":21,"damage_taken":0},{"event_name":"Ghosts","player_choice":"Ignored","floor":22,"damage_taken":0}],"boss_relics":[{"not_picked":["Runic Cube","Black Star"],"picked":"Empty Cage"}],"items_purged_floors":[],"is_endless":true,"potions_floor_spawned":[1,3,10,18,25,28,29],"seed_played":"3240971311330189162","killed_by":"Automaton","ascension_level":0,"potions_obtained":[{"floor":1,"key":"Block Potion"},{"floor":3,"key":"SpeedPotion"},{"floor":10,"key":"Weak Potion"},{"floor":18,"key":"Explosive Potion"},{"floor":25,"key":"Explosive Potion"},{"floor":28,"key":"Weak Potion"},{"floor":29,"key":"Weak Potion"}],"is_trial":false}