{"gold_per_floor":[117,117,137,155,30,30,40,40,40,65,65,65,65],"floor_reached":13,"playtime":564,"items_purged":["Normality"],"score":145,"play_id":"cd77bff6-3c8d-48fb-bb40-6e60572c21eb","local_time":"20181012232603","is_ascension_mode":true,"campfire_choices":[{"data":"Zap","floor":6,"key":"SMITH"},{"floor":8,"key":"REST"},{"floor":11,"key":"REST"}],"neow_cost":"NONE","seed_source_timestamp":244714607220606,"circlet_count":0,"master_deck":["Strike_B","Strike_B","Strike_B","Strike_B","Defend_B","Defend_B","Defend_B","Defend_B","Zap+1","Dualcast","AscendersBane","Doubt","Parasite","Gash","Hologram+1","Rebound","Coolheaded","Melter","Conserve Battery"],"relics":["Calling Bell","Anchor","Gremlin Horn","Emotion Chip","Happy Flower","Question Card"],"potions_floor_usage":[10],"damage_taken":[{"damage":3,"enemies":"2 Louse","floor":1,"turns":3},{"damage":11,"enemies":"Cultist","floor":3,"turns":5},{"damage":7,"enemies":"Small Slimes","floor":4,"turns":4},{"damage":25,"enemies":"Exordium Wildlife","floor":7,"turns":7},{"damage":30,"enemies":"Gremlin Nob","floor":10,"turns":4},{"damage":30,"enemies":"Gremlin Gang","floor":13,"turns":3}],"seed_played":"5184019908613932444","potions_obtained":[{"floor":1,"key":"Strength Potion"}],"is_trial":false,"path_per_floor":["M","?","M","M","$","R","M","R","T","E","R","?"],"character_chosen":"DEFECT","items_purchased":["Coolheaded"],"campfire_rested":2,"item_purchase_floors":[5],"current_hp_per_floor":[61,61,50,43,43,43,18,39,39,9,30,30,0],"gold":65,"neow_bonus":"BOSS_RELIC","is_prod":false,"is_daily":false,"chose_seed":false,"campfire_upgraded":1,"win_rate":0,"timestamp":1539401163,"path_taken":["M","?","M","M","$","R","M","R","T","E","R","?","?"],"build_version":"2018-10-11","purchased_purges":1,"victory":false,"max_hp_per_floor":[71,71,71,71,71,71,71,71,71,71,71,71,71],"card_choices":[{"not_picked":["Tempest","Compile Driver"],"picked":"Gash","floor":1},{"not_picked":["Conserve Battery","Stack"],"picked":"Hologram","floor":3},{"not_picked":["Consume","Compile Driver"],"picked":"Rebound","floor":4},{"not_picked":["Conserve Battery","Turbo"],"picked":"Melter","floor":7},{"not_picked":["Consume","Tempest"],"picked":"Conserve Battery","floor":10}],"player_experience":1546022,"relics_obtained":[{"floor":0,"key":"Anchor"},{"floor":0,"key":"Gremlin Horn"},{"floor":0,"key":"Emotion Chip"},{"floor":9,"key":"Happy Flower"},{"floor":10,"key":"Question Card"}],"event_choices":[{"event_name":"Shining Light","player_choice":"Ignored","floor":2,"damage_taken":0},{"event_name":"Accursed Blacksmith","player_choice":"Forge","floor":12,"damage_taken":0}],"is_beta":false,"boss_relics":[],"items_purged_floors":[5],"is_endless":false,"potions_floor_spawned":[1],"killed_by":"Gremlin Gang","ascension_level":15}