{"gold_per_floor":[113,128,128,128,128,472,485,485],"floor_reached":8,"playtime":386,"items_purged":[],"score":59,"play_id":"f20245df-0d76-41d5-830b-7634ccc79c9b","local_time":"20190211171230","is_ascension_mode":true,"campfire_choices":[],"neow_cost":"PERCENT_DAMAGE","seed_source_timestamp":23119462473900,"circlet_count":0,"master_deck":["Strike_B","Strike_B","Strike_B","Strike_B","Defend_B","Defend_B","Defend_B","Defend_B","Zap","Dualcast","Creative AI","Double Energy","Regret","Static Discharge"],"relics":["Cracked Core","Golden Idol","Dream Catcher","Old Coin"],"potions_floor_usage":[],"damage_taken":[{"damage":14,"enemies":"2 Louse","floor":1,"turns":5},{"damage":6,"enemies":"Jaw Worm","floor":2,"turns":5},{"damage":16,"enemies":"Lagavulin","floor":6,"turns":8},{"damage":4,"enemies":"Cultist","floor":7,"turns":5},{"damage":33,"enemies":"Gremlin Nob","floor":8,"turns":3}],"seed_played":"-8302835690296250714","potions_obtained":[{"floor":2,"key":"FearPotion"},{"floor":6,"key":"FearPotion"}],"is_trial":false,"path_per_floor":["M","M","?","?","?","E","M","E"],"character_chosen":"DEFECT","items_purchased":[],"campfire_rested":0,"item_purchase_floors":[],"current_hp_per_floor":[40,34,34,34,34,18,14,0],"gold":485,"neow_bonus":"THREE_RARE_CARDS","is_prod":false,"is_daily":false,"chose_seed":false,"campfire_upgraded":0,"win_rate":0,"timestamp":1549933950,"path_taken":["M","M","?","?","?","E","M","E"],"build_version":"2019-01-23","purchased_purges":0,"victory":false,"max_hp_per_floor":[75,75,69,69,69,69,69,69],"card_choices":[{"not_picked":["Hyperbeam","Echo Form"],"picked":"Creative AI","floor":0},{"not_picked":["Streamline","White Noise"],"picked":"Double Energy","floor":1},{"not_picked":["Conserve Battery","Consume","Aggregate"],"picked":"SKIP","floor":2},{"not_picked":["Barrage","Ball Lightning"],"picked":"Static Discharge","floor":6},{"not_picked":["Core Surge","Rebound","Steam Power"],"picked":"SKIP","floor":7},{"not_picked":["Core Surge","Rebound","Steam Power"],"picked":"SKIP","floor":7}],"player_experience":211136,"relics_obtained":[{"floor":6,"key":"Old Coin"}],"event_choices":[{"damage_healed":0,"gold_gain":0,"player_choice":"Lose Max HP","damage_taken":0,"relics_obtained":["Golden Idol"],"max_hp_gain":0,"max_hp_loss":6,"event_name":"Golden Idol","floor":3,"gold_loss":0},{"damage_healed":0,"gold_gain":0,"player_choice":"Box","damage_taken":0,"relics_obtained":["Dream Catcher"],"max_hp_gain":0,"max_hp_loss":0,"event_name":"Big Fish","floor":4,"gold_loss":0,"cards_obtained":["Regret"]},{"damage_healed":0,"gold_gain":0,"player_choice":"Ignored","damage_taken":0,"max_hp_gain":0,"max_hp_loss":0,"event_name":"Liars Game","floor":5,"gold_loss":0}],"is_beta":false,"boss_relics":[],"items_purged_floors":[],"is_endless":false,"potions_floor_spawned":[2,6],"killed_by":"Gremlin Nob","ascension_level":1}