{"gold_per_floor":[115,132,59,75,75,75,87,113,140,140,140,155,189,207,207,311,311,330,330,255,29,29,29,40,52,52,52,66,21,21,31,31,134,134,145,162,162,24,24,24,24,124,149,0,29,29,44,64,64,64],"floor_reached":51,"playtime":5398,"items_purged":["Strike_R","Decay"],"score":677,"play_id":"43a13269-1fa4-4384-9f02-01f312447c31","local_time":"20190110155813","is_ascension_mode":false,"campfire_choices":[{"data":"Intimidate","floor":6,"key":"SMITH"},{"data":"Inflame","floor":15,"key":"SMITH"},{"data":"Pummel","floor":23,"key":"SMITH"},{"data":"Shockwave","floor":27,"key":"SMITH"},{"data":"Armaments","floor":30,"key":"SMITH"},{"data":"Warcry","floor":32,"key":"SMITH"},{"data":"Berserk","floor":40,"key":"SMITH"},{"data":"Juggernaut","floor":49,"key":"SMITH"}],"neow_cost":"NONE","seed_source_timestamp":78289332526499,"circlet_count":0,"master_deck":["Strike_R+1","Defend_R+1","Defend_R+1","Defend_R","Defend_R","Bash","Intimidate+1","Pummel+1","Inflame+1","Cleave","Thunderclap","Inflame+1","Thunderclap","Juggernaut+1","Heavy Blade+1","Ghostly","Ghostly","Ghostly","Ghostly","Ghostly","Iron Wave","Shockwave+1","Warcry+1","Armaments+1","Clash+1","Berserk+1","Clumsy","Shame","Spot Weakness+1","Inflame","Rage","Spot Weakness+1"],"relics":["Burning Blood","Odd Mushroom","War Paint","Bag of Preparation","Matryoshka","Philosopher\u0027s Stone","Vajra","Regal Pillow","Dream Catcher","Calling Bell","Red Skull","Pear","Unceasing Top","Torii","Juzu Bracelet","Lantern","Red Mask","Ice Cream"],"potions_floor_usage":[13,16,16,16,33,37,50],"damage_taken":[{"damage":2,"enemies":"2 Louse","floor":1,"turns":3},{"damage":5,"enemies":"Small Slimes","floor":2,"turns":4},{"damage":11,"enemies":"Jaw Worm","floor":4,"turns":3},{"damage":7,"enemies":"2 Fungi Beasts","floor":7,"turns":4},{"damage":13,"enemies":"The Mushroom Lair","floor":8,"turns":3},{"damage":10,"enemies":"Looter","floor":12,"turns":3},{"damage":10,"enemies":"Lagavulin","floor":13,"turns":5},{"damage":18,"enemies":"Exordium Thugs","floor":14,"turns":2},{"damage":26,"enemies":"The Guardian","floor":16,"turns":11},{"damage":25,"enemies":"3 Byrds","floor":18,"turns":4},{"damage":2,"enemies":"Chosen","floor":24,"turns":3},{"damage":9,"enemies":"Snake Plant","floor":25,"turns":5},{"damage":3,"enemies":"Centurion and Healer","floor":28,"turns":4},{"damage":2,"enemies":"Snecko","floor":31,"turns":5},{"damage":32,"enemies":"Collector","floor":33,"turns":8},{"damage":1,"enemies":"3 Darklings","floor":35,"turns":6},{"damage":18,"enemies":"Orb Walker","floor":36,"turns":5},{"damage":0,"enemies":"Maw","floor":37,"turns":2},{"damage":0,"enemies":"Mind Bloom Boss Battle","floor":42,"turns":6},{"damage":35,"enemies":"Nemesis","floor":45,"turns":7},{"damage":3,"enemies":"Jaw Worm Horde","floor":47,"turns":5},{"damage":2,"enemies":"Sphere and 2 Shapes","floor":48,"turns":4},{"damage":23,"enemies":"Time Eater","floor":50,"turns":8}],"seed_played":"7043970750734742208","potions_obtained":[{"floor":1,"key":"Swift Potion"},{"floor":2,"key":"FearPotion"},{"floor":7,"key":"Fire Potion"},{"floor":14,"key":"SpeedPotion"},{"floor":24,"key":"Weak Potion"},{"floor":28,"key":"SmokeBomb"},{"floor":31,"key":"BloodPotion"},{"floor":42,"key":"PowerPotion"}],"is_trial":false,"path_per_floor":["M","M","$","M","?","R","M","?","T","?","?","M","E","M","R","B",null,"M","?","?","$","?","R","M","M","T","R","M","$","R","M","R","B",null,"M","M","M","$","?","R","$","?","T","?","E","$","M","M","R","B",null],"character_chosen":"IRONCLAD","items_purchased":["Inflame","Vajra","Armaments","Inflame"],"campfire_rested":0,"item_purchase_floors":[3,21,29,38],"current_hp_per_floor":[88,88,88,83,83,83,82,75,75,68,50,46,42,30,30,10,88,69,44,44,44,44,44,44,41,41,41,44,44,44,44,44,22,54,54,42,48,48,48,48,48,54,54,54,25,25,28,32,32,15],"gold":64,"neow_bonus":"TEN_PERCENT_HP_BONUS","is_prod":false,"is_daily":false,"chose_seed":false,"campfire_upgraded":8,"win_rate":0,"timestamp":1547098093,"path_taken":["M","M","$","M","?","R","M","?","T","?","?","?","E","M","R","BOSS","M","?","?","$","?","R","M","M","T","R","M","$","R","?","R","BOSS","M","M","M","$","?","R","$","?","T","?","E","?","M","M","R","BOSS"],"build_version":"2019-01-03v4","purchased_purges":2,"victory":true,"max_hp_per_floor":[88,88,88,88,88,88,88,88,88,88,88,88,88,88,88,88,88,88,44,44,44,44,44,44,44,44,44,44,44,44,44,44,44,54,54,54,54,54,54,54,54,54,54,54,54,54,54,54,54,54],"card_choices":[{"not_picked":["Sentinel","Shrug It Off"],"picked":"Intimidate","floor":1},{"not_picked":["Clothesline","Anger"],"picked":"Pummel","floor":2},{"not_picked":["Thunderclap","Spot Weakness"],"picked":"Cleave","floor":4},{"not_picked":["Evolve","Pommel Strike"],"picked":"Thunderclap","floor":7},{"not_picked":["Headbutt","Burning Pact"],"picked":"Inflame","floor":8},{"not_picked":["Perfected Strike","Corruption","Body Slam"],"picked":"SKIP","floor":12},{"not_picked":["Sword Boomerang","Headbutt","Havoc"],"picked":"SKIP","floor":13},{"not_picked":["Reckless Charge","Power Through"],"picked":"Thunderclap","floor":14},{"not_picked":["Impervious","Dark Embrace"],"picked":"Juggernaut","floor":16},{"not_picked":["Power Through","Headbutt"],"picked":"Heavy Blade+1","floor":18},{"not_picked":["Heavy Blade+1","Dual Wield"],"picked":"Shockwave","floor":24},{"not_picked":["Pommel Strike","Sword Boomerang"],"picked":"Warcry","floor":25},{"not_picked":["Anger","Pommel Strike","Body Slam"],"picked":"SKIP","floor":28},{"not_picked":["Headbutt+1","Evolve"],"picked":"Clash+1","floor":31},{"not_picked":["Dark Embrace","Reaper"],"picked":"Berserk","floor":33},{"not_picked":["Sword Boomerang+1","Wild Strike+1"],"picked":"Spot Weakness+1","floor":35},{"not_picked":["Cleave","Clothesline","Battle Trance"],"picked":"SKIP","floor":36},{"not_picked":["Fire Breathing+1","Sentinel+1","Rampage"],"picked":"SKIP","floor":45},{"not_picked":["Anger+1","Brutality"],"picked":"Rage","floor":47},{"not_picked":["Sword Boomerang+1","Wild Strike+1"],"picked":"Spot Weakness+1","floor":48}],"player_experience":393809,"relics_obtained":[{"floor":8,"key":"Odd Mushroom"},{"floor":9,"key":"War Paint"},{"floor":13,"key":"Matryoshka"},{"floor":26,"key":"Regal Pillow"},{"floor":26,"key":"Dream Catcher"},{"floor":34,"key":"Red Skull"},{"floor":34,"key":"Pear"},{"floor":34,"key":"Unceasing Top"},{"floor":42,"key":"Torii"},{"floor":43,"key":"Juzu Bracelet"},{"floor":43,"key":"Lantern"},{"floor":45,"key":"Ice Cream"}],"event_choices":[{"damage_healed":0,"gold_gain":0,"player_choice":"Grow","damage_taken":0,"max_hp_gain":0,"max_hp_loss":0,"event_name":"Living Wall","floor":5,"gold_loss":0,"cards_upgraded":["Inflame"]},{"damage_healed":0,"gold_gain":0,"player_choice":"Fought Mushrooms","damage_taken":0,"max_hp_gain":0,"max_hp_loss":0,"event_name":"Mushrooms","floor":8,"gold_loss":0},{"damage_healed":0,"gold_gain":0,"player_choice":"Success","damage_taken":7,"relics_obtained":["Bag of Preparation"],"max_hp_gain":0,"max_hp_loss":0,"event_name":"Scrap Ooze","floor":10,"gold_loss":0},{"damage_healed":0,"gold_gain":0,"player_choice":"Entered Light","damage_taken":18,"max_hp_gain":0,"max_hp_loss":0,"event_name":"Shining Light","floor":11,"gold_loss":0,"cards_upgraded":["Strike_R","Strike_R"]},{"damage_healed":0,"gold_gain":0,"player_choice":"Became a Ghost","damage_taken":0,"max_hp_gain":0,"max_hp_loss":44,"event_name":"Ghosts","floor":19,"gold_loss":0,"cards_obtained":["Ghostly","Ghostly","Ghostly","Ghostly","Ghostly"]},{"cards_removed":["Strike_R"],"damage_healed":0,"gold_gain":0,"player_choice":"Gave Gold","damage_taken":0,"max_hp_gain":0,"max_hp_loss":0,"event_name":"Beggar","floor":20,"gold_loss":75},{"cards_removed":["Strike_R"],"damage_healed":0,"gold_gain":0,"player_choice":"Took Card","damage_taken":0,"max_hp_gain":0,"max_hp_loss":0,"event_name":"NoteForYourself","floor":22,"gold_loss":0,"cards_obtained":["Iron Wave"]},{"cards_removed":["Strike_R"],"damage_healed":0,"gold_gain":0,"player_choice":"Removed Attack","damage_taken":0,"max_hp_gain":0,"max_hp_loss":0,"event_name":"Falling","floor":39,"gold_loss":0},{"damage_healed":0,"gold_gain":0,"player_choice":"Fight","damage_taken":0,"max_hp_gain":0,"max_hp_loss":0,"event_name":"MindBloom","floor":42,"gold_loss":0},{"damage_healed":0,"gold_gain":0,"player_choice":"Paid","damage_taken":0,"relics_obtained":["Red Mask"],"max_hp_gain":0,"max_hp_loss":0,"event_name":"Tomb of Lord Red Mask","floor":44,"gold_loss":149}],"is_beta":false,"boss_relics":[{"not_picked":["Eternal Feather","Fusion Hammer"],"picked":"Philosopher\u0027s Stone"},{"not_picked":["Runic Pyramid","Mark of Pain"],"picked":"Calling Bell"}],"items_purged_floors":[21,38],"is_endless":false,"potions_floor_spawned":[1,2,7,8,14,24,28,31,37,42],"ascension_level":0}