{"gold_per_floor":[17,37,212,15,26,26,42,42,120,120,120,136,136,154,154,252,252,252,252,0,0,0,0,0,0,0,0,0,0,0,0,0,0,0,0,0,0,0,0,0,0,0,0,0,0,0,0,0,0,0],"floor_reached":51,"playtime":1538,"items_purged":["Doubt"],"score":744,"play_id":"1d5b4937-548b-4d01-9634-9b989e45bf0f","local_time":"20190215004032","is_ascension_mode":false,"campfire_choices":[{"data":"Zap","floor":6.0,"key":"SMITH"},{"data":"Lockon","floor":8.0,"key":"SMITH"},{"data":"Hologram","floor":11.0,"key":"SMITH"},{"data":"Dualcast","floor":13.0,"key":"SMITH"},{"data":"Biased Cognition","floor":15.0,"key":"SMITH"},{"data":"Fission","floor":23,"key":"SMITH"},{"data":"Glacier","floor":25,"key":"SMITH"},{"data":"Storm","floor":32,"key":"SMITH"},{"data":"Machine Learning","floor":40,"key":"SMITH"},{"data":"Chill","floor":46,"key":"SMITH"},{"data":"Ball Lightning","floor":49,"key":"SMITH"}],"neow_cost":"NO_GOLD","seed_source_timestamp":7375161784888,"circlet_count":0,"master_deck":["Strike_B+1","Strike_B+1","Strike_B+1","Strike_B+1","Defend_B+1","Defend_B+1","Defend_B+1","Defend_B+1","Zap+1","Dualcast+1","Core Surge","Hologram+1","Chill+1","Biased Cognition+1","Ball Lightning+1","Ball Lightning","Lockon+1","Compile Driver","BootSequence","Machine Learning+1","Glacier+1","Leap+1","Compile Driver","Hologram+1","Fission+1","Sweeping Beam+1","Storm+1","Echo Form","Tempest+1","Hologram+1","Writhe","Chill+1"],"special_seed":0,"relics":["Cracked Core","Symbiotic Virus","Ectoplasm","Anchor","Mummified Hand","Busted Crown","Du-Vu Doll","Thread and Needle","PreservedInsect","Smiling Mask"],"potions_floor_usage":[33,33,33,42,50,50,50],"damage_taken":[{"damage":4.0,"enemies":"Small Slimes","floor":1.0,"turns":3.0},{"damage":0.0,"enemies":"2 Louse","floor":2.0,"turns":2.0},{"damage":6.0,"enemies":"Jaw Worm","floor":5.0,"turns":2.0},{"damage":15.0,"enemies":"Exordium Thugs","floor":7.0,"turns":2.0},{"damage":0.0,"enemies":"Large Slime","floor":12.0,"turns":3.0},{"damage":0.0,"enemies":"Looter","floor":14.0,"turns":2.0},{"damage":38.0,"enemies":"Hexaghost","floor":16.0,"turns":5.0},{"damage":3.0,"enemies":"Shell Parasite","floor":18.0,"turns":4.0},{"damage":5,"enemies":"Spheric Guardian","floor":19,"turns":3},{"damage":0,"enemies":"Centurion and Healer","floor":21,"turns":4},{"damage":0,"enemies":"Cultist and Chosen","floor":22,"turns":4},{"damage":1,"enemies":"3 Cultists","floor":29,"turns":4},{"damage":0,"enemies":"Shelled Parasite and Fungi","floor":30,"turns":3},{"damage":0,"enemies":"Collector","floor":33,"turns":10},{"damage":0,"enemies":"Orb Walker","floor":35,"turns":3},{"damage":5,"enemies":"2 Orb Walkers","floor":36,"turns":3},{"damage":14,"enemies":"Mind Bloom Boss Battle","floor":38,"turns":4},{"damage":0,"enemies":"3 Darklings","floor":39,"turns":4},{"damage":0,"enemies":"Sphere and 2 Shapes","floor":42,"turns":3},{"damage":5,"enemies":"Maw","floor":44,"turns":6},{"damage":0,"enemies":"Giant Head","floor":47,"turns":6},{"damage":0,"enemies":"4 Shapes","floor":48,"turns":4},{"damage":2,"enemies":"Awakened One","floor":50,"turns":13}],"seed_played":"-3280672243038527375","potions_obtained":[{"floor":1.0,"key":"PowerPotion"},{"floor":5.0,"key":"Swift Potion"},{"floor":12.0,"key":"FocusPotion"},{"floor":22,"key":"FocusPotion"},{"floor":33,"key":"Poison Potion"},{"floor":35,"key":"Swift Potion"},{"floor":39,"key":"FocusPotion"},{"floor":47,"key":"FearPotion"}],"is_trial":false,"path_per_floor":["M","M","?","$","M","R","M","R","T","?","R","M","R","M","R","B",null,"M","M","$","M","M","R","?","R","T","$","?","M","M","$","R","B",null,"M","?","$","?","M","R","?","M","T","M","$","R","E","M","R","B",null],"character_chosen":"DEFECT","items_purchased":["Biased Cognition","Ball Lightning","Anchor","Compile Driver"],"campfire_rested":0,"item_purchase_floors":[4,4,20,20],"current_hp_per_floor":[71,71,71,71,65,65,50,50,50,75,75,75,75,75,75,37,75,72,67,67,67,67,67,67,67,67,67,67,66,66,66,66,66,75,75,70,70,56,56,56,75,75,75,70,70,70,70,70,70,68],"gold":0,"neow_bonus":"THREE_RARE_CARDS","is_prod":false,"is_daily":false,"chose_seed":false,"campfire_upgraded":11,"win_rate":0,"timestamp":1550212832,"path_taken":["M","M","?","$","M","R","M","R","T","?","R","M","R","M","R","BOSS","M","M","$","M","M","R","?","R","T","$","?","M","M","?","R","BOSS","M","?","$","?","M","R","?","?","T","?","$","R","E","M","R","BOSS"],"build_version":"2019-01-23","purchased_purges":1,"victory":true,"max_hp_per_floor":[75,75,75,75,75,75,75,75,75,75,75,75,75,75,75,75,75,75,75,75,75,75,75,75,75,75,75,75,75,75,75,75,75,75,75,75,75,75,75,75,75,75,75,75,75,75,75,75,75,75],"card_choices":[{"not_picked":["Thunder Strike","Meteor Strike"],"picked":"Core Surge","floor":0.0},{"not_picked":["Go for the Eyes","Force Field"],"picked":"Hologram","floor":1.0},{"not_picked":["Compile Driver","Redo"],"picked":"Chill","floor":2.0},{"not_picked":["Hologram","White Noise"],"picked":"Ball Lightning","floor":5.0},{"not_picked":["Meteor Strike","Sweeping Beam"],"picked":"Lockon","floor":7.0},{"not_picked":["Streamline","Darkness"],"picked":"Compile Driver","floor":12.0},{"not_picked":["Static Discharge","Beam Cell"],"picked":"BootSequence","floor":14.0},{"not_picked":["All For One","Meteor Strike"],"picked":"Machine Learning","floor":16.0},{"not_picked":["Compile Driver","Cold Snap"],"picked":"Glacier","floor":18},{"not_picked":["Rebound","Compile Driver"],"picked":"Leap+1","floor":19},{"not_picked":["Lockon","Steam Power"],"picked":"Hologram+1","floor":21},{"not_picked":["Blizzard","Ball Lightning"],"picked":"Fission","floor":22},{"not_picked":["Beam Cell","Turbo+1"],"picked":"Sweeping Beam+1","floor":29},{"not_picked":["Blizzard+1","Beam Cell"],"picked":"Storm","floor":30},{"not_picked":["Rainbow","Seek"],"picked":"Echo Form","floor":33},{"not_picked":[],"picked":"Tempest+1","floor":35},{"not_picked":[],"picked":"Hologram+1","floor":36},{"not_picked":["Melter"],"picked":"SKIP","floor":39},{"not_picked":[],"picked":"Chill+1","floor":42},{"not_picked":["Sweeping Beam"],"picked":"SKIP","floor":44},{"not_picked":["Genetic Algorithm+1"],"picked":"SKIP","floor":47},{"not_picked":["Rebound+1"],"picked":"SKIP","floor":48}],"player_experience":815707,"relics_obtained":[{"floor":9.0,"key":"Symbiotic Virus"},{"floor":26,"key":"Mummified Hand"},{"floor":36,"key":"Du-Vu Doll"},{"floor":38,"key":"Thread and Needle"},{"floor":43,"key":"PreservedInsect"},{"floor":47,"key":"Smiling Mask"}],"event_choices":[{"damage_healed":0.0,"max_hp_gain":0.0,"max_hp_loss":0.0,"gold_gain":175.0,"event_name":"Liars Game","player_choice":"AGREE","floor":3.0,"gold_loss":0.0,"damage_taken":0.0,"cards_obtained":["Doubt"]},{"damage_healed":25.0,"max_hp_gain":0.0,"max_hp_loss":0.0,"gold_gain":0.0,"event_name":"Big Fish","player_choice":"Banana","floor":10.0,"gold_loss":0.0,"damage_taken":0.0},{"damage_healed":0,"gold_gain":0,"player_choice":"Ignored","damage_taken":0,"max_hp_gain":0,"max_hp_loss":0,"event_name":"Vampires","floor":24,"gold_loss":0},{"damage_healed":0,"gold_gain":0,"player_choice":"Simplicity","damage_taken":0,"max_hp_gain":0,"max_hp_loss":0,"event_name":"Back to Basics","floor":28,"gold_loss":0,"cards_upgraded":["Strike_B","Strike_B","Strike_B","Strike_B","Defend_B","Defend_B","Defend_B","Defend_B"]},{"damage_healed":0,"gold_gain":0,"player_choice":"Fight","damage_taken":0,"max_hp_gain":0,"max_hp_loss":0,"event_name":"Mysterious Sphere","floor":36,"gold_loss":0},{"damage_healed":0,"gold_gain":0,"player_choice":"Fight","damage_taken":0,"max_hp_gain":0,"max_hp_loss":0,"event_name":"MindBloom","floor":38,"gold_loss":0},{"damage_healed":19,"gold_gain":0,"player_choice":"Writhe","damage_taken":0,"max_hp_gain":0,"max_hp_loss":0,"event_name":"Winding Halls","floor":41,"gold_loss":0,"cards_obtained":["Writhe"]}],"is_beta":false,"boss_relics":[{"not_picked":["FrozenCore","Calling Bell"],"picked":"Ectoplasm"},{"not_picked":["Astrolabe","Empty Cage"],"picked":"Busted Crown"}],"items_purged_floors":[20],"is_endless":false,"potions_floor_spawned":[1,5,12,22,30,33,35,39,47],"ascension_level":0}