{"gold_per_floor":[116,116,136,58,77,108,120,139,163,163,180,180,196,229,229,229],"floor_reached":16,"playtime":966,"items_purged":[],"score":165,"play_id":"f81b268d-a780-4b86-8df8-dc4eeeb979f6","local_time":"20180802154007","is_ascension_mode":true,"campfire_choices":[{"data":"Skewer","floor":10,"key":"SMITH"},{"floor":15,"key":"REST"}],"neow_cost":"NONE","seed_source_timestamp":566454901422789,"circlet_count":0,"master_deck":["Defend_G","Defend_G","Defend_G","Defend_G","Defend_G","Strike_G","Strike_G","Strike_G","Strike_G","Survivor","Neutralize+1","Sucker Punch","Dagger Throw","Skewer+1","Dodge and Roll","Infinite Blades","Heel Hook","Dash","Dash","Backflip"],"relics":["Ring of the Snake","Du-Vu Doll","Bag of Preparation","Oddly Smooth Stone"],"potions_floor_usage":[6,14,16,16],"damage_taken":[{"damage":1,"enemies":"2 Louse","floor":1,"turns":3},{"damage":0,"enemies":"Cultist","floor":3,"turns":4},{"damage":2,"enemies":"Small Slimes","floor":5,"turns":3},{"damage":33,"enemies":"Lagavulin","floor":6,"turns":6},{"damage":0,"enemies":"Looter","floor":7,"turns":4},{"damage":0,"enemies":"Large Slime","floor":8,"turns":5},{"damage":12,"enemies":"Lots of Slimes","floor":11,"turns":4},{"damage":0,"enemies":"Blue Slaver","floor":13,"turns":3},{"damage":9,"enemies":"Gremlin Nob","floor":14,"turns":4},{"damage":48,"enemies":"Slime Boss","floor":16,"turns":9}],"seed_played":"-5231912610155835054","potions_obtained":[{"floor":3,"key":"Strength Potion"},{"floor":8,"key":"GhostInAJar"},{"floor":14,"key":"Fruit Juice"}],"is_trial":false,"path_per_floor":["M","?","M","$","M","E","M","M","T","R","M","?","M","E","R"],"character_chosen":"THE_SILENT","items_purchased":["Regen Potion"],"campfire_rested":1,"item_purchase_floors":[4],"current_hp_per_floor":[62,62,62,62,60,27,27,27,27,27,15,15,15,6,27,0],"gold":229,"neow_bonus":"UPGRADE_CARD","is_prod":false,"is_daily":false,"chose_seed":false,"campfire_upgraded":1,"win_rate":0,"timestamp":1533242407,"path_taken":["M","?","M","$","M","E","M","M","T","R","M","?","M","E","R","BOSS"],"build_version":"2018-08-01","purchased_purges":0,"victory":false,"max_hp_per_floor":[70,70,70,70,70,70,70,70,70,70,70,70,70,70,70,75],"card_choices":[{"not_picked":["Heel Hook","Poisoned Stab"],"picked":"Sucker Punch","floor":1},{"not_picked":["Outmaneuver","Deflect"],"picked":"Skewer","floor":3},{"not_picked":["Distraction","Outmaneuver"],"picked":"Dodge and Roll","floor":5},{"not_picked":["Catalyst","Deflect"],"picked":"Infinite Blades","floor":6},{"not_picked":["Deadly Poison","Dodge and Roll","Bane"],"picked":"SKIP","floor":7},{"not_picked":["Dagger Throw","Deadly Poison"],"picked":"Heel Hook","floor":8},{"not_picked":["Accuracy","Dagger Spray"],"picked":"Dash","floor":11},{"not_picked":["Burst","Flechettes"],"picked":"Dash","floor":13},{"not_picked":["Expertise","Quick Slash"],"picked":"Backflip","floor":14}],"player_experience":324398,"relics_obtained":[{"floor":6,"key":"Du-Vu Doll"},{"floor":9,"key":"Bag of Preparation"},{"floor":14,"key":"Oddly Smooth Stone"}],"event_choices":[{"event_name":"Transmorgrifier","player_choice":"Transform","floor":2,"damage_taken":0},{"event_name":"Scrap Ooze","player_choice":"unsuccessful","floor":12,"damage_taken":0}],"is_beta":true,"boss_relics":[],"items_purged_floors":[],"is_endless":false,"potions_floor_spawned":[3,8,14],"killed_by":"Slime Boss","ascension_level":9}