{"gold_per_floor":[119,119,138,138,138,138,168,168,245,297,312,312,331,431,431,506,506,519,30,47,58,58,58,84,30,55,71,71,85,184,195,195,195],"floor_reached":33,"playtime":1894,"items_purged":["Strike_G"],"score":479,"play_id":"618fc0de-a321-42b6-84b6-393078373c1f","local_time":"20180807000517","is_ascension_mode":true,"campfire_choices":[{"data":"Neutralize","floor":6.0,"key":"SMITH"},{"data":"Cloak And Dagger","floor":8.0,"key":"SMITH"},{"data":"Survivor","floor":12.0,"key":"SMITH"},{"data":"Dagger Throw","floor":15.0,"key":"SMITH"},{"floor":23,"key":"REST"},{"floor":28,"key":"REST"},{"floor":32,"key":"REST"}],"neow_cost":"NONE","seed_source_timestamp":550901710057449,"circlet_count":0,"master_deck":["Defend_G","Defend_G","Defend_G","Defend_G","Defend_G","Strike_G+1","Strike_G","Strike_G+1","Survivor+1","Neutralize+1","AscendersBane","PiercingWail","Cloak And Dagger+1","Dagger Throw+1","Corpse Explosion","Noxious Fumes","Dodge and Roll+1","Deadly Poison+1","Poisoned Stab","Poisoned Stab+1","Backflip","PiercingWail"],"special_seed":0,"relics":["Busted Crown","Dodecahedron","Mummified Hand","Strawberry","Fusion Hammer","Turnip","Enchiridion","Molten Egg 2","War Paint"],"potions_floor_usage":[27],"damage_taken":[{"damage":1.0,"enemies":"Small Slimes","floor":1.0,"turns":4.0},{"damage":3.0,"enemies":"2 Louse","floor":3.0,"turns":4.0},{"damage":5.0,"enemies":"3 Sentries","floor":7.0,"turns":11.0},{"damage":0.0,"enemies":"Cultist","floor":11.0,"turns":5.0},{"damage":0.0,"enemies":"2 Fungi Beasts","floor":13.0,"turns":5.0},{"damage":20.0,"enemies":"The Guardian","floor":16.0,"turns":18.0},{"damage":2,"enemies":"3 Byrds","floor":18,"turns":4},{"damage":0,"enemies":"Spheric Guardian","floor":20,"turns":7},{"damage":21,"enemies":"Snake Plant","floor":21,"turns":5},{"damage":17,"enemies":"Gremlin Leader","floor":24,"turns":7},{"damage":14,"enemies":"Chosen and Byrds","floor":27,"turns":6},{"damage":14,"enemies":"Snecko","floor":29,"turns":5},{"damage":0,"enemies":"Centurion and Healer","floor":31,"turns":6},{"damage":58,"enemies":"Champ","floor":33,"turns":9}],"seed_played":"-4949833010171329425","potions_obtained":[{"floor":1.0,"key":"Fire Potion"},{"floor":3.0,"key":"GamblersBrew"},{"floor":7.0,"key":"Dexterity Potion"},{"floor":21,"key":"Weak Potion"}],"is_trial":false,"path_per_floor":["M","?","M","?","?","R","E","R","T","T","M","R","M","?","R","B",null,"M","$","M","M","?","R","E","$","T","M","R","M","?","M","R"],"character_chosen":"THE_SILENT","items_purchased":["Turnip","Noxious Fumes","Dodge and Roll","Poisoned Stab+1"],"campfire_rested":3,"item_purchase_floors":[19,19,19,25],"current_hp_per_floor":[62,62,59,59,45,45,40,40,40,47,47,47,47,47,47,27,65,63,63,63,42,26,49,32,32,32,18,41,27,27,27,50,0],"gold":195,"neow_bonus":"BOSS_RELIC","is_prod":false,"is_daily":false,"chose_seed":false,"campfire_upgraded":4,"win_rate":0,"timestamp":1533593117,"path_taken":["M","?","?","?","?","R","E","R","T","?","M","R","M","?","R","BOSS","M","$","?","M","?","R","E","?","T","M","R","M","?","M","R","BOSS"],"build_version":"2018-08-01","purchased_purges":1,"victory":false,"max_hp_per_floor":[70,70,70,70,70,70,70,70,70,77,77,77,77,77,77,77,77,77,77,77,77,77,77,77,77,77,77,77,77,77,77,77,77],"card_choices":[{"not_picked":["All Out Attack"],"picked":"SKIP","floor":1.0},{"not_picked":[],"picked":"PiercingWail","floor":3.0},{"not_picked":[],"picked":"Cloak And Dagger","floor":7.0},{"not_picked":["Flying Knee"],"picked":"SKIP","floor":11.0},{"not_picked":[],"picked":"Dagger Throw","floor":13.0},{"not_picked":[],"picked":"Corpse Explosion","floor":16.0},{"not_picked":["Acrobatics"],"picked":"SKIP","floor":18},{"not_picked":["Deadly Poison"],"picked":"SKIP","floor":20},{"not_picked":[],"picked":"Deadly Poison","floor":20},{"not_picked":[],"picked":"Poisoned Stab","floor":21},{"not_picked":["Riddle With Holes+1"],"picked":"SKIP","floor":24},{"not_picked":[],"picked":"Backflip","floor":27},{"not_picked":[],"picked":"PiercingWail","floor":29},{"not_picked":["Outmaneuver"],"picked":"SKIP","floor":31}],"player_experience":401329,"relics_obtained":[{"floor":7.0,"key":"Dodecahedron"},{"floor":9.0,"key":"Mummified Hand"},{"floor":10.0,"key":"Strawberry"},{"floor":22,"key":"Enchiridion"},{"floor":24,"key":"Molten Egg 2"},{"floor":26,"key":"War Paint"}],"event_choices":[{"event_name":"Liars Game","player_choice":"disagreed","floor":2.0,"damage_taken":0.0},{"event_name":"Living Wall","player_choice":"Forget","floor":4.0,"damage_taken":0.0},{"event_name":"Shining Light","player_choice":"Entered Light","floor":5.0,"damage_taken":0.0},{"event_name":"Golden Shrine","player_choice":"Pray","floor":14.0,"damage_taken":0.0},{"event_name":"Cursed Tome","player_choice":"Obtained Book","floor":22,"damage_taken":0},{"event_name":"Nest","player_choice":"Stole From Cult","floor":30,"damage_taken":0}],"is_beta":true,"boss_relics":[{"not_picked":["Orrery","HoveringKite"],"picked":"Fusion Hammer"}],"items_purged_floors":[19],"is_endless":false,"potions_floor_spawned":[1,3,7,21],"killed_by":"Champ","ascension_level":13}