{"gold_per_floor":[112,112,112,22,38,70,85,85,85,160,125,206,217,235,235,308,308,318,318,31,43,43,43,43,59,82,132,132,145,177,196,196,196],"floor_reached":33,"playtime":1899,"items_purged":[],"score":620,"play_id":"a4325811-ffe5-4dd5-af3e-2e07b34fe49d","local_time":"20190211081755","is_ascension_mode":true,"campfire_choices":[{"data":"Zap","floor":8,"key":"SMITH"},{"floor":15,"key":"REST"},{"floor":23,"key":"REST"},{"floor":32,"key":"REST"}],"neow_cost":"NONE","seed_source_timestamp":668521278918440,"circlet_count":0,"master_deck":["AscendersBane","Strike_B","Strike_B","Strike_B","Strike_B","Defend_B","Defend_B","Defend_B","Defend_B","Zap+1","Dualcast","Cold Snap","Heatsinks+1","Machine Learning+1","Reinforced Body","Conserve Battery","Consume","Melter","Thunder Strike","Ball Lightning","Writhe","Capacitor+1","Capacitor+1","Decay","Heatsinks+1","Multi-Cast","Glacier"],"relics":["FrozenCore","NeowsBlessing","Frozen Egg 2","Pocketwatch","Matryoshka","Mummified Hand","Singing Bowl","Potion Belt","Chemical X","Pen Nib","Bronze Scales","Vajra"],"potions_floor_usage":[7,16,18,24,31],"damage_taken":[{"damage":0,"enemies":"2 Louse","floor":1,"turns":1},{"damage":0,"enemies":"Small Slimes","floor":5,"turns":1},{"damage":0,"enemies":"Gremlin Nob","floor":6,"turns":1},{"damage":12,"enemies":"Jaw Worm","floor":7,"turns":2},{"damage":3,"enemies":"2 Fungi Beasts","floor":13,"turns":4},{"damage":1,"enemies":"Looter","floor":14,"turns":3},{"damage":43,"enemies":"Slime Boss","floor":16,"turns":15},{"damage":17,"enemies":"Shell Parasite","floor":18,"turns":7},{"damage":0,"enemies":"Spheric Guardian","floor":21,"turns":2},{"damage":0,"enemies":"Gremlin Leader","floor":24,"turns":1},{"damage":11,"enemies":"Snecko","floor":25,"turns":6},{"damage":33,"enemies":"Shelled Parasite and Fungi","floor":29,"turns":5},{"damage":15,"enemies":"Book of Stabbing","floor":30,"turns":7},{"damage":9,"enemies":"3 Cultists","floor":31,"turns":5},{"damage":42,"enemies":"Collector","floor":33,"turns":3}],"seed_played":"-6033339695267416212","potions_obtained":[{"floor":5,"key":"AttackPotion"},{"floor":6,"key":"SmokeBomb"},{"floor":13,"key":"PowerPotion"},{"floor":18,"key":"Fruit Juice"},{"floor":30,"key":"Energy Potion"}],"is_trial":false,"path_per_floor":["M","?","?","$","M","E","M","R","T","?","?","T","M","M","R","B",null,"M","?","$","M","?","R","E","M","T","?","?","M","E","M","R","B"],"character_chosen":"DEFECT","items_purchased":["Heatsinks+1","Capacitor+1","Chemical X"],"campfire_rested":3,"item_purchase_floors":[4,20,20],"current_hp_per_floor":[64,69,64,64,64,64,52,52,52,41,60,60,57,56,76,33,65,53,53,53,55,55,79,79,68,68,68,68,35,20,11,35,0],"gold":196,"neow_bonus":"THREE_ENEMY_KILL","is_prod":false,"is_daily":false,"chose_seed":false,"campfire_upgraded":1,"win_rate":0,"timestamp":1549891075,"path_taken":["M","?","?","$","M","E","?","R","T","?","?","?","M","M","R","BOSS","M","?","$","M","?","R","E","M","T","?","?","?","E","M","R","BOSS"],"build_version":"2019-01-23","purchased_purges":0,"victory":false,"max_hp_per_floor":[71,76,76,76,76,76,76,76,76,76,76,76,76,76,76,76,76,81,81,81,83,83,83,83,83,83,83,83,83,83,83,83,83],"card_choices":[{"not_picked":["Steam","Compile Driver"],"picked":"Cold Snap","floor":1},{"not_picked":["Barrage","Genetic Algorithm"],"picked":"Machine Learning+1","floor":5},{"not_picked":["Barrage","Tempest"],"picked":"Reinforced Body","floor":6},{"not_picked":["Darkness","Gash"],"picked":"Conserve Battery","floor":7},{"not_picked":["Coolheaded","Hologram"],"picked":"Consume","floor":13},{"not_picked":["Hologram","Go for the Eyes"],"picked":"Melter","floor":14},{"not_picked":["Biased Cognition+1","Seek"],"picked":"Thunder Strike","floor":16},{"not_picked":["Leap+1","Streamline"],"picked":"Ball Lightning","floor":18},{"not_picked":["Darkness","Streamline","Chaos"],"picked":"Singing Bowl","floor":21},{"not_picked":["Beam Cell+1","Doom and Gloom"],"picked":"Capacitor+1","floor":25},{"not_picked":["Gash","Compile Driver"],"picked":"Heatsinks+1","floor":29},{"not_picked":["Compile Driver+1","Stack"],"picked":"Multi-Cast","floor":30},{"not_picked":["Loop+1","Coolheaded"],"picked":"Glacier","floor":31}],"player_experience":2388603,"relics_obtained":[{"floor":6,"key":"Pocketwatch"},{"floor":9,"key":"Matryoshka"},{"floor":12,"key":"Mummified Hand"},{"floor":12,"key":"Singing Bowl"},{"floor":26,"key":"Pen Nib"},{"floor":26,"key":"Bronze Scales"},{"floor":30,"key":"Vajra"}],"event_choices":[{"damage_healed":0,"gold_gain":0,"player_choice":"Donut","damage_taken":0,"max_hp_gain":5,"max_hp_loss":0,"event_name":"Big Fish","floor":2,"gold_loss":0},{"damage_healed":0,"gold_gain":0,"player_choice":"Success","damage_taken":5,"relics_obtained":["Frozen Egg 2"],"max_hp_gain":0,"max_hp_loss":0,"event_name":"Scrap Ooze","floor":3,"gold_loss":0},{"damage_healed":0,"gold_gain":75,"player_choice":"Gather Gold","damage_taken":11,"max_hp_gain":0,"max_hp_loss":0,"event_name":"World of Goop","floor":10,"gold_loss":0},{"damage_healed":19,"gold_gain":0,"player_choice":"Healed","damage_taken":0,"max_hp_gain":0,"max_hp_loss":0,"event_name":"The Cleric","floor":11,"gold_loss":35},{"damage_healed":0,"gold_gain":0,"player_choice":"Opened","damage_taken":0,"relics_obtained":["Potion Belt"],"max_hp_gain":0,"max_hp_loss":0,"event_name":"The Mausoleum","floor":19,"gold_loss":0,"cards_obtained":["Writhe"]},{"damage_healed":0,"gold_gain":0,"player_choice":"Ignored","damage_taken":0,"max_hp_gain":0,"max_hp_loss":0,"event_name":"Ghosts","floor":22,"gold_loss":0},{"damage_healed":0,"gold_gain":50,"player_choice":"Stole From Cult","damage_taken":0,"max_hp_gain":0,"max_hp_loss":0,"event_name":"Nest","floor":27,"gold_loss":0},{"damage_healed":0,"gold_gain":0,"player_choice":"Smashed Altar","damage_taken":0,"max_hp_gain":0,"max_hp_loss":0,"event_name":"Forgotten Altar","floor":28,"gold_loss":0,"cards_obtained":["Decay"]}],"is_beta":false,"boss_relics":[{"not_picked":["Black Star","Snecko Eye"],"picked":"FrozenCore"}],"items_purged_floors":[],"is_endless":false,"potions_floor_spawned":[5,6,13,14,18,24,30],"killed_by":"Collector","ascension_level":20}