{"gold_per_floor":[11,29,29,45,45,45,76,2,28,53,53,66,66,141,141,141],"floor_reached":16,"playtime":803,"items_purged":[],"score":200,"play_id":"f4fc4390-8810-4218-af83-662483b6c23c","local_time":"20190213162013","is_ascension_mode":true,"campfire_choices":[{"data":"After Image","floor":6.0,"key":"SMITH"},{"data":"Flechettes","floor":11.0,"key":"SMITH"},{"data":"Neutralize","floor":13.0,"key":"SMITH"},{"data":"Calculated Gamble","floor":15.0,"key":"SMITH"}],"neow_cost":"NO_GOLD","seed_source_timestamp":68190316656369,"circlet_count":0,"master_deck":["AscendersBane","Defend_G","Defend_G","Defend_G","Defend_G","Defend_G","Strike_G","Strike_G","Strike_G","Strike_G","Strike_G","Survivor","Neutralize+1","After Image+1","Flechettes+1","Calculated Gamble","Backflip","Calculated Gamble+1","Footwork","Dagger Spray","Well Laid Plans","Crippling Poison"],"special_seed":0,"relics":["Ring of the Snake","Happy Flower","Bronze Scales","Golden Idol","Strawberry"],"potions_floor_usage":[16,16],"damage_taken":[{"damage":6.0,"enemies":"Jaw Worm","floor":1.0,"turns":7.0},{"damage":1.0,"enemies":"2 Louse","floor":2.0,"turns":4.0},{"damage":0.0,"enemies":"Cultist","floor":4.0,"turns":4.0},{"damage":44.0,"enemies":"3 Sentries","floor":7.0,"turns":20.0},{"damage":0.0,"enemies":"3 Louse","floor":10.0,"turns":6.0},{"damage":0.0,"enemies":"Exordium Wildlife","floor":12.0,"turns":4.0},{"damage":5.0,"enemies":"3 Sentries","floor":14.0,"turns":7.0},{"damage":26,"enemies":"Hexaghost","floor":16,"turns":12}],"seed_played":"1279415886746569158","potions_obtained":[{"floor":1.0,"key":"SneckoOil"},{"floor":2.0,"key":"EssenceOfSteel"},{"floor":12.0,"key":"Ancient Potion"},{"floor":14.0,"key":"Regen Potion"}],"is_trial":false,"path_per_floor":["M","M","$","M","?","R","E","$","T","M","R","M","R","?","R","B"],"character_chosen":"THE_SILENT","items_purchased":["Footwork"],"campfire_rested":0,"item_purchase_floors":[8],"current_hp_per_floor":[53,52,52,52,52,52,8,8,8,8,8,8,8,10,10,0],"gold":141,"neow_bonus":"THREE_RARE_CARDS","is_prod":false,"is_daily":false,"chose_seed":false,"campfire_upgraded":4,"win_rate":0,"timestamp":1550071213,"path_taken":["M","M","$","M","?","R","E","$","T","M","R","M","R","?","R","BOSS"],"build_version":"2019-01-23","purchased_purges":0,"victory":false,"max_hp_per_floor":[66,66,66,66,60,60,60,60,60,60,60,60,60,67,67,67],"card_choices":[{"not_picked":["Unload","Die Die Die"],"picked":"After Image","floor":0.0},{"not_picked":["Distraction","Blade Dance"],"picked":"Flechettes","floor":1.0},{"not_picked":["Flying Knee","Eviscerate"],"picked":"Calculated Gamble","floor":2.0},{"not_picked":["Underhanded Strike","Deflect"],"picked":"Backflip","floor":4.0},{"not_picked":["Dodge and Roll","Deflect"],"picked":"Calculated Gamble","floor":7.0},{"not_picked":["Underhanded Strike","PiercingWail"],"picked":"Dagger Spray","floor":10.0},{"not_picked":["Cloak And Dagger","Outmaneuver"],"picked":"Well Laid Plans","floor":12.0},{"not_picked":["Acrobatics","Unload"],"picked":"Crippling Poison","floor":14.0}],"player_experience":1409287,"relics_obtained":[{"floor":7.0,"key":"Happy Flower"},{"floor":9.0,"key":"Bronze Scales"}],"event_choices":[{"damage_healed":0.0,"max_hp_gain":0.0,"max_hp_loss":6.0,"gold_gain":0.0,"event_name":"Golden Idol","player_choice":"Lose Max HP","floor":5.0,"gold_loss":0.0,"damage_taken":0.0,"relics_obtained":["Golden Idol"]},{"damage_healed":0.0,"max_hp_gain":0.0,"max_hp_loss":0.0,"gold_gain":0.0,"event_name":"Dead Adventurer","player_choice":"Searched \u00272\u0027 times","floor":14.0,"gold_loss":0.0,"damage_taken":0.0,"relics_obtained":["Strawberry"]}],"is_beta":false,"boss_relics":[],"items_purged_floors":[],"is_endless":false,"potions_floor_spawned":[1,2,12,14],"killed_by":"Hexaghost","ascension_level":20}