{"gold_per_floor":[17,30,50,67,142,142,175,175,224,5,5,5,5,25,25,125,125,143,143,156,156,168,168,184,184,184,184,194,205,105,105,105,105],"floor_reached":33,"playtime":1127,"items_purged":["Defend_R","Strike_R"],"score":296,"play_id":"aa86f1b7-5c89-412b-9585-633b41e48c7f","local_time":"20180630212952","is_ascension_mode":true,"campfire_choices":[{"floor":6,"key":"REST"},{"data":"Rampage","floor":8,"key":"SMITH"},{"data":"Bludgeon","floor":13,"key":"SMITH"},{"data":"Shrug It Off","floor":15,"key":"SMITH"},{"floor":23,"key":"REST"},{"floor":25,"key":"REST"},{"floor":27,"key":"REST"},{"floor":32,"key":"REST"}],"neow_cost":"NO_GOLD","seed_source_timestamp":524503066348044,"circlet_count":0,"master_deck":["Strike_R","Strike_R","Strike_R","Defend_R","Defend_R","Defend_R","Bash","Dropkick","Clash","Rampage+1","Bludgeon+1","Shrug It Off+1","Immolate","Cleave+1","Disarm","Battle Trance"],"relics":["Burning Blood","Calipers","Paper Frog","Juzu Bracelet","Bronze Scales","Fusion Hammer","Vajra"],"potions_floor_usage":[16,16,24,33,33,33],"damage_taken":[{"damage":6,"enemies":"Cultist","floor":1,"turns":4},{"damage":6,"enemies":"Small Slimes","floor":2,"turns":4},{"damage":7,"enemies":"Jaw Worm","floor":3,"turns":3},{"damage":14,"enemies":"3 Louse","floor":4,"turns":3},{"damage":16,"enemies":"Gremlin Nob","floor":7,"turns":3},{"damage":6,"enemies":"Exordium Thugs","floor":14,"turns":3},{"damage":23,"enemies":"Slime Boss","floor":16,"turns":7},{"damage":21,"enemies":"Shell Parasite","floor":18,"turns":3},{"damage":18,"enemies":"3 Byrds","floor":20,"turns":4},{"damage":22,"enemies":"Snake Plant","floor":22,"turns":2},{"damage":0,"enemies":"Snecko","floor":24,"turns":2},{"damage":36,"enemies":"Slaver and Parasite","floor":28,"turns":3},{"damage":12,"enemies":"Chosen and Byrds","floor":29,"turns":4},{"damage":80,"enemies":"Champ","floor":33,"turns":6}],"seed_played":"8427540920093512735","potions_obtained":[{"floor":1,"key":"Block Potion"},{"floor":2,"key":"SteroidPotion"},{"floor":3,"key":"EssenceOfSteel"},{"floor":22,"key":"Regen Potion"},{"floor":28,"key":"LiquidBronze"},{"floor":29,"key":"FearPotion"}],"is_trial":false,"path_per_floor":["M","M","M","M","?","R","E","R","T","$","?","$","R","M","R","B",null,"M","?","M","?","M","R","M","R","T","R","M","M","$","?","R"],"character_chosen":"IRONCLAD","items_purchased":["Bronze Scales"],"campfire_rested":5,"item_purchase_floors":[10],"current_hp_per_floor":[80,80,79,71,60,80,70,70,70,70,75,75,75,75,75,58,85,70,70,58,58,42,67,78,85,85,85,55,49,49,49,74,0],"gold":105,"neow_bonus":"ONE_RARE_RELIC","is_prod":false,"is_daily":false,"chose_seed":false,"campfire_upgraded":3,"win_rate":0,"timestamp":1530408592,"path_taken":["M","M","M","?","?","R","E","R","T","?","?","$","R","M","R","BOSS","M","?","M","?","M","R","M","R","T","R","M","M","$","?","R","BOSS"],"build_version":"2018-06-28","purchased_purges":2,"victory":false,"max_hp_per_floor":[80,80,80,80,80,80,80,80,80,80,85,85,85,85,85,85,85,85,85,85,85,85,85,85,85,85,85,85,85,85,85,85,85],"card_choices":[{"not_picked":["Cleave","Bloodletting"],"picked":"Dropkick","floor":1},{"not_picked":["Fire Breathing","Shockwave"],"picked":"Clash","floor":2},{"not_picked":["Iron Wave","Clash"],"picked":"Rampage","floor":3},{"not_picked":["Havoc","Flex"],"picked":"Bludgeon","floor":4},{"not_picked":["Anger","Body Slam"],"picked":"Shrug It Off","floor":7},{"not_picked":["Thunderclap","Wild Strike","Clash"],"picked":"SKIP","floor":14},{"not_picked":["Brutality","Berserk"],"picked":"Immolate","floor":16},{"not_picked":["Clash","Combust+1","Heavy Blade+1"],"picked":"SKIP","floor":18},{"not_picked":["Fire Breathing+1","Body Slam"],"picked":"Cleave+1","floor":20},{"not_picked":["Fire Breathing","Pommel Strike+1","Wild Strike+1"],"picked":"SKIP","floor":22},{"not_picked":["Twin Strike","Clash"],"picked":"Disarm","floor":24},{"not_picked":["Spot Weakness","Disarm"],"picked":"Battle Trance","floor":28},{"not_picked":["Perfected Strike","Heavy Blade+1","Entrench"],"picked":"SKIP","floor":29}],"player_experience":878903,"relics_obtained":[{"floor":7,"key":"Paper Frog"},{"floor":9,"key":"Juzu Bracelet"},{"floor":26,"key":"Vajra"}],"event_choices":[{"event_name":"World of Goop","player_choice":"Gather Gold","floor":5,"damage_taken":0},{"event_name":"Big Fish","player_choice":"Donut","floor":11,"damage_taken":0},{"event_name":"Accursed Blacksmith","player_choice":"Ignore","floor":19,"damage_taken":0},{"event_name":"Ghosts","player_choice":"Ignored","floor":21,"damage_taken":0},{"event_name":"Back to Basics","player_choice":"Elegance","floor":31,"damage_taken":0}],"boss_relics":[{"not_picked":["White Beast Statue","Orrery"],"picked":"Fusion Hammer"}],"items_purged_floors":[10,30],"is_endless":false,"potions_floor_spawned":[1,2,3,22,28,29],"killed_by":"Champ","ascension_level":4}