{"gold_per_floor":[114,132,150,150,150,150,150,167,193,114,145,145,163,163],"floor_reached":14,"playtime":402,"items_purged":[],"score":153,"play_id":"867367d9-5778-4e9f-a396-5f4d5c005c9f","local_time":"20181116131710","is_ascension_mode":true,"campfire_choices":[{"floor":6.0,"key":"RECALL"},{"floor":12.0,"key":"REST"}],"neow_cost":"NONE","seed_source_timestamp":35505309981780,"circlet_count":0,"master_deck":["AscendersBane","Defend_G","Defend_G","Defend_G","Defend_G","Defend_G","Strike_G","Strike_G","Strike_G","Strike_G","Survivor","Neutralize","Backflip","Blur","Cloak And Dagger","Cloak And Dagger","Noxious Fumes","Predator","Sucker Punch"],"special_seed":0,"relics":["Ring of the Snake","NeowsBlessing","Juzu Bracelet"],"potions_floor_usage":[14],"damage_taken":[{"damage":0.0,"enemies":"2 Louse","floor":1.0,"turns":1.0},{"damage":0.0,"enemies":"Small Slimes","floor":2.0,"turns":1.0},{"damage":0.0,"enemies":"Cultist","floor":3.0,"turns":1.0},{"damage":10.0,"enemies":"3 Louse","floor":8.0,"turns":5.0},{"damage":43.0,"enemies":"Lagavulin","floor":11.0,"turns":10.0},{"damage":4.0,"enemies":"Blue Slaver","floor":13.0,"turns":4.0},{"damage":49,"enemies":"Gremlin Nob","floor":14,"turns":5}],"seed_played":"-3155968333607693069","potions_obtained":[{"floor":11.0,"key":"Poison Potion"},{"floor":13.0,"key":"Ancient Potion"}],"is_trial":false,"path_per_floor":["M","M","M","?","?","R","?","M","T","$","E","R","M","E"],"character_chosen":"THE_SILENT","items_purchased":["Noxious Fumes"],"campfire_rested":1,"item_purchase_floors":[10],"current_hp_per_floor":[59,59,59,59,64,64,64,54,54,54,11,32,28,0],"gold":163,"neow_bonus":"THREE_ENEMY_KILL","is_prod":false,"is_daily":false,"chose_seed":false,"campfire_upgraded":0,"win_rate":0,"timestamp":1542392230,"path_taken":["M","M","M","?","?","R","?","M","T","$","E","R","M","E"],"build_version":"2018-11-15","purchased_purges":0,"victory":false,"max_hp_per_floor":[66,66,66,66,71,71,71,71,71,71,71,71,71,71],"card_choices":[{"not_picked":["Poisoned Stab","Leg Sweep"],"picked":"Backflip","floor":1.0},{"not_picked":["Reflex","Prepared"],"picked":"Blur","floor":2.0},{"not_picked":["Backflip","PiercingWail"],"picked":"Cloak And Dagger","floor":3.0},{"not_picked":["Dodge and Roll","Bane"],"picked":"Cloak And Dagger","floor":8.0},{"not_picked":["Endless Agony","Night Terror"],"picked":"Predator","floor":11.0},{"not_picked":["Flechettes","Slice"],"picked":"Sucker Punch","floor":13.0}],"player_experience":1714572,"relics_obtained":[{"floor":11.0,"key":"Juzu Bracelet"}],"event_choices":[{"damage_healed":0.0,"max_hp_gain":0.0,"max_hp_loss":0.0,"gold_gain":0.0,"event_name":"Liars Game","player_choice":"Ignored","floor":4.0,"gold_loss":0.0,"damage_taken":0.0},{"damage_healed":0.0,"max_hp_gain":5.0,"max_hp_loss":0.0,"gold_gain":0.0,"event_name":"Big Fish","player_choice":"Donut","floor":5.0,"gold_loss":0.0,"damage_taken":0.0},{"cards_removed":["Strike_G"],"damage_healed":0.0,"max_hp_gain":0.0,"max_hp_loss":0.0,"gold_gain":0.0,"event_name":"Bonfire Elementals","player_choice":"Offered Basic","floor":7.0,"gold_loss":0.0,"damage_taken":0.0}],"is_beta":false,"boss_relics":[],"items_purged_floors":[],"is_endless":false,"potions_floor_spawned":[11,13],"killed_by":"Gremlin Nob","ascension_level":14}