{"path_per_floor":["M","M","M","M","M","R","T","M","T","M","$","?","M","M","R","B",null,"M","$","M","?","M","R","M","?","T","M","E","M","M","M","R"],"character_chosen":"THE_SILENT","items_purchased":["Apotheosis","Underhanded Strike","Dagger Spray"],"gold_per_floor":[110,125,141,153,173,173,173,191,217,229,16,16,28,39,39,140,140,152,2,17,49,65,65,76,76,76,96,130,149,167,182,182,182],"floor_reached":33,"campfire_rested":2,"playtime":3764,"item_purchase_floors":[],"current_hp_per_floor":[70,70,70,65,60,60,60,40,40,40,40,40,40,37,58,33,70,66,66,66,66,63,63,63,63,63,49,36,34,46,47,68,0],"items_purged":["Strike_G"],"gold":182,"score":269,"play_id":"8e5095bd-29bf-42ca-87ad-aeaad110bafd","local_time":"20180524212539","is_prod":false,"is_daily":false,"chose_seed":false,"is_ascension_mode":false,"campfire_upgraded":2,"win_rate":0.0,"timestamp":1527211539,"campfire_choices":[{"data":"Backflip","floor":6.0,"key":"SMITH"},{"floor":15.0,"key":"REST"},{"data":"Apotheosis","floor":23,"key":"SMITH"},{"floor":32,"key":"REST"}],"path_taken":["M","?","M","M","M","R","?","?","T","M","$","?","M","M","R","BOSS","M","$","M","?","M","R","M","?","T","M","E","?","M","M","R","BOSS"],"build_version":"2018-05-24","seed_source_timestamp":0,"purchased_purges":1,"victory":false,"master_deck":["Defend_G","Defend_G","Defend_G","Defend_G","Defend_G","Strike_G","Strike_G","Strike_G","Strike_G","Survivor","Neutralize","Underhanded Strike","Flying Knee","Backflip+1","Flying Knee","Terror","Underhanded Strike","Dagger Spray","Apotheosis+1","Dodge and Roll","Acrobatics","Tools of the Trade","Choke","Underhanded Strike","Dagger Spray","Eviscerate+1","Escape Plan","Dash","Tools of the Trade","Doubt","Expertise","Endless Agony","Flying Knee+1","Distraction"],"max_hp_per_floor":[70,70,70,70,70,70,70,70,70,70,70,70,70,70,70,70,70,70,70,70,70,70,70,70,70,70,70,70,70,70,70,70,70],"relics":["Ring of the Snake","NeowsBlessing","Meat on the Bone","Pen Nib","Cursed Key","Red Mask","Lantern","Mummified Hand"],"card_choices":[{"not_picked":["PiercingWail","Skewer"],"picked":"Underhanded Strike","floor":1.0},{"not_picked":["Reflex","Flechettes"],"picked":"Flying Knee","floor":2.0},{"not_picked":["Riddle With Holes","Sucker Punch"],"picked":"Backflip","floor":3.0},{"not_picked":["Cloak And Dagger","Reflex"],"picked":"Flying Knee","floor":4.0},{"not_picked":["Doppelganger","Riddle With Holes"],"picked":"Terror","floor":5.0},{"not_picked":["Distraction","Poisoned Stab"],"picked":"Underhanded Strike","floor":8.0},{"not_picked":["Underhanded Strike","Dagger Throw"],"picked":"Dagger Spray","floor":10.0},{"not_picked":["Flying Knee","Blade Dance"],"picked":"Dodge and Roll","floor":13.0},{"not_picked":["Cloak And Dagger","Predator"],"picked":"Acrobatics","floor":14.0},{"not_picked":["After Image","Doppelganger"],"picked":"Tools of the Trade","floor":16.0},{"not_picked":["Dagger Throw","Deadly Poison"],"picked":"Choke","floor":18.0},{"not_picked":["Outmaneuver+1","Finisher"],"picked":"Eviscerate+1","floor":20.0},{"not_picked":["Dodge and Roll","Skewer"],"picked":"Escape Plan","floor":21},{"not_picked":["Flying Knee","Deflect+1"],"picked":"Dash","floor":22},{"not_picked":["Slice","Finisher"],"picked":"Tools of the Trade","floor":24},{"not_picked":["Acrobatics","Deflect"],"picked":"Expertise","floor":27},{"not_picked":["Acrobatics","Sucker Punch"],"picked":"Endless Agony","floor":28},{"not_picked":["Deadly Poison+1","Cloak And Dagger"],"picked":"Flying Knee+1","floor":29},{"not_picked":["Envenom","Leg Sweep"],"picked":"Distraction","floor":30},{"not_picked":["Heel Hook","Distraction","Crippling Poison"],"picked":"SKIP","floor":31}],"player_experience":111609,"potions_floor_usage":[21,31],"damage_taken":[{"damage":0.0,"enemies":"Cultist","floor":1.0,"turns":1.0},{"damage":0.0,"enemies":"Jaw Worm","floor":2.0,"turns":1.0},{"damage":0.0,"enemies":"Small Slimes","floor":3.0,"turns":1.0},{"damage":5.0,"enemies":"2 Fungi Beasts","floor":4.0,"turns":5.0},{"damage":5.0,"enemies":"Blue Slaver","floor":5.0,"turns":4.0},{"damage":20.0,"enemies":"Looter","floor":8.0,"turns":3.0},{"damage":12.0,"enemies":"3 Louse","floor":10.0,"turns":4.0},{"damage":0.0,"enemies":"Gremlin Gang","floor":13.0,"turns":4.0},{"damage":3.0,"enemies":"Blue Slaver","floor":14.0,"turns":4.0},{"damage":37.0,"enemies":"The Guardian","floor":16.0,"turns":10.0},{"damage":4.0,"enemies":"Shell Parasite","floor":18.0,"turns":4.0},{"damage":0.0,"enemies":"Chosen","floor":20.0,"turns":4.0},{"damage":0,"enemies":"Masked Bandits","floor":21,"turns":3},{"damage":3,"enemies":"Snake Plant","floor":22,"turns":4},{"damage":0,"enemies":"Snecko","floor":24,"turns":3},{"damage":14,"enemies":"Chosen and Byrds","floor":27,"turns":4},{"damage":25,"enemies":"Slavers","floor":28,"turns":4},{"damage":14,"enemies":"Centurion and Healer","floor":29,"turns":3},{"damage":0,"enemies":"Snecko","floor":30,"turns":2},{"damage":11,"enemies":"Cultist and Chosen","floor":31,"turns":7},{"damage":71,"enemies":"Champ","floor":33,"turns":11}],"relics_obtained":[{"floor":7.0,"key":"Meat on the Bone"},{"floor":9.0,"key":"Pen Nib"},{"floor":21,"key":"Red Mask"},{"floor":26,"key":"Lantern"},{"floor":28,"key":"Mummified Hand"}],"event_choices":[{"event_name":"The Cleric","player_choice":"Leave","floor":12.0,"damage_taken":0.0},{"event_name":"Masked Bandits","player_choice":"Fought over 17 gold","floor":21,"damage_taken":0},{"event_name":"Vampires","player_choice":"Ignored","floor":25,"damage_taken":0}],"boss_relics":[],"items_purged_floors":[],"potions_floor_spawned":[2,5,8,18,20,30],"seed_played":"6779685638561642992","killed_by":"Champ","ascension_level":0,"potions_obtained":[{"floor":2.0,"key":"LiquidBronze"},{"floor":5.0,"key":"AttackPotion"},{"floor":8.0,"key":"PowerPotion"},{"floor":18.0,"key":"AttackPotion"},{"floor":20.0,"key":"Energy Potion"},{"floor":30,"key":"AttackPotion"}],"is_trial":false}