{"path_per_floor":["M","M","M","$","M","R","E","R","T","R","E","M","?","?","R","B",null,"M","?","?","?","?","R","E","$","T","E","?","M","R","M","R","B",null,"M","?","?","?","M","E","R","M","T","R","M","$","R","$","R","B"],"character_chosen":"IRONCLAD","items_purchased":["Apotheosis","Pear","Dodecahedron","Iron Wave"],"gold_per_floor":[211,231,244,43,59,59,86,86,112,112,137,155,330,354,354,450,450,417,417,417,516,439,439,471,136,136,161,76,87,87,104,104,203,203,214,214,214,214,234,266,266,286,360,360,375,130,130,54,54,54],"floor_reached":51,"campfire_rested":2,"playtime":4625,"item_purchase_floors":[4,25,46,48],"current_hp_per_floor":[80,80,80,80,80,80,62,62,62,62,68,69,69,63,63,27,87,86,86,86,86,86,86,41,51,51,78,78,80,80,90,90,84,97,97,103,103,103,110,52,100,97,97,97,107,107,107,107,111,7],"items_purged":["Injury","Strike_R"],"gold":54,"score":908,"play_id":"a4940f7a-28b9-406f-bce8-905c996d470c","local_time":"20180626012729","is_prod":false,"is_daily":false,"chose_seed":false,"is_ascension_mode":true,"campfire_upgraded":9,"win_rate":0,"timestamp":1529969249,"campfire_choices":[{"data":"Apotheosis","floor":6,"key":"SMITH"},{"data":"Flame Barrier","floor":8,"key":"SMITH"},{"data":"Reaper","floor":10,"key":"SMITH"},{"data":"Burning Pact","floor":15,"key":"SMITH"},{"data":"J.A.X.","floor":23,"key":"SMITH"},{"data":"Reaper","floor":30,"key":"SMITH"},{"data":"True Grit","floor":32,"key":"SMITH"},{"floor":41,"key":"REST"},{"data":"Sentinel","floor":44,"key":"SMITH"},{"data":"Iron Wave","floor":47,"key":"SMITH"},{"floor":49,"key":"REST"}],"path_taken":["M","M","?","$","M","R","E","R","T","R","E","M","?","?","R","BOSS","M","?","?","?","?","R","E","$","T","E","?","M","R","M","R","BOSS","M","?","?","?","M","E","R","M","T","R","M","$","R","$","R","BOSS"],"build_version":"2018-06-21","seed_source_timestamp":289313521259142,"purchased_purges":2,"circlet_count":0,"victory":true,"master_deck":["Strike_R","Strike_R","Strike_R","Defend_R","Defend_R","Defend_R+1","Bash","Flame Barrier+1","Twin Strike","Sentinel+1","Apotheosis+1","Impervious","Reaper+1","True Grit+1","Burning Pact+1","Battle Trance+1","Reaper+1","True Grit+1","J.A.X.+1","Thunderclap","Sentinel","Infernal Blade","Sever Soul+1","Iron Wave+1","Iron Wave"],"max_hp_per_floor":[80,80,80,80,80,80,80,80,80,80,87,87,87,87,87,87,87,87,87,87,87,87,87,87,97,97,97,97,97,97,97,97,97,97,97,111,111,111,111,111,111,111,111,111,111,111,111,111,111,111],"relics":["Burning Blood","Juzu Bracelet","Vajra","Strawberry","Odd Mushroom","Busted Crown","War Paint","Pear","Pen Nib","Red Skull","Regal Pillow","Runic Pyramid","Mango","Smiling Mask","Ornamental Fan","Dodecahedron"],"card_choices":[{"not_picked":["Sword Boomerang","Body Slam"],"picked":"Flame Barrier","floor":1},{"not_picked":["Perfected Strike","Havoc"],"picked":"Twin Strike","floor":2},{"not_picked":["Armaments","Bloodletting"],"picked":"Sentinel","floor":3},{"not_picked":["Anger","Perfected Strike"],"picked":"Impervious","floor":5},{"not_picked":["Clothesline","Inflame"],"picked":"Reaper","floor":7},{"not_picked":["Shockwave","Body Slam"],"picked":"True Grit","floor":11},{"not_picked":["Thunderclap","Heavy Blade"],"picked":"Burning Pact","floor":12},{"not_picked":["Flex","Disarm"],"picked":"Battle Trance","floor":14},{"not_picked":["Immolate","Exhume"],"picked":"Reaper","floor":16},{"not_picked":[],"picked":"True Grit","floor":18},{"not_picked":[],"picked":"Thunderclap","floor":24},{"not_picked":[],"picked":"Sentinel","floor":27},{"not_picked":["Anger"],"picked":"SKIP","floor":29},{"not_picked":[],"picked":"Infernal Blade","floor":31},{"not_picked":["Clash"],"picked":"SKIP","floor":35},{"not_picked":[],"picked":"Sever Soul+1","floor":36},{"not_picked":["Havoc+1"],"picked":"SKIP","floor":39},{"not_picked":[],"picked":"Iron Wave","floor":40},{"not_picked":["Clash"],"picked":"SKIP","floor":42},{"not_picked":["Reckless Charge"],"picked":"SKIP","floor":45}],"player_experience":158158,"potions_floor_usage":[14,16,24,27,40,40,42,45,50],"damage_taken":[{"damage":1,"enemies":"Cultist","floor":1,"turns":3},{"damage":2,"enemies":"Jaw Worm","floor":2,"turns":4},{"damage":0,"enemies":"Small Slimes","floor":3,"turns":3},{"damage":2,"enemies":"Red Slaver","floor":5,"turns":6},{"damage":24,"enemies":"Gremlin Nob","floor":7,"turns":4},{"damage":12,"enemies":"Lagavulin","floor":11,"turns":9},{"damage":5,"enemies":"Looter","floor":12,"turns":3},{"damage":24,"floor":14,"turns":7},{"damage":42,"enemies":"Hexaghost","floor":16,"turns":15},{"damage":11,"enemies":"2 Thieves","floor":18,"turns":5},{"damage":54,"enemies":"Book of Stabbing","floor":24,"turns":8},{"damage":3,"enemies":"Gremlin Leader","floor":27,"turns":6},{"damage":7,"enemies":"Shell Parasite","floor":29,"turns":6},{"damage":5,"enemies":"Centurion and Healer","floor":31,"turns":5},{"damage":37,"enemies":"Collector","floor":33,"turns":9},{"damage":6,"enemies":"Orb Walker","floor":35,"turns":5},{"damage":20,"floor":36,"turns":7},{"damage":14,"enemies":"3 Shapes","floor":39,"turns":5},{"damage":73,"enemies":"Giant Head","floor":40,"turns":8},{"damage":22,"enemies":"Transient","floor":42,"turns":5},{"damage":15,"enemies":"Maw","floor":45,"turns":8},{"damage":138,"enemies":"Donu and Deca","floor":50,"turns":11}],"relics_obtained":[{"floor":7,"key":"Juzu Bracelet"},{"floor":9,"key":"Vajra"},{"floor":11,"key":"Strawberry"},{"floor":14,"key":"Odd Mushroom"},{"floor":24,"key":"War Paint"},{"floor":26,"key":"Pen Nib"},{"floor":27,"key":"Red Skull"},{"floor":36,"key":"Mango"},{"floor":40,"key":"Smiling Mask"},{"floor":43,"key":"Ornamental Fan"}],"event_choices":[{"event_name":"Liars Game","player_choice":"agreed","floor":13,"damage_taken":0},{"event_name":"Mushrooms","player_choice":"Fought Mushrooms","floor":14,"damage_taken":0},{"event_name":"Accursed Blacksmith","player_choice":"Forge","floor":19,"damage_taken":0},{"event_name":"Back to Basics","player_choice":"Elegance","floor":20,"damage_taken":0},{"event_name":"Nest","player_choice":"Stole From Cult","floor":21,"damage_taken":0},{"event_name":"Drug Dealer","player_choice":"Got JAXXED","floor":22,"damage_taken":0},{"event_name":"Addict","player_choice":"Obtained Relic","floor":28,"damage_taken":0},{"event_name":"MindBloom","player_choice":"Fight","floor":36,"damage_taken":0},{"event_name":"Purifier","player_choice":"One Purge","floor":37,"damage_taken":0},{"event_name":"Falling","player_choice":"Removed Skill","floor":38,"damage_taken":0}],"boss_relics":[{"not_picked":["Fusion Hammer","Pandora\u0027s Box"],"picked":"Busted Crown"},{"not_picked":["Astrolabe","Calling Bell"],"picked":"Runic Pyramid"}],"items_purged_floors":[25,48],"is_endless":false,"potions_floor_spawned":[1,14,16,24,27,29,31,39,42,45],"seed_played":"1221692513786596115","ascension_level":4,"potions_obtained":[{"floor":1,"key":"Weak Potion"},{"floor":14,"key":"Block Potion"},{"floor":16,"key":"Energy Potion"},{"floor":24,"key":"Strength Potion"},{"floor":27,"key":"Block Potion"},{"floor":29,"key":"Energy Potion"},{"floor":31,"key":"FearPotion"},{"floor":42,"key":"SkillPotion"},{"floor":45,"key":"FearPotion"}],"is_trial":false}