{"gold_per_floor":[109,109,35,35,35,67,67,97,97,97,111,122,122,138,138,138],"floor_reached":16,"playtime":680,"items_purged":[],"score":108,"play_id":"9e792098-7066-4ca3-8de3-c7e0a4c42fa1","local_time":"20190206213724","is_ascension_mode":false,"campfire_choices":[{"floor":7,"key":"REST"},{"data":"Survivor","floor":10,"key":"SMITH"},{"floor":15,"key":"REST"}],"neow_cost":"NONE","seed_source_timestamp":31681552447415,"circlet_count":0,"master_deck":["Defend_G","Defend_G","Defend_G","Defend_G","Strike_G","Strike_G","Strike_G","Strike_G","Survivor+1","Neutralize+1","Blur","Predator+1","Iron Wave"],"relics":["Busted Crown","Molten Egg 2","Thread and Needle","Gremlin Horn"],"potions_floor_usage":[8,16,16],"damage_taken":[{"damage":0,"enemies":"2 Louse","floor":1,"turns":3},{"damage":47,"enemies":"Gremlin Nob","floor":6,"turns":7},{"damage":12,"enemies":"3 Sentries","floor":8,"turns":10},{"damage":0,"enemies":"Small Slimes","floor":11,"turns":4},{"damage":0,"enemies":"Jaw Worm","floor":12,"turns":4},{"damage":0,"enemies":"Gremlin Gang","floor":14,"turns":4},{"damage":49,"enemies":"Hexaghost","floor":16,"turns":18}],"seed_played":"-9174698695507165647","potions_obtained":[{"floor":1,"key":"PowerPotion"},{"floor":12,"key":"Block Potion"},{"floor":14,"key":"GamblersBrew"}],"is_trial":false,"path_per_floor":["M","?","$","?","?","E","R","E","T","R","M","M","?","M","R","B"],"character_chosen":"THE_SILENT","items_purchased":["Blur"],"campfire_rested":2,"item_purchase_floors":[3],"current_hp_per_floor":[70,63,63,63,63,16,37,25,25,25,25,25,25,25,46,0],"gold":138,"neow_bonus":"BOSS_RELIC","is_prod":false,"is_daily":false,"chose_seed":false,"campfire_upgraded":1,"win_rate":0.0,"timestamp":1549485444,"path_taken":["M","?","$","?","?","E","R","E","T","R","M","?","?","M","R","BOSS"],"build_version":"2019-01-23","purchased_purges":0,"victory":false,"max_hp_per_floor":[70,70,70,70,70,70,70,70,70,70,70,70,70,70,70,70],"card_choices":[{"not_picked":[],"picked":"Reflex","floor":1},{"not_picked":["Crippling Poison"],"picked":"SKIP","floor":6},{"not_picked":["Outmaneuver"],"picked":"SKIP","floor":8},{"not_picked":["Tactician"],"picked":"SKIP","floor":11},{"not_picked":[],"picked":"Predator+1","floor":12},{"not_picked":["Eviscerate+1"],"picked":"SKIP","floor":14}],"player_experience":2483,"relics_obtained":[{"floor":6,"key":"Molten Egg 2"},{"floor":8,"key":"Thread and Needle"},{"floor":9,"key":"Gremlin Horn"}],"event_choices":[{"cards_removed":["Reflex"],"damage_healed":0,"gold_gain":0,"player_choice":"Card Removal","damage_taken":7,"max_hp_gain":0,"max_hp_loss":0,"event_name":"Golden Wing","floor":2,"gold_loss":0},{"damage_healed":0,"gold_gain":0,"player_choice":"Grow","damage_taken":0,"max_hp_gain":0,"max_hp_loss":0,"event_name":"Living Wall","floor":4,"gold_loss":0,"cards_upgraded":["Neutralize"]},{"cards_removed":["Defend_G"],"damage_healed":0,"gold_gain":0,"player_choice":"Purged","damage_taken":0,"max_hp_gain":0,"max_hp_loss":0,"event_name":"Purifier","floor":5,"gold_loss":0},{"cards_removed":["Strike_G"],"damage_healed":0,"gold_gain":0,"player_choice":"Took Card","damage_taken":0,"max_hp_gain":0,"max_hp_loss":0,"event_name":"NoteForYourself","floor":13,"gold_loss":0,"cards_obtained":["Iron Wave"]}],"is_beta":false,"boss_relics":[],"items_purged_floors":[],"is_endless":false,"potions_floor_spawned":[1,12,14],"killed_by":"Hexaghost","ascension_level":0}