{"gold_per_floor":[114,114,78,78,98,98,129,129,129,58,86,86,102,114,114,217,217,236,248,267,366,366,366,366,385,409,409],"floor_reached":27,"playtime":1302,"items_purged":[],"score":246,"play_id":"ef897a76-bb96-4043-8fb2-6f6961c0f2e5","local_time":"20190119192712","is_ascension_mode":false,"campfire_choices":[{"data":"Zap","floor":6,"key":"SMITH"},{"data":"Static Discharge","floor":15,"key":"SMITH"},{"data":"Loop","floor":23,"key":"SMITH"}],"neow_cost":"NONE","seed_source_timestamp":698729893046431,"circlet_count":0,"master_deck":["Strike_B","Strike_B","Defend_B","Defend_B","Defend_B","Defend_B","Zap+1","Static Discharge+1","Consume","Lockon","Consume","Loop+1","Rebound","Reinforced Body","Rip and Tear","Rainbow","Reinforced Body+1","Aggregate+1","Fission+1","Lockon","Ball Lightning+1","Sunder+1","Rebound+1"],"relics":["Cracked Core","NeowsBlessing","Girya","Kunai","Pen Nib","Astrolabe","Ancient Tea Set"],"potions_floor_usage":[11,16,16,25],"damage_taken":[{"damage":0,"enemies":"Small Slimes","floor":1,"turns":1},{"damage":0,"enemies":"2 Louse","floor":5,"turns":1},{"damage":0,"enemies":"Gremlin Nob","floor":7,"turns":1},{"damage":35,"enemies":"3 Sentries","floor":11,"turns":4},{"damage":11,"enemies":"Jaw Worm","floor":13,"turns":3},{"damage":0,"enemies":"Large Slime","floor":14,"turns":4},{"damage":21,"enemies":"Slime Boss","floor":16,"turns":8},{"damage":15,"enemies":"3 Byrds","floor":18,"turns":3},{"damage":5,"enemies":"Chosen","floor":19,"turns":3},{"damage":14,"enemies":"Snake Plant","floor":20,"turns":2},{"damage":25,"enemies":"Cultist and Chosen","floor":25,"turns":5},{"damage":14,"enemies":"Centurion and Healer","floor":27,"turns":2}],"seed_played":"-2606844939089389543","potions_obtained":[{"floor":5,"key":"FocusPotion"},{"floor":7,"key":"Poison Potion"},{"floor":13,"key":"GamblersBrew"},{"floor":14,"key":"SkillPotion"},{"floor":16,"key":"AttackPotion"},{"floor":20,"key":"EntropicBrew"}],"is_trial":false,"path_per_floor":["M","?","$","?","M","R","E","?","T","$","E","?","M","M","R","B",null,"M","M","M","?","?","R","?","M","T","M"],"character_chosen":"DEFECT","items_purchased":["Consume","Loop"],"campfire_rested":0,"item_purchase_floors":[3,10],"current_hp_per_floor":[75,75,75,80,80,80,80,80,80,80,45,80,69,69,69,48,80,65,60,46,46,46,46,38,13,13,0],"gold":409,"neow_bonus":"THREE_ENEMY_KILL","is_prod":false,"is_daily":false,"chose_seed":false,"campfire_upgraded":3,"win_rate":0,"timestamp":1547954832,"path_taken":["M","?","$","?","M","R","E","?","T","?","E","?","M","M","R","BOSS","M","M","M","?","?","R","?","?","T","M"],"build_version":"2019-01-17v2","purchased_purges":0,"victory":false,"max_hp_per_floor":[75,75,75,80,80,80,80,80,80,80,80,80,80,80,80,80,80,80,80,80,80,80,80,80,80,80,80],"card_choices":[{"not_picked":["Sweeping Beam","Steam"],"picked":"Static Discharge","floor":1},{"not_picked":["Cold Snap","Rebound"],"picked":"Lockon","floor":5},{"not_picked":["Hologram","Skim"],"picked":"Consume","floor":7},{"not_picked":["Steam","Gash"],"picked":"Rebound","floor":11},{"not_picked":["Go for the Eyes","Coolheaded"],"picked":"Reinforced Body","floor":13},{"not_picked":["Steam","Streamline"],"picked":"Rip and Tear","floor":14},{"not_picked":["Meteor Strike","Machine Learning"],"picked":"Rainbow","floor":16},{"not_picked":["Steam","Beam Cell"],"picked":"Lockon","floor":18},{"not_picked":["Conserve Battery","Steam Power"],"picked":"Ball Lightning+1","floor":19},{"not_picked":["Gash","Reprogram"],"picked":"Sunder+1","floor":20},{"not_picked":["Cold Snap","Stack"],"picked":"Rebound+1","floor":25}],"player_experience":137213,"relics_obtained":[{"floor":7,"key":"Girya"},{"floor":9,"key":"Kunai"},{"floor":11,"key":"Pen Nib"},{"floor":26,"key":"Ancient Tea Set"}],"event_choices":[{"damage_healed":0,"gold_gain":0,"player_choice":"Leave","damage_taken":0,"max_hp_gain":0,"max_hp_loss":0,"event_name":"The Cleric","floor":2,"gold_loss":0},{"damage_healed":0,"gold_gain":0,"player_choice":"Donut","damage_taken":0,"max_hp_gain":5,"max_hp_loss":0,"event_name":"Big Fish","floor":4,"gold_loss":0},{"damage_healed":0,"gold_gain":0,"player_choice":"Ignored","damage_taken":0,"max_hp_gain":0,"max_hp_loss":0,"event_name":"Golden Wing","floor":8,"gold_loss":0},{"damage_healed":35,"gold_gain":0,"player_choice":"Full Heal","damage_taken":0,"max_hp_gain":0,"max_hp_loss":0,"event_name":"Wheel of Change","floor":12,"gold_loss":0},{"damage_healed":0,"gold_gain":99,"player_choice":"Stole From Cult","damage_taken":0,"max_hp_gain":0,"max_hp_loss":0,"event_name":"Nest","floor":21,"gold_loss":0},{"damage_healed":0,"gold_gain":0,"player_choice":"Ignored","damage_taken":0,"max_hp_gain":0,"max_hp_loss":0,"event_name":"The Mausoleum","floor":22,"gold_loss":0},{"damage_healed":0,"gold_gain":0,"player_choice":"","damage_taken":8,"max_hp_gain":0,"max_hp_loss":0,"event_name":"Knowing Skull","floor":24,"potions_obtained":[],"gold_loss":0,"cards_obtained":[]}],"is_beta":false,"boss_relics":[{"not_picked":["Runic Dome","Lizard Tail"],"picked":"Astrolabe"}],"items_purged_floors":[],"is_endless":false,"potions_floor_spawned":[5,7,13,14,16,20],"killed_by":"Centurion and Healer","ascension_level":0}