{"gold_per_floor":[111,126,126,126,146,146,165,181,257,285,302,302,302,313,313,387,387,404,417,467,62,62,62,9,9,91,91,106,116,116,133,133,133],"floor_reached":33,"playtime":1887,"items_purged":["Strike_B"],"score":477,"play_id":"31c36f2a-1178-4a8d-a150-66aac0d8a087","local_time":"20190101143719","is_ascension_mode":true,"campfire_choices":[{"data":"Zap","floor":6.0,"key":"SMITH"},{"data":"Beam Cell","floor":13.0,"key":"SMITH"},{"data":"Go for the Eyes","floor":15.0,"key":"SMITH"},{"floor":23.0,"key":"RECALL"},{"data":"Creative AI","floor":25.0,"key":"SMITH"},{"data":"BootSequence","floor":32.0,"key":"SMITH"}],"neow_cost":"NONE","seed_source_timestamp":1075411723822962,"circlet_count":0,"master_deck":["AscendersBane","Strike_B","Strike_B","Strike_B","Defend_B","Defend_B","Defend_B","Defend_B","Zap+1","Dualcast+1","FTL","Loop","Beam Cell+1","Steam","All For One","Reboot","Leap","Go for the Eyes+1","Creative AI+1","Storm+1","Steam","Coolheaded","Glacier","BootSequence+1","All For One","Steam+1"],"special_seed":0,"relics":["Coffee Dripper","Calipers","Lizard Tail","FossilizedHelix","Meat on the Bone"],"potions_floor_usage":[33,33],"damage_taken":[{"damage":4.0,"enemies":"2 Louse","floor":1.0,"turns":4.0},{"damage":1.0,"enemies":"Cultist","floor":2.0,"turns":4.0},{"damage":9.0,"enemies":"Jaw Worm","floor":5.0,"turns":4.0},{"damage":12.0,"enemies":"Exordium Thugs","floor":7.0,"turns":4.0},{"damage":1.0,"enemies":"Looter","floor":8.0,"turns":4.0},{"damage":6.0,"enemies":"Lagavulin","floor":10.0,"turns":4.0},{"damage":4.0,"enemies":"Red Slaver","floor":11.0,"turns":3.0},{"damage":3.0,"enemies":"Blue Slaver","floor":14.0,"turns":3.0},{"damage":7.0,"enemies":"Slime Boss","floor":16.0,"turns":7.0},{"damage":2.0,"enemies":"Shell Parasite","floor":18.0,"turns":4.0},{"damage":30.0,"enemies":"3 Byrds","floor":19.0,"turns":5.0},{"damage":0.0,"enemies":"Cultist and Chosen","floor":22.0,"turns":1.0},{"damage":12.0,"enemies":"Shelled Parasite and Fungi","floor":28.0,"turns":5.0},{"damage":18.0,"enemies":"Centurion and Healer","floor":29.0,"turns":7.0},{"damage":13.0,"enemies":"Snake Plant","floor":31.0,"turns":4.0},{"damage":86,"enemies":"Automaton","floor":33,"turns":16}],"seed_played":"-1049268686842565679","potions_obtained":[{"floor":1.0,"key":"Energy Potion"},{"floor":4.0,"key":"SmokeBomb"},{"floor":8.0,"key":"Weak Potion"},{"floor":11.0,"key":"Strength Potion"},{"floor":28.0,"key":"EssenceOfSteel"},{"floor":29.0,"key":"FearPotion"},{"floor":31.0,"key":"Regen Potion"}],"is_trial":false,"path_per_floor":["M","M","?","?","M","R","M","M","T","E","M","?","R","M","R","B",null,"M","M","?","$","M","R","$","R","T","?","M","M","?","M","R","B"],"character_chosen":"DEFECT","items_purchased":["FossilizedHelix","Coolheaded"],"campfire_rested":0,"item_purchase_floors":[21,24],"current_hp_per_floor":[60,59,71,71,62,62,50,49,49,43,39,39,39,36,36,29,61,59,29,29,29,29,29,29,29,29,29,29,23,23,22,22,0],"gold":133,"neow_bonus":"BOSS_RELIC","is_prod":false,"is_daily":false,"chose_seed":false,"campfire_upgraded":5,"win_rate":0,"timestamp":1546371439,"path_taken":["M","M","?","?","M","R","M","M","T","E","?","?","R","?","R","BOSS","M","M","?","$","M","R","?","R","T","?","M","M","?","M","R","BOSS"],"build_version":"2018-12-20","purchased_purges":1,"victory":false,"max_hp_per_floor":[71,71,71,71,71,71,71,71,71,71,71,71,71,71,71,71,71,71,71,71,71,71,71,71,71,71,71,71,71,71,71,71,71],"card_choices":[{"not_picked":["Streamline","Hologram"],"picked":"FTL","floor":1.0},{"not_picked":["Stack","Reinforced Body"],"picked":"Loop","floor":2.0},{"not_picked":["Hologram","Heatsinks"],"picked":"Beam Cell","floor":5.0},{"not_picked":["Barrage","Beam Cell"],"picked":"Steam","floor":7.0},{"not_picked":["Consume","Glacier"],"picked":"All For One","floor":8.0},{"not_picked":["Rebound","Turbo"],"picked":"Reboot","floor":10.0},{"not_picked":["Cold Snap","Hologram"],"picked":"Leap","floor":11.0},{"not_picked":["Skim","Barrage"],"picked":"Go for the Eyes","floor":14.0},{"not_picked":["Rainbow","Core Surge"],"picked":"Creative AI","floor":16.0},{"not_picked":["Compile Driver","Streamline"],"picked":"Storm+1","floor":18.0},{"not_picked":["Cold Snap","Loop"],"picked":"Steam","floor":19.0},{"not_picked":["Barrage+1","Compile Driver+1"],"picked":"Glacier","floor":28.0},{"not_picked":["Fusion+1","Skim"],"picked":"BootSequence","floor":29.0},{"not_picked":["Loop","Hologram"],"picked":"Steam+1","floor":31.0}],"player_experience":1982585,"relics_obtained":[{"floor":10.0,"key":"Calipers"},{"floor":26.0,"key":"Meat on the Bone"}],"event_choices":[{"damage_healed":23.0,"max_hp_gain":0.0,"max_hp_loss":0.0,"gold_gain":0.0,"event_name":"Big Fish","player_choice":"Banana","floor":3.0,"gold_loss":0.0,"damage_taken":0.0},{"damage_healed":0.0,"max_hp_gain":0.0,"max_hp_loss":0.0,"gold_gain":0.0,"event_name":"Lab","player_choice":"Got Potions","floor":4.0,"gold_loss":0.0,"damage_taken":0.0},{"damage_healed":0.0,"max_hp_gain":0.0,"max_hp_loss":0.0,"gold_gain":0.0,"event_name":"Accursed Blacksmith","player_choice":"Forge","floor":12.0,"gold_loss":0.0,"damage_taken":0.0,"cards_upgraded":["Dualcast"]},{"damage_healed":0.0,"max_hp_gain":0.0,"max_hp_loss":0.0,"gold_gain":50.0,"event_name":"Golden Shrine","player_choice":"Pray","floor":20.0,"gold_loss":0.0,"damage_taken":0.0},{"damage_healed":0.0,"max_hp_gain":0.0,"max_hp_loss":0.0,"gold_gain":0.0,"event_name":"The Mausoleum","player_choice":"Ignored","floor":27.0,"gold_loss":0.0,"damage_taken":0.0},{"damage_healed":0.0,"max_hp_gain":0.0,"max_hp_loss":0.0,"gold_gain":0.0,"event_name":"Duplicator","player_choice":"Copied","floor":30.0,"gold_loss":0.0,"damage_taken":0.0,"cards_obtained":["All For One"]}],"is_beta":false,"boss_relics":[{"not_picked":["Tiny House","Velvet Choker"],"picked":"Lizard Tail"}],"items_purged_floors":[21],"is_endless":false,"potions_floor_spawned":[1,5,8,11,28,29,31],"killed_by":"Automaton","ascension_level":18}