{"gold_per_floor":[114,129,304,319,269,269,140,170,220,235,265,280,280,310,310,410,410,425,440,455,380,380,380,410,11,11,26,56,56,71,101,101,201,201,216,231,246,346,96,96,126,141,141,171,21,21,51,66,66,66],"floor_reached":51,"playtime":2386,"items_purged":["Strike_G","Writhe"],"score":1090,"play_id":"e1a09a1d-72dd-481d-b2b5-731ab763d928","local_time":"20181214105215","daily_mods":["Specialized","Blue Cards","Binary"],"is_ascension_mode":false,"campfire_choices":[{"data":"Neutralize","floor":6,"key":"SMITH"},{"data":"Infinite Blades","floor":13,"key":"SMITH"},{"data":"Finisher","floor":15,"key":"SMITH"},{"data":"Glass Knife","floor":23,"key":"SMITH"},{"data":"Shame","floor":29,"key":"PURGE"},{"floor":32,"key":"REST"},{"data":"Noxious Fumes","floor":40,"key":"SMITH"},{"data":"Clumsy","floor":46,"key":"PURGE"},{"data":"FTL","floor":49,"key":"SMITH"}],"neow_cost":"","seed_source_timestamp":0,"circlet_count":0,"master_deck":["Defend_G","Defend_G","Defend_G","Defend_G","Defend_G","Survivor","Neutralize+1","FTL+1","FTL+1","FTL","FTL","FTL","Backstab","Predator","Leap","Cold Snap","Infinite Blades+1","Deadly Poison","Finisher+1","Glass Knife+1","Cold Snap+1","Noxious Fumes+1","Ball Lightning+1","Catalyst+1","Conserve Battery","Malaise","Burst","Go for the Eyes+1","Seek+1","Riddle With Holes+1","Bane+1","Hologram+1","PiercingWail+1"],"special_seed":17879,"relics":["Ring of the Snake","Ornamental Fan","Juzu Bracelet","Oddly Smooth Stone","Smiling Mask","Cursed Key","Calipers","FossilizedHelix","Peace Pipe","Bottled Lightning","Dream Catcher","Centennial Puzzle","Astrolabe","Gremlin Horn","Whetstone","Molten Egg 2","Boot","Strawberry","Toxic Egg 2"],"potions_floor_usage":[8,16,31,31,44,48,50,50],"damage_taken":[{"damage":0,"enemies":"Jaw Worm","floor":1,"turns":2},{"damage":0,"enemies":"2 Louse","floor":2,"turns":2},{"damage":0,"enemies":"Small Slimes","floor":4,"turns":2},{"damage":0,"enemies":"Lagavulin","floor":8,"turns":6},{"damage":0,"enemies":"Exordium Wildlife","floor":10,"turns":2},{"damage":3,"enemies":"3 Sentries","floor":11,"turns":6},{"damage":0,"enemies":"Blue Slaver","floor":12,"turns":2},{"damage":0,"enemies":"Lagavulin","floor":14,"turns":5},{"damage":0,"enemies":"Slime Boss","floor":16,"turns":4},{"damage":0,"enemies":"Shell Parasite","floor":18,"turns":3},{"damage":0,"enemies":"Spheric Guardian","floor":19,"turns":1},{"damage":6,"enemies":"Snake Plant","floor":20,"turns":4},{"damage":0,"enemies":"Gremlin Leader","floor":24,"turns":4},{"damage":4,"enemies":"Snecko","floor":27,"turns":4},{"damage":13,"enemies":"Slavers","floor":28,"turns":4},{"damage":0,"enemies":"Centurion and Healer","floor":30,"turns":4},{"damage":0,"enemies":"Book of Stabbing","floor":31,"turns":3},{"damage":17,"enemies":"Collector","floor":33,"turns":10},{"damage":0,"enemies":"3 Shapes","floor":35,"turns":4},{"damage":0,"enemies":"3 Darklings","floor":36,"turns":6},{"damage":0,"enemies":"Transient","floor":37,"turns":5},{"damage":0,"enemies":"Giant Head","floor":41,"turns":7},{"damage":0,"enemies":"Maw","floor":42,"turns":7},{"damage":11,"enemies":"Reptomancer","floor":44,"turns":3},{"damage":0,"enemies":"Nemesis","floor":47,"turns":5},{"damage":0,"enemies":"4 Shapes","floor":48,"turns":5},{"damage":7,"enemies":"Awakened One","floor":50,"turns":12}],"seed_played":"7066479884304422075","potions_obtained":[{"floor":2,"key":"Dexterity Potion"},{"floor":10,"key":"PowerPotion"},{"floor":11,"key":"AttackPotion"},{"floor":24,"key":"Swift Potion"},{"floor":28,"key":"AttackPotion"},{"floor":31,"key":"GamblersBrew"},{"floor":33,"key":"SteroidPotion"},{"floor":44,"key":"Ancient Potion"},{"floor":48,"key":"Fruit Juice"}],"is_trial":false,"path_per_floor":["M","M","?","M","?","R","$","E","T","M","E","M","R","E","R","B",null,"M","M","M","?","?","R","E","$","T","M","E","R","M","E","R","B",null,"M","M","M","?","$","R","E","M","T","E","$","R","E","M","R","B",null],"character_chosen":"THE_SILENT","items_purchased":["Leap","Peace Pipe","Ball Lightning","Gremlin Horn","Strawberry"],"campfire_rested":1,"item_purchase_floors":[7,25,25,39,45],"current_hp_per_floor":[70,70,70,70,70,70,70,70,70,70,67,67,67,67,67,67,70,70,70,64,64,64,64,64,64,64,60,47,47,47,47,68,51,70,70,70,70,70,70,70,70,70,70,59,66,66,66,71,71,64],"gold":66,"neow_bonus":"","is_prod":false,"is_daily":true,"chose_seed":false,"campfire_upgraded":6,"win_rate":0,"timestamp":1544781135,"path_taken":["M","M","?","M","?","R","$","E","T","M","E","M","R","E","R","BOSS","M","M","M","?","?","R","E","?","T","M","E","R","M","E","R","BOSS","M","M","M","?","?","R","E","M","T","E","$","R","E","M","R","BOSS"],"build_version":"2018-12-13","purchased_purges":2,"victory":true,"max_hp_per_floor":[70,70,70,70,70,70,70,70,70,70,70,70,70,70,70,70,70,70,70,70,70,70,70,70,70,70,70,70,70,70,70,70,70,70,70,70,70,70,70,70,70,70,70,70,77,77,77,82,82,82],"card_choices":[{"not_picked":["Coolheaded"],"picked":"Backstab","floor":1},{"not_picked":["Steam Power","Dagger Throw"],"picked":"SKIP","floor":2},{"not_picked":["Prepared"],"picked":"Predator","floor":4},{"not_picked":["Slice"],"picked":"Cold Snap","floor":8},{"not_picked":["Storm","Quick Slash"],"picked":"SKIP","floor":10},{"not_picked":["Leap"],"picked":"Infinite Blades","floor":11},{"not_picked":["Steam"],"picked":"Deadly Poison","floor":12},{"not_picked":["Hologram"],"picked":"Finisher","floor":14},{"not_picked":["Unload"],"picked":"Glass Knife","floor":16},{"not_picked":["Flying Knee+1","Sweeping Beam+1"],"picked":"SKIP","floor":18},{"not_picked":["Stack"],"picked":"Cold Snap+1","floor":19},{"not_picked":["Setup","Deadly Poison"],"picked":"SKIP","floor":20},{"not_picked":["Tactician"],"picked":"Noxious Fumes","floor":24},{"not_picked":["Force Field+1"],"picked":"Catalyst+1","floor":27},{"not_picked":["Dodge and Roll"],"picked":"Conserve Battery","floor":28},{"not_picked":["Flying Knee","Turbo"],"picked":"SKIP","floor":30},{"not_picked":["Gash"],"picked":"Malaise","floor":31},{"not_picked":["Night Terror"],"picked":"Burst","floor":33},{"not_picked":["Compile Driver","Barrage"],"picked":"SKIP","floor":35},{"not_picked":["Setup"],"picked":"Bane+1","floor":36},{"not_picked":["Tactician","Chaos"],"picked":"SKIP","floor":37},{"not_picked":["Rebound","Bullet Time"],"picked":"SKIP","floor":41},{"not_picked":["Rip and Tear"],"picked":"Hologram+1","floor":42},{"not_picked":["Underhanded Strike+1","Dodge and Roll"],"picked":"SKIP","floor":44},{"not_picked":["Heatsinks+1"],"picked":"PiercingWail+1","floor":47},{"not_picked":["Lockon+1","Darkness+1"],"picked":"SKIP","floor":48}],"player_experience":1795903,"relics_obtained":[{"floor":8,"key":"Ornamental Fan"},{"floor":9,"key":"Juzu Bracelet"},{"floor":11,"key":"Oddly Smooth Stone"},{"floor":14,"key":"Smiling Mask"},{"floor":24,"key":"FossilizedHelix"},{"floor":26,"key":"Bottled Lightning"},{"floor":28,"key":"Dream Catcher"},{"floor":31,"key":"Centennial Puzzle"},{"floor":41,"key":"Whetstone"},{"floor":43,"key":"Molten Egg 2"},{"floor":44,"key":"Boot"},{"floor":47,"key":"Toxic Egg 2"}],"event_choices":[{"damage_healed":0,"gold_gain":175,"player_choice":"AGREE","damage_taken":0,"max_hp_gain":0,"max_hp_loss":0,"event_name":"Liars Game","floor":3,"gold_loss":0,"cards_obtained":["Doubt"]},{"cards_removed":["Doubt"],"damage_healed":0,"gold_gain":0,"player_choice":"Card Removal","damage_taken":0,"max_hp_gain":0,"max_hp_loss":0,"event_name":"The Cleric","floor":5,"gold_loss":50},{"cards_removed":["Strike_G"],"damage_healed":0,"gold_gain":0,"player_choice":"Gave Gold","damage_taken":0,"max_hp_gain":0,"max_hp_loss":0,"event_name":"Beggar","floor":21,"gold_loss":75},{"damage_healed":0,"gold_gain":0,"player_choice":"Opened","damage_taken":0,"relics_obtained":["Calipers"],"max_hp_gain":0,"max_hp_loss":0,"event_name":"The Mausoleum","floor":22,"gold_loss":0,"cards_obtained":["Writhe"]},{"damage_healed":0,"gold_gain":100,"player_choice":"Pray","damage_taken":0,"max_hp_gain":0,"max_hp_loss":0,"event_name":"Golden Shrine","floor":38,"gold_loss":0}],"is_beta":false,"boss_relics":[{"not_picked":["Pandora\u0027s Box","Lizard Tail"],"picked":"Cursed Key"},{"not_picked":["Coffee Dripper","HoveringKite"],"picked":"Astrolabe"}],"items_purged_floors":[7,25],"is_endless":false,"potions_floor_spawned":[2,10,11,24,28,30,31,33,44,47,48],"ascension_level":0}