{"gold_per_floor":[114,129,144,36,51,81,81,111,136,151,166,196,196,56,56,156,156,171,221,236,266,166,196,196,211,211,241,283,145,160,190,190,290,290,305,320,335,356,1355,1385,1385,985,985,1015,1030,1045,1060,1090,1090,1090],"floor_reached":51,"playtime":3752,"items_purged":["Strike_R","Strike_G"],"score":1157,"play_id":"aae82eeb-d0ea-4dee-bf63-04817b478e4e","local_time":"20190111104437","daily_mods":["Chimera","ControlledChaos","DeadlyEvents"],"is_ascension_mode":false,"campfire_choices":[{"data":"Defragment","floor":7,"key":"SMITH"},{"data":"Capacitor","floor":15,"key":"SMITH"},{"data":"Creative AI","floor":24,"key":"SMITH"},{"data":"Seek","floor":32,"key":"SMITH"},{"floor":41,"key":"REST"},{"floor":49,"key":"REST"}],"neow_cost":"","seed_source_timestamp":0,"circlet_count":0,"master_deck":["Bash","Survivor","Zap","Strike_B","Defend_R","Defend_G","Defend_B","Defragment+1","Streamline","Conserve Battery","Glacier","White Noise","BootSequence","Self Repair","Sweeping Beam","Coolheaded","Capacitor+1","Glacier","Creative AI+1","Glacier+1","Seek+1","Biased Cognition+1","Consume","Double Energy+1","Skim+1","Storm+1"],"special_seed":17907,"relics":["Cracked Core","Frozen Eye","FossilizedHelix","Gremlin Horn","Orichalcum","Omamori","Ornamental Fan","Inserter","Frozen Egg 2","Anchor","Kunai","MawBank","Bag of Preparation","Dodecahedron","Fusion Hammer","Incense Burner","Blood Vial","Mummified Hand","Art of War","Pantograph","Pen Nib","Blue Candle"],"potions_floor_usage":[6,12,21,25,28,33,50],"damage_taken":[{"damage":3,"enemies":"Jaw Worm","floor":1,"turns":3},{"damage":2,"enemies":"Small Slimes","floor":2,"turns":3},{"damage":0,"enemies":"Cultist","floor":3,"turns":2},{"damage":7,"enemies":"Blue Slaver","floor":5,"turns":4},{"damage":27,"enemies":"Gremlin Nob","floor":6,"turns":6},{"damage":0,"enemies":"Lagavulin","floor":8,"turns":6},{"damage":0,"enemies":"Red Slaver","floor":10,"turns":3},{"damage":0,"enemies":"Looter","floor":11,"turns":3},{"damage":8,"enemies":"Gremlin Nob","floor":12,"turns":5},{"damage":0,"enemies":"Hexaghost","floor":16,"turns":10},{"damage":0,"enemies":"Spheric Guardian","floor":18,"turns":6},{"damage":6,"enemies":"3 Byrds","floor":20,"turns":7},{"damage":4,"enemies":"Book of Stabbing","floor":21,"turns":7},{"damage":13,"enemies":"Slavers","floor":23,"turns":6},{"damage":0,"enemies":"Shelled Parasite and Fungi","floor":25,"turns":6},{"damage":22,"enemies":"Gremlin Leader","floor":27,"turns":8},{"damage":0,"enemies":"Book of Stabbing","floor":28,"turns":7},{"damage":0,"enemies":"Cultist and Chosen","floor":30,"turns":5},{"damage":27,"enemies":"Slavers","floor":31,"turns":7},{"damage":0,"enemies":"Collector","floor":33,"turns":10},{"damage":0,"enemies":"3 Darklings","floor":35,"turns":5},{"damage":0,"enemies":"3 Shapes","floor":36,"turns":8},{"damage":0,"enemies":"Sphere and 2 Shapes","floor":37,"turns":4},{"damage":0,"enemies":"2 Orb Walkers","floor":38,"turns":5},{"damage":0,"enemies":"Nemesis","floor":40,"turns":7},{"damage":0,"enemies":"Reptomancer","floor":44,"turns":6},{"damage":0,"enemies":"Jaw Worm Horde","floor":45,"turns":5},{"damage":0,"enemies":"Spire Growth","floor":46,"turns":5},{"damage":0,"enemies":"3 Darklings","floor":47,"turns":7},{"damage":0,"enemies":"Nemesis","floor":48,"turns":9},{"damage":0,"enemies":"Donu and Deca","floor":50,"turns":4}],"seed_played":"3536575198636057260","potions_obtained":[{"floor":1,"key":"Poison Potion"},{"floor":6,"key":"SpeedPotion"},{"floor":11,"key":"FairyPotion"},{"floor":18,"key":"LiquidBronze"},{"floor":23,"key":"Regen Potion"},{"floor":27,"key":"LiquidBronze"},{"floor":31,"key":"Fire Potion"},{"floor":37,"key":"PowerPotion"},{"floor":44,"key":"SteroidPotion"}],"is_trial":false,"path_per_floor":["M","M","M","$","M","E","R","E","T","M","M","E","?","$","R","B",null,"M","?","M","E","$","E","R","M","T","E","E","$","M","E","R","B",null,"M","M","M","?","?","E","R","$","T","E","M","M","M","E","R","B",null],"character_chosen":"DEFECT","items_purchased":["Glacier","Capacitor","Glacier","Seek","Mummified Hand","Art of War"],"campfire_rested":2,"item_purchase_floors":[4,14,14,29,42,42],"current_hp_per_floor":[72,70,70,70,63,36,36,36,36,36,43,42,30,30,30,37,75,75,75,75,71,71,58,58,75,75,53,60,60,67,40,40,40,75,75,75,75,75,75,75,75,75,75,75,75,75,75,75,75,75],"gold":1090,"neow_bonus":"","is_prod":false,"is_daily":true,"chose_seed":false,"campfire_upgraded":4,"win_rate":0,"timestamp":1547199877,"path_taken":["M","M","M","$","M","E","R","E","T","M","M","E","?","$","R","BOSS","M","?","M","?","$","E","R","?","T","E","?","?","?","?","R","BOSS","M","M","M","?","?","E","R","?","T","?","M","M","M","E","R","BOSS"],"build_version":"2019-01-10","purchased_purges":2,"victory":true,"max_hp_per_floor":[75,75,75,75,75,75,75,75,75,75,75,75,75,75,75,75,75,75,75,75,75,75,75,75,75,75,75,75,75,75,75,75,75,75,75,75,75,75,75,75,75,75,75,75,75,75,75,75,75,75],"card_choices":[{"not_picked":["Reprogram","Leap"],"picked":"Defragment","floor":1},{"not_picked":["Aggregate","Gash"],"picked":"Streamline","floor":2},{"not_picked":["Turbo","Leap"],"picked":"Conserve Battery","floor":3},{"not_picked":["Static Discharge","Streamline"],"picked":"White Noise","floor":5},{"not_picked":["Scrape","Rebound","Barrage"],"picked":"SKIP","floor":6},{"not_picked":["Beam Cell","Melter"],"picked":"BootSequence","floor":8},{"not_picked":["Beam Cell","Compile Driver"],"picked":"Self Repair","floor":10},{"not_picked":["Redo","Beam Cell"],"picked":"Sweeping Beam","floor":11},{"not_picked":["Redo","Reprogram"],"picked":"Coolheaded","floor":12},{"not_picked":["Core Surge","Amplify"],"picked":"Creative AI","floor":16},{"not_picked":["Melter","Hologram","Ball Lightning+1"],"picked":"SKIP","floor":18},{"not_picked":["Ball Lightning","Hologram","Sweeping Beam"],"picked":"SKIP","floor":20},{"not_picked":["Streamline","Stack","Thunder Strike"],"picked":"SKIP","floor":21},{"not_picked":["Gash","Cold Snap+1"],"picked":"Glacier+1","floor":23},{"not_picked":["Cold Snap","Rebound","Rip and Tear"],"picked":"SKIP","floor":25},{"not_picked":["Capacitor+1","Rip and Tear","FTL+1"],"picked":"SKIP","floor":27},{"not_picked":["Ball Lightning","Cold Snap+1","Glacier"],"picked":"SKIP","floor":28},{"not_picked":["Capacitor+1","Coolheaded","Fusion"],"picked":"SKIP","floor":30},{"not_picked":["Skim","Lockon+1","Recycle"],"picked":"SKIP","floor":31},{"not_picked":["Reboot","Machine Learning+1"],"picked":"Biased Cognition+1","floor":33},{"not_picked":["Loop+1","Skim"],"picked":"Consume","floor":35},{"not_picked":["Compile Driver","Beam Cell","Reprogram+1"],"picked":"SKIP","floor":36},{"not_picked":["Streamline+1","Rip and Tear+1","Ball Lightning"],"picked":"SKIP","floor":37},{"not_picked":["Rip and Tear","Rebound"],"picked":"Double Energy+1","floor":38},{"not_picked":["Ball Lightning","Turbo","Cold Snap"],"picked":"SKIP","floor":40},{"not_picked":["Melter+1","Coolheaded","Double Energy+1"],"picked":"SKIP","floor":44},{"not_picked":["Static Discharge+1","Coolheaded"],"picked":"Skim+1","floor":45},{"not_picked":["Stack+1","Sweeping Beam","Meteor Strike"],"picked":"SKIP","floor":46},{"not_picked":["Conserve Battery+1","Sweeping Beam","Go for the Eyes"],"picked":"SKIP","floor":47},{"not_picked":["Compile Driver+1","Sunder"],"picked":"Storm+1","floor":48}],"player_experience":1863353,"relics_obtained":[{"floor":6,"key":"FossilizedHelix"},{"floor":8,"key":"Gremlin Horn"},{"floor":9,"key":"Orichalcum"},{"floor":12,"key":"Omamori"},{"floor":21,"key":"Frozen Egg 2"},{"floor":23,"key":"Anchor"},{"floor":26,"key":"Kunai"},{"floor":27,"key":"MawBank"},{"floor":28,"key":"Bag of Preparation"},{"floor":31,"key":"Dodecahedron"},{"floor":38,"key":"Incense Burner"},{"floor":40,"key":"Blood Vial"},{"floor":43,"key":"Pantograph"},{"floor":44,"key":"Pen Nib"},{"floor":48,"key":"Blue Candle"}],"event_choices":[{"damage_healed":0,"gold_gain":0,"player_choice":"Success","damage_taken":12,"relics_obtained":["Ornamental Fan"],"max_hp_gain":0,"max_hp_loss":0,"event_name":"Scrap Ooze","floor":13,"gold_loss":0},{"damage_healed":0,"gold_gain":100,"player_choice":"Bet on Murderer","damage_taken":0,"max_hp_gain":0,"max_hp_loss":0,"event_name":"The Joust","floor":19,"gold_loss":50},{"damage_healed":0,"gold_gain":0,"player_choice":"Fight","damage_taken":0,"max_hp_gain":0,"max_hp_loss":0,"event_name":"Mysterious Sphere","floor":38,"gold_loss":0},{"damage_healed":0,"gold_gain":999,"player_choice":"Gold","damage_taken":0,"max_hp_gain":0,"max_hp_loss":0,"event_name":"MindBloom","floor":39,"gold_loss":0,"cards_obtained":["Normality","Normality"]}],"is_beta":false,"boss_relics":[{"not_picked":["Empty Cage","FrozenCore"],"picked":"Inserter"},{"not_picked":["Black Star","Calling Bell"],"picked":"Fusion Hammer"}],"items_purged_floors":[4,22],"is_endless":false,"potions_floor_spawned":[1,6,11,18,23,27,31,37,44,46,48],"ascension_level":0}