{"path_per_floor":["M","?","?","M","M","R","E","R","T","$","M","R","M","M","R","B",null,"M","?","?","?","$"],"character_chosen":"IRONCLAD","items_purchased":["Metallicize","Reckless Charge","Wild Strike","Whetstone"],"gold_per_floor":[115,115,115,132,147,147,175,175,198,2,17,17,37,53,53,150,150,170,170,170,170,17,17],"floor_reached":23,"campfire_rested":1,"playtime":2597,"item_purchase_floors":[10,10,10,22],"current_hp_per_floor":[79,72,72,78,80,80,59,80,80,80,80,80,80,73,73,33,80,75,75,75,75,75,0],"items_purged":[],"gold":17,"score":189,"play_id":"bf6e7645-b516-48e8-978d-c2237b7bce74","local_time":"20180529204341","is_prod":false,"is_daily":false,"chose_seed":false,"is_ascension_mode":false,"campfire_upgraded":3,"win_rate":0,"timestamp":1527641021,"campfire_choices":[{"data":"Armaments","floor":6,"key":"SMITH"},{"floor":8,"key":"REST"},{"data":"Heavy Blade","floor":12,"key":"SMITH"},{"data":"Heavy Blade","floor":15,"key":"SMITH"}],"path_taken":["M","?","?","M","M","R","E","R","T","$","M","R","M","M","R","BOSS","M","?","?","?","$","E"],"build_version":"2018-05-24","seed_source_timestamp":186903614950452,"purchased_purges":0,"victory":false,"master_deck":["Strike_R+1","Strike_R+1","Strike_R+1","Strike_R+1","Defend_R+1","Defend_R+1","Defend_R+1","Defend_R+1","Bash+1","Juggernaut","Armaments+1","Heavy Blade+1","Heavy Blade+1","True Grit","Metallicize","Reckless Charge","Wild Strike+1","Spot Weakness","Thunderclap","Impervious","Perfected Strike+1"],"max_hp_per_floor":[80,80,80,80,80,80,80,80,80,80,80,80,80,80,80,80,80,80,80,80,80,80,80],"relics":["Burning Blood","Omamori","Art of War","Vajra","Mark of Pain","Whetstone"],"card_choices":[{"not_picked":["Sword Boomerang","Anger"],"picked":"Armaments","floor":1},{"not_picked":["Evolve","Rupture"],"picked":"Heavy Blade","floor":4},{"not_picked":["Dual Wield","True Grit"],"picked":"Heavy Blade","floor":5},{"not_picked":["Brutality","Clothesline"],"picked":"True Grit","floor":7},{"not_picked":["Battle Trance","Shrug It Off"],"picked":"Spot Weakness","floor":11},{"not_picked":["Headbutt","Sword Boomerang"],"picked":"Thunderclap","floor":13},{"not_picked":["Dual Wield","Havoc","Warcry"],"picked":"SKIP","floor":14},{"not_picked":["Exhume","Berserk"],"picked":"Impervious","floor":16},{"not_picked":["Uppercut","Pommel Strike"],"picked":"Perfected Strike+1","floor":18}],"player_experience":201371,"potions_floor_usage":[7,16,16,23],"damage_taken":[{"damage":7,"enemies":"2 Louse","floor":1,"turns":3},{"damage":0,"enemies":"Small Slimes","floor":4,"turns":3},{"damage":4,"enemies":"Cultist","floor":5,"turns":5},{"damage":27,"enemies":"3 Sentries","floor":7,"turns":8},{"damage":4,"enemies":"Exordium Wildlife","floor":11,"turns":3},{"damage":6,"enemies":"Red Slaver","floor":13,"turns":3},{"damage":13,"enemies":"3 Louse","floor":14,"turns":3},{"damage":54,"enemies":"The Guardian","floor":16,"turns":10},{"damage":11,"enemies":"3 Byrds","floor":18,"turns":5},{"damage":89,"enemies":"Gremlin Leader","floor":23,"turns":9}],"relics_obtained":[{"floor":7,"key":"Art of War"},{"floor":9,"key":"Vajra"}],"event_choices":[{"event_name":"Scrap Ooze","player_choice":"success","floor":2,"damage_taken":7},{"event_name":"Purifier","player_choice":"One Purge","floor":3,"damage_taken":0},{"event_name":"Forgotten Altar","player_choice":"Smashed Altar","floor":19,"damage_taken":0},{"event_name":"Vampires","player_choice":"Ignored","floor":20,"damage_taken":0},{"event_name":"Back to Basics","player_choice":"Simplicity","floor":21,"damage_taken":0}],"boss_relics":[{"not_picked":["Runic Dome","Black Blood"],"picked":"Mark of Pain"}],"items_purged_floors":[],"potions_floor_spawned":[4,11,13,16],"seed_played":"-8085121485941752585","killed_by":"Gremlin Leader","ascension_level":0,"potions_obtained":[{"floor":4,"key":"LiquidBronze"},{"floor":11,"key":"BloodPotion"},{"floor":13,"key":"SpeedPotion"},{"floor":16,"key":"Energy Potion"}],"is_trial":false}