{"gold_per_floor":[114,129,129,81,256,256,256,256,256,294,294,294,313,163,163,288,288,307,157,176,176,91,91,129,129,129,148,167,17,36,55,55,180,180,199,218,124,143,143,143,181,200,200,200,200,219,257,32,32,32],"floor_reached":51,"playtime":1833,"items_purged":["Doubt"],"score":898,"play_id":"a9b485c5-a500-4f9e-a93f-2f4962143bdc","local_time":"20180919195443","daily_mods":["Insanity","Binary","Night Terrors"],"is_ascension_mode":false,"campfire_choices":[{"data":"Skewer","floor":6,"key":"SMITH"},{"data":"Leg Sweep","floor":8,"key":"SMITH"},{"data":"Glass Knife","floor":11,"key":"SMITH"},{"data":"Riddle With Holes","floor":15,"key":"SMITH"},{"data":"Malaise","floor":23,"key":"SMITH"},{"data":"Bouncing Flask","floor":25,"key":"SMITH"},{"floor":32,"key":"REST"},{"floor":40,"key":"REST"},{"data":"Backflip","floor":49,"key":"SMITH"}],"neow_cost":"","seed_source_timestamp":0,"circlet_count":0,"master_deck":["Eviscerate+1","Sucker Punch+1","Sucker Punch+1","Defend_G+1","Endless Agony+1","Dodge and Roll+1","Blur+1","Quick Slash+1","Survivor+1","Eviscerate+1","Caltrops+1","Bouncing Flask+1","Masterful Stab+1","Leg Sweep+1","Bane+1","Endless Agony+1","Reflex+1","Glass Knife+1","Expertise+1","Skewer+1","Dagger Throw+1","Storm of Steel+1","Doppelganger+1","Predator+1","Distraction+1","Riddle With Holes+1","Neutralize+1","Doppelganger+1","Prepared+1","Slice+1","Corpse Explosion+1","Tactician+1","Dodge and Roll+1","Doppelganger+1","Quick Slash+1","Concentrate+1","Heel Hook+1","Malaise+1","Crippling Poison+1","Neutralize+1","Masterful Stab+1","Strike_G+1","Masterful Stab+1","Poisoned Stab+1","Leg Sweep+1","Blade Dance+1","Dash+1","Skewer+1","Predator+1","Poisoned Stab+1","Calculated Gamble+1","Injury","Cloak And Dagger+1","Glass Knife+1","Well Laid Plans+1","Adrenaline+1","Catalyst+1","Prepared+1","Leg Sweep+1","Writhe","Blur+1","Masterful Stab+1","Bane+1","After Image+1","Dagger Throw+1","Mind Blast+1","Terror+1","Slice","Deadly Poison","Injury","Distraction+1","Poisoned Stab","Backflip+1"],"special_seed":17793,"relics":["Ring of the Snake","Golden Idol","The Specimen","Pocketwatch","Bronze Scales","Anchor","Cursed Key","PreservedInsect","Blue Candle","Smiling Mask","Gambling Chip","Boot","WristBlade","Mark of the Bloom","Darkstone Periapt","Dream Catcher","Oddly Smooth Stone","HandDrill"],"potions_floor_usage":[16,16,24,27,33,33,50,50,50],"damage_taken":[{"damage":0,"enemies":"Small Slimes","floor":1,"turns":3},{"damage":1,"enemies":"Jaw Worm","floor":2,"turns":3},{"damage":6,"enemies":"3 Sentries","floor":10,"turns":6},{"damage":0,"enemies":"2 Louse","floor":13,"turns":1},{"damage":0,"enemies":"Hexaghost","floor":16,"turns":6},{"damage":3,"enemies":"Shell Parasite","floor":18,"turns":3},{"damage":0,"enemies":"Chosen","floor":20,"turns":3},{"damage":12,"enemies":"Slavers","floor":24,"turns":3},{"damage":9,"enemies":"Snake Plant","floor":27,"turns":3},{"damage":13,"enemies":"Shelled Parasite and Fungi","floor":28,"turns":4},{"damage":0,"enemies":"Centurion and Healer","floor":30,"turns":3},{"damage":0,"enemies":"3 Cultists","floor":31,"turns":4},{"damage":58,"enemies":"Champ","floor":33,"turns":14},{"damage":0,"enemies":"Orb Walker","floor":35,"turns":4},{"damage":0,"enemies":"3 Shapes","floor":36,"turns":3},{"damage":0,"enemies":"Sphere and 2 Shapes","floor":38,"turns":3},{"damage":0,"enemies":"2 Orb Walkers","floor":41,"turns":2},{"damage":4,"enemies":"Reptomancer","floor":42,"turns":3},{"damage":3,"enemies":"3 Darklings","floor":46,"turns":3},{"damage":0,"enemies":"Nemesis","floor":47,"turns":2},{"damage":25,"enemies":"Donu and Deca","floor":50,"turns":7}],"seed_played":"-8098322800958760619","potions_obtained":[{"floor":10,"key":"EssenceOfSteel"},{"floor":13,"key":"Poison Potion"},{"floor":16,"key":"Block Potion"},{"floor":24,"key":"EssenceOfSteel"},{"floor":28,"key":"SpeedPotion"},{"floor":31,"key":"Explosive Potion"},{"floor":33,"key":"Swift Potion"},{"floor":35,"key":"Block Potion"}],"is_trial":false,"path_per_floor":["M","M","?","$","?","R","?","R","T","E","R","T","M","$","R","B",null,"M","$","M","$","?","R","E","R","T","M","M","$","M","M","R","B",null,"M","M","$","M","?","R","E","M","T","?","?","M","E","$","R","B"],"character_chosen":"THE_SILENT","items_purchased":["Cloak And Dagger","GhostInAJar","PreservedInsect","Boot","Mind Blast","HandDrill","Backflip"],"campfire_rested":2,"item_purchase_floors":[4,14,19,29,37,48,48],"current_hp_per_floor":[70,69,69,69,69,69,62,62,62,56,56,56,56,56,56,56,70,67,67,67,67,67,67,55,55,55,46,33,33,33,33,65,7,65,65,65,65,65,65,60,60,56,56,56,56,53,53,53,53,28],"gold":32,"neow_bonus":"","is_prod":false,"is_daily":true,"chose_seed":false,"campfire_upgraded":7,"win_rate":0,"timestamp":1537379683,"path_taken":["M","M","?","$","?","R","?","R","T","E","R","?","?","$","R","BOSS","M","$","?","?","?","R","E","R","T","M","M","$","?","M","R","BOSS","M","M","$","M","?","R","E","M","T","?","?","M","E","$","R","BOSS"],"build_version":"2018-09-06","purchased_purges":1,"victory":true,"max_hp_per_floor":[70,70,70,70,70,70,70,70,70,70,70,70,70,70,70,70,70,70,70,70,70,70,70,70,70,70,70,70,70,70,70,65,65,65,65,65,65,65,65,60,60,60,66,63,63,63,63,63,63,63],"card_choices":[{"not_picked":["Outmaneuver"],"picked":"Poisoned Stab","floor":1},{"not_picked":["Underhanded Strike"],"picked":"Calculated Gamble","floor":2},{"not_picked":["Outmaneuver"],"picked":"Glass Knife","floor":10},{"not_picked":["Deadly Poison"],"picked":"Well Laid Plans","floor":13},{"not_picked":["Corpse Explosion"],"picked":"Adrenaline","floor":16},{"not_picked":["Backflip"],"picked":"Catalyst+1","floor":18},{"not_picked":["Eviscerate"],"picked":"Prepared","floor":20},{"not_picked":["All Out Attack+1"],"picked":"Leg Sweep","floor":24},{"not_picked":["Dagger Spray"],"picked":"Blur","floor":27},{"not_picked":["Acrobatics"],"picked":"Masterful Stab","floor":28},{"not_picked":["Bane","Reflex"],"picked":"SKIP","floor":30},{"not_picked":["Quick Slash"],"picked":"Bane","floor":31},{"not_picked":["Unload"],"picked":"After Image","floor":33},{"not_picked":["Bouncing Flask+1"],"picked":"Dagger Throw+1","floor":35},{"not_picked":["Dagger Throw+1","Deflect+1"],"picked":"SKIP","floor":36},{"not_picked":["Outmaneuver"],"picked":"Terror+1","floor":38},{"not_picked":["Tactician"],"picked":"Slice","floor":41},{"not_picked":["Escape Plan"],"picked":"Deadly Poison","floor":42},{"not_picked":["Die Die Die"],"picked":"Distraction+1","floor":46},{"not_picked":["Night Terror"],"picked":"Poisoned Stab","floor":47}],"player_experience":1451542,"relics_obtained":[{"floor":9,"key":"Pocketwatch"},{"floor":10,"key":"Bronze Scales"},{"floor":12,"key":"Anchor"},{"floor":24,"key":"Smiling Mask"},{"floor":26,"key":"Gambling Chip"},{"floor":41,"key":"Darkstone Periapt"},{"floor":43,"key":"Dream Catcher"},{"floor":47,"key":"Oddly Smooth Stone"}],"event_choices":[{"event_name":"Golden Idol","player_choice":"Take Wound","floor":3,"damage_taken":0},{"event_name":"Liars Game","player_choice":"agreed","floor":5,"damage_taken":0},{"event_name":"Scrap Ooze","player_choice":"success","floor":7,"damage_taken":7},{"event_name":"Addict","player_choice":"Obtained Relic","floor":22,"damage_taken":0},{"event_name":"MindBloom","player_choice":"Upgrade","floor":39,"damage_taken":0},{"event_name":"Winding Halls","player_choice":"Max HP","floor":44,"damage_taken":0},{"event_name":"Falling","player_choice":"Removed Attack","floor":45,"damage_taken":0}],"is_beta":false,"boss_relics":[{"not_picked":["Ectoplasm","Fusion Hammer"],"picked":"Cursed Key"},{"not_picked":["Runic Pyramid","HoveringKite"],"picked":"WristBlade"}],"items_purged_floors":[14],"is_endless":false,"potions_floor_spawned":[10,13,16,24,28,31,33,35,38,46,47],"ascension_level":0}