{"gold_per_floor":[111,126,143,68,85,116,116,141,225,240,240,271,290,290,290,389,389,407,421,421,421,440,440,452,463,486,486],"floor_reached":27,"playtime":2298,"items_purged":["Defend_G"],"score":320,"play_id":"2b0df03d-bd46-44ad-82ce-b5a1fd15263d","local_time":"20180701165215","is_ascension_mode":true,"campfire_choices":[{"floor":7,"key":"REST"},{"data":"Neutralize","floor":11,"key":"SMITH"},{"data":"Sucker Punch","floor":15,"key":"SMITH"},{"data":"Catalyst","floor":23,"key":"SMITH"}],"neow_cost":"NONE","seed_source_timestamp":414631564229977,"circlet_count":0,"master_deck":["Defend_G","Defend_G","Defend_G","Defend_G","Strike_G","Strike_G","Strike_G","Strike_G","Survivor","Neutralize+1","Cloak And Dagger","Quick Slash","Heel Hook","Catalyst+1","Dagger Spray","Deadly Poison","Sucker Punch+1","Adrenaline","Bouncing Flask+1","Cloak And Dagger+1","Adrenaline"],"relics":["Ring of the Snake","Bronze Scales","Meat on the Bone","Bottled Lightning","Tiny Chest","Omamori","Eternal Feather","Orichalcum"],"potions_floor_usage":[5,16,16,18,25],"damage_taken":[{"damage":0,"enemies":"Cultist","floor":1,"turns":4},{"damage":1,"enemies":"Jaw Worm","floor":2,"turns":5},{"damage":0,"enemies":"2 Louse","floor":3,"turns":4},{"damage":20,"enemies":"Gremlin Gang","floor":5,"turns":6},{"damage":37,"enemies":"Lagavulin","floor":6,"turns":9},{"damage":28,"enemies":"Gremlin Nob","floor":8,"turns":5},{"damage":0,"enemies":"Looter","floor":10,"turns":3},{"damage":11,"enemies":"3 Sentries","floor":12,"turns":6},{"damage":20,"enemies":"Exordium Thugs","floor":13,"turns":4},{"damage":34,"enemies":"Slime Boss","floor":16,"turns":9},{"damage":0,"enemies":"3 Byrds","floor":18,"turns":4},{"damage":28,"enemies":"Spheric Guardian","floor":19,"turns":6},{"damage":7,"enemies":"Snake Plant","floor":22,"turns":3},{"damage":35,"enemies":"Slaver and Parasite","floor":24,"turns":5},{"damage":13,"enemies":"Snecko","floor":25,"turns":4},{"damage":22,"enemies":"Snake Plant","floor":27,"turns":3}],"seed_played":"-1516987167852142769","potions_obtained":[{"floor":2,"key":"Regen Potion"},{"floor":8,"key":"SpeedPotion"},{"floor":10,"key":"Strength Potion"},{"floor":12,"key":"SmokeBomb"},{"floor":13,"key":"Regen Potion"},{"floor":19,"key":"Ancient Potion"}],"is_trial":false,"path_per_floor":["M","M","M","$","M","E","R","E","T","M","R","E","M","?","R","B",null,"M","M","?","?","M","R","M","M","T"],"character_chosen":"THE_SILENT","items_purchased":[],"campfire_rested":1,"item_purchase_floors":[],"current_hp_per_floor":[63,62,62,62,54,17,38,22,22,34,34,35,27,27,27,20,58,58,42,42,29,34,40,17,16,16,0],"gold":486,"neow_bonus":"RANDOM_COMMON_RELIC","is_prod":false,"is_daily":false,"chose_seed":false,"campfire_upgraded":3,"win_rate":0,"timestamp":1530481935,"path_taken":["M","M","M","?","M","E","R","E","T","M","R","E","M","?","R","BOSS","M","M","?","?","M","R","M","M","T","M"],"build_version":"2018-06-29","purchased_purges":1,"victory":false,"max_hp_per_floor":[70,70,70,70,70,70,70,70,70,70,70,70,70,70,70,70,70,70,70,70,75,75,75,75,75,75,75],"card_choices":[{"not_picked":["Deflect","Prepared","Slice"],"picked":"SKIP","floor":1},{"not_picked":["Blur","Dodge and Roll","Underhanded Strike"],"picked":"SKIP","floor":2},{"not_picked":["Heel Hook","Well Laid Plans"],"picked":"Cloak And Dagger","floor":3},{"not_picked":["Blur","Deflect"],"picked":"Quick Slash","floor":5},{"not_picked":["Dagger Throw","Flying Knee"],"picked":"Heel Hook","floor":6},{"not_picked":["Flying Knee","Skewer"],"picked":"Catalyst","floor":8},{"not_picked":["Quick Slash","Flying Knee"],"picked":"Dagger Spray","floor":10},{"not_picked":["Sucker Punch","Wraith Form v2"],"picked":"Deadly Poison","floor":12},{"not_picked":["Bane","Calculated Gamble"],"picked":"Sucker Punch","floor":13},{"not_picked":["Storm of Steel","Phantasmal Killer"],"picked":"Adrenaline","floor":16},{"not_picked":["Deflect","Masterful Stab","Outmaneuver+1"],"picked":"SKIP","floor":18},{"not_picked":["Poisoned Stab","Dagger Throw+1"],"picked":"Bouncing Flask+1","floor":19},{"not_picked":["Flying Knee","Bane","Calculated Gamble+1"],"picked":"SKIP","floor":22},{"not_picked":["Masterful Stab+1","Dodge and Roll"],"picked":"Cloak And Dagger+1","floor":24},{"not_picked":["Reflex","Dagger Throw"],"picked":"Adrenaline","floor":25}],"player_experience":226362,"relics_obtained":[{"floor":6,"key":"Meat on the Bone"},{"floor":8,"key":"Bottled Lightning"},{"floor":9,"key":"Tiny Chest"},{"floor":12,"key":"Omamori"},{"floor":26,"key":"Orichalcum"}],"event_choices":[{"event_name":"Living Wall","player_choice":"Forget","floor":14,"damage_taken":0},{"event_name":"Vampires","player_choice":"Ignored","floor":20,"damage_taken":0},{"event_name":"Forgotten Altar","player_choice":"Shed Blood","floor":21,"damage_taken":0}],"boss_relics":[{"not_picked":["Runic Pyramid","Black Star"],"picked":"Eternal Feather"}],"items_purged_floors":[4],"is_endless":false,"potions_floor_spawned":[2,8,10,12,13,19],"killed_by":"Snake Plant","ascension_level":7}