{"path_per_floor":["M","M","?","?","M","R","M","R","T","R","E","$","M","?","R","B",null,"M","?","?","M","?","R","M","?","T","M","$","?","M"],"character_chosen":"IRONCLAD","items_purchased":["Spot Weakness","Regal Pillow"],"gold_per_floor":[218,229,229,229,244,244,259,259,259,259,287,133,146,146,146,241,241,221,221,221,235,235,235,245,245,269,285,34,34,51,51],"floor_reached":31,"campfire_rested":1,"playtime":761,"item_purchase_floors":[12,28],"current_hp_per_floor":[80,80,80,85,85,85,85,85,85,85,76,76,82,82,82,21,88,69,69,69,52,52,78,49,41,41,22,22,51,27,0],"items_purged":["Bash","Writhe"],"gold":51,"score":235,"play_id":"8f78d5fb-8a9f-4457-9633-93af8a16a49a","local_time":"20180521205931","is_prod":false,"is_daily":false,"chose_seed":false,"is_ascension_mode":false,"campfire_upgraded":4,"timestamp":1526954371,"campfire_choices":[{"data":"Thunderclap","floor":6,"key":"SMITH"},{"data":"Rampage","floor":8,"key":"SMITH"},{"data":"Strike_R","floor":10,"key":"SMITH"},{"data":"Spot Weakness","floor":15,"key":"SMITH"},{"floor":23,"key":"REST"}],"path_taken":["M","M","?","?","M","R","M","R","T","R","E","?","?","?","R","BOSS","M","?","?","M","?","R","?","?","T","?","?","?","M","M"],"build_version":"2018-05-18","seed_source_timestamp":41861426992281,"purchased_purges":2,"victory":false,"master_deck":["Strike_R+1","Strike_R","Strike_R","Defend_R","Defend_R","Defend_R","Defend_R","Rampage+1","Thunderclap+1","Rampage+1","Spot Weakness+1","Demon Form","Flex+1","Warcry"],"max_hp_per_floor":[80,80,80,85,85,85,85,85,85,85,85,85,88,88,88,88,88,88,88,88,88,88,88,88,88,88,88,88,88,88,88],"relics":["Burning Blood","Bottled Lightning","Mummified Hand","White Beast Statue","Ancient Tea Set","Omamori","Regal Pillow"],"card_choices":[{"not_picked":["True Grit","Pommel Strike","Warcry"],"picked":"SKIP","floor":1},{"not_picked":["Reckless Charge","Heavy Blade"],"picked":"Rampage","floor":2},{"not_picked":["Power Through","Disarm"],"picked":"Thunderclap","floor":5},{"not_picked":["Infernal Blade","Thunderclap"],"picked":"Rampage","floor":7},{"not_picked":["True Grit","Shrug It Off","Pommel Strike"],"picked":"SKIP","floor":11},{"not_picked":["Berserk","Disarm","Fire Breathing"],"picked":"SKIP","floor":13},{"not_picked":["Double Tap","Feed"],"picked":"Demon Form","floor":16},{"not_picked":["Thunderclap","Shrug It Off","Sword Boomerang+1"],"picked":"SKIP","floor":18},{"not_picked":["Clash","Demon Form"],"picked":"Flex+1","floor":21},{"not_picked":["Hemokinesis+1","Heavy Blade","Clothesline"],"picked":"SKIP","floor":24},{"not_picked":["True Grit","Sword Boomerang+1","Shockwave"],"picked":"SKIP","floor":27},{"not_picked":["Burning Pact+1","Inflame","Second Wind"],"picked":"SKIP","floor":30}],"player_experience":103633,"potions_floor_usage":[11,13,21,24,27,30],"damage_taken":[{"damage":5,"enemies":"Jaw Worm","floor":1,"turns":4},{"damage":2,"enemies":"Small Slimes","floor":2,"turns":4},{"damage":1,"enemies":"Cultist","floor":5,"turns":3},{"damage":6,"enemies":"Exordium Wildlife","floor":7,"turns":3},{"damage":15,"enemies":"Gremlin Nob","floor":11,"turns":4},{"damage":3,"enemies":"Gremlin Gang","floor":13,"turns":3},{"damage":67,"enemies":"Hexaghost","floor":16,"turns":8},{"damage":25,"enemies":"2 Thieves","floor":18,"turns":4},{"damage":23,"enemies":"Chosen","floor":21,"turns":4},{"damage":35,"enemies":"Centurion and Healer","floor":24,"turns":7},{"damage":25,"enemies":"3 Cultists","floor":27,"turns":5},{"damage":30,"enemies":"Snake Plant","floor":30,"turns":4},{"damage":30,"enemies":"Centurion and Healer","floor":31,"turns":3}],"relics_obtained":[{"floor":9,"key":"Bottled Lightning"},{"floor":11,"key":"Mummified Hand"},{"floor":26,"key":"Omamori"}],"event_choices":[{"event_name":"Living Wall","player_choice":"Grow","floor":3,"damage_taken":0},{"event_name":"Big Fish","player_choice":"Donut","floor":4,"damage_taken":0},{"event_name":"Golden Idol","player_choice":"Ignored","floor":14,"damage_taken":0},{"event_name":"Back to Basics","player_choice":"Elegance","floor":19,"damage_taken":0},{"event_name":"The Mausoleum","player_choice":"Yes","floor":20,"damage_taken":0},{"event_name":"Transmorgrifier","player_choice":"Transform","floor":22,"damage_taken":0},{"event_name":"Wheel of Change","player_choice":"Damage","floor":25,"damage_taken":0},{"event_name":"The Library","player_choice":"Heal","floor":29,"damage_taken":0}],"boss_relics":[{"not_picked":["Mark of Pain","Astrolabe"],"picked":"White Beast Statue"}],"items_purged_floors":[12,28],"potions_floor_spawned":[2,11,18,21,24,27,30],"seed_played":"-8635797062540014844","killed_by":"Centurion and Healer","ascension_level":0,"potions_obtained":[{"floor":2,"key":"Dexterity Potion"},{"floor":11,"key":"AttackPotion"},{"floor":18,"key":"EssenceOfSteel"},{"floor":21,"key":"Weak Potion"},{"floor":24,"key":"EssenceOfSteel"},{"floor":27,"key":"FearPotion"},{"floor":30,"key":"Swift Potion"}],"is_trial":false}