{"gold_per_floor":[119,138,149,99,99,130,61,61,132,145,95,95,130,141,141,237,237,247,216,236,236,111,111,144,144,144,144],"floor_reached":27,"playtime":1889,"items_purged":["Strike_R"],"score":253,"play_id":"9918504b-2539-43ad-af1e-8312190b6e6b","local_time":"20190211164255","is_ascension_mode":true,"campfire_choices":[{"data":"Entrench","floor":8,"key":"SMITH"},{"data":"Flame Barrier","floor":12,"key":"SMITH"},{"data":"Rage","floor":15,"key":"SMITH"},{"data":"Armaments","floor":23,"key":"SMITH"}],"neow_cost":"NONE","seed_source_timestamp":19839163091998,"circlet_count":0,"master_deck":["Strike_R","Strike_R","Defend_R","Defend_R","Defend_R","Defend_R","Bash","Twin Strike","Flame Barrier+1","Whirlwind","Disarm","Entrench+1","Rage+1","Iron Wave","Iron Wave","Battle Trance","Barricade","Body Slam+1","Armaments+1","Headbutt","Writhe"],"relics":["Burning Blood","Art of War","Regal Pillow","Ornamental Fan","Dodecahedron","Runic Pyramid","Centennial Puzzle","Mercury Hourglass","Singing Bowl"],"potions_floor_usage":[13,13,13,13,13,16,24],"damage_taken":[{"damage":0,"enemies":"Small Slimes","floor":1,"turns":3},{"damage":11,"enemies":"Jaw Worm","floor":2,"turns":3},{"damage":9,"enemies":"Cultist","floor":3,"turns":4},{"damage":57,"enemies":"Lagavulin","floor":6,"turns":13},{"damage":2,"enemies":"Exordium Wildlife","floor":10,"turns":3},{"damage":6,"enemies":"Gremlin Nob","floor":13,"turns":4},{"damage":0,"enemies":"3 Louse","floor":14,"turns":2},{"damage":23,"enemies":"The Guardian","floor":16,"turns":18},{"damage":7,"enemies":"Shell Parasite","floor":18,"turns":8},{"damage":11,"enemies":"2 Thieves","floor":19,"turns":5},{"damage":9,"enemies":"Shelled Parasite and Fungi","floor":20,"turns":6},{"damage":67,"enemies":"Slavers","floor":24,"turns":7},{"damage":14,"enemies":"Gremlin Leader","floor":27,"turns":2}],"seed_played":"4694623633815670028","potions_obtained":[{"floor":6,"key":"EntropicBrew"},{"floor":10,"key":"Dexterity Potion"},{"floor":13,"key":"SkillPotion"},{"floor":19,"key":"Weak Potion"},{"floor":24,"key":"Poison Potion"}],"is_trial":false,"path_per_floor":["M","M","M","?","?","E","$","R","T","M","$","R","E","M","R","B",null,"M","M","M","T","$","R","E","?","T","E"],"character_chosen":"IRONCLAD","items_purchased":["Entrench","Iron Wave","Headbutt"],"campfire_rested":0,"item_purchase_floors":[7,11,22],"current_hp_per_floor":[80,75,72,72,65,14,14,14,14,18,18,18,30,36,36,19,80,79,74,71,71,71,71,10,10,10,0],"gold":144,"neow_bonus":"RANDOM_COMMON_RELIC","is_prod":false,"is_daily":false,"chose_seed":false,"campfire_upgraded":4,"win_rate":0,"timestamp":1549932175,"path_taken":["M","M","M","?","?","E","?","R","T","M","$","R","E","M","R","BOSS","M","M","M","?","$","R","E","?","T","E"],"build_version":"2019-01-23","purchased_purges":1,"victory":false,"max_hp_per_floor":[80,80,80,80,80,80,80,80,80,80,80,80,80,80,80,80,80,80,80,80,80,80,80,80,80,80,80],"card_choices":[{"not_picked":["Havoc","True Grit"],"picked":"Twin Strike","floor":1},{"not_picked":["Sword Boomerang","Intimidate"],"picked":"Flame Barrier","floor":2},{"not_picked":["Second Wind","Fire Breathing"],"picked":"Whirlwind","floor":3},{"not_picked":["Twin Strike","True Grit"],"picked":"Disarm","floor":6},{"not_picked":["Havoc","Carnage"],"picked":"Rage","floor":10},{"not_picked":["Searing Blow","Whirlwind"],"picked":"Iron Wave","floor":13},{"not_picked":["True Grit","Bloodletting"],"picked":"Battle Trance","floor":14},{"not_picked":["Feed","Offering"],"picked":"Barricade","floor":16},{"not_picked":["Dropkick+1","Thunderclap"],"picked":"Body Slam+1","floor":18},{"not_picked":["Rage+1","Perfected Strike"],"picked":"Armaments","floor":19},{"not_picked":["Evolve+1","Thunderclap","Power Through+1"],"picked":"SKIP","floor":20},{"not_picked":["Sever Soul","Pommel Strike","Blood for Blood"],"picked":"SKIP","floor":24}],"player_experience":207894,"relics_obtained":[{"floor":6,"key":"Regal Pillow"},{"floor":9,"key":"Ornamental Fan"},{"floor":13,"key":"Dodecahedron"},{"floor":24,"key":"Centennial Puzzle"},{"floor":26,"key":"Singing Bowl"}],"event_choices":[{"cards_removed":["Strike_R"],"damage_healed":0,"gold_gain":0,"player_choice":"Card Removal","damage_taken":0,"max_hp_gain":0,"max_hp_loss":0,"event_name":"The Cleric","floor":4,"gold_loss":50},{"cards_removed":["Strike_R"],"damage_healed":0,"gold_gain":0,"player_choice":"Card Removal","damage_taken":7,"max_hp_gain":0,"max_hp_loss":0,"event_name":"Golden Wing","floor":5,"gold_loss":0},{"damage_healed":0,"gold_gain":0,"player_choice":"Opened","damage_taken":0,"relics_obtained":["Mercury Hourglass"],"max_hp_gain":0,"max_hp_loss":0,"event_name":"The Mausoleum","floor":25,"gold_loss":0,"cards_obtained":["Writhe"]}],"is_beta":false,"boss_relics":[{"not_picked":["White Beast Statue","Velvet Choker"],"picked":"Runic Pyramid"}],"items_purged_floors":[22],"is_endless":false,"potions_floor_spawned":[6,10,13,19,24],"killed_by":"Gremlin Leader","ascension_level":1}