{"gold_per_floor":[111,122,141,141,158,190,164,2,2,2,34,46,74,97,109,219,231,253,282,314,326,24,24,39,73,96,96,0,16,16,16,16,115,115,134,134,147,147,147,147],"floor_reached":40,"playtime":1394,"items_purged":[],"score":507,"play_id":"269e4546-5901-4f1c-a5a6-7795eb4df905","local_time":"20181023153148","is_ascension_mode":true,"campfire_choices":[{"data":"Zap","floor":12,"key":"SMITH"},{"data":"Darkness","floor":15,"key":"SMITH"},{"floor":23,"key":"REST"},{"floor":27,"key":"REST"},{"floor":30,"key":"REST"},{"data":"Creative AI","floor":32,"key":"SMITH"}],"neow_cost":"NONE","seed_source_timestamp":259585213654496,"circlet_count":0,"master_deck":["Strike_B","Defend_B","Defend_B","Defend_B","Defend_B+1","Zap+1","Dualcast","Chill","Melter","Streamline+1","Hologram","Leap","Ball Lightning","Caltrops","Backstab","Darkness+1","Creative AI+1","Sweeping Beam","Dodge and Roll+1","Predator+1","PiercingWail+1","Backflip+1","Defragment+1","Undo+1","Meteor Strike+1","Well Laid Plans+1","Defragment+1"],"relics":["Cracked Core","The Courier","PrismaticShard","Mercury Hourglass","MawBank","Nuclear Battery","MutagenicStrength","Symbiotic Virus","War Paint","Incense Burner","Strawberry","Astrolabe"],"potions_floor_usage":[6,16,16,18,20,37,40,40],"damage_taken":[{"damage":5,"enemies":"Jaw Worm","floor":1,"turns":3},{"damage":0,"enemies":"2 Louse","floor":2,"turns":2},{"damage":0,"enemies":"Cultist","floor":3,"turns":3},{"damage":10,"enemies":"Gremlin Gang","floor":5,"turns":4},{"damage":9,"enemies":"Gremlin Nob","floor":6,"turns":3},{"damage":1,"enemies":"3 Sentries","floor":11,"turns":5},{"damage":0,"enemies":"Large Slime","floor":13,"turns":3},{"damage":0,"enemies":"Exordium Wildlife","floor":14,"turns":2},{"damage":40,"enemies":"Hexaghost","floor":16,"turns":9},{"damage":4,"enemies":"Chosen","floor":18,"turns":3},{"damage":25,"enemies":"Shell Parasite","floor":19,"turns":3},{"damage":24,"enemies":"Snake Plant","floor":20,"turns":3},{"damage":0,"enemies":"Cultist and Chosen","floor":24,"turns":5},{"damage":0,"enemies":"Gremlin Leader","floor":25,"turns":6},{"damage":28,"enemies":"Snecko","floor":29,"turns":4},{"damage":43,"enemies":"Champ","floor":33,"turns":11},{"damage":0,"enemies":"Orb Walker","floor":35,"turns":3},{"damage":29,"enemies":"3 Shapes","floor":37,"turns":2},{"damage":101,"enemies":"Giant Head","floor":40,"turns":8}],"seed_played":"-3360005621146901229","potions_obtained":[{"floor":1,"key":"PowerPotion"},{"floor":5,"key":"SneckoOil"},{"floor":13,"key":"Strength Potion"},{"floor":16,"key":"Swift Potion"},{"floor":19,"key":"Fire Potion"},{"floor":33,"key":"Regen Potion"},{"floor":35,"key":"FocusPotion"},{"floor":37,"key":"AttackPotion"}],"is_trial":false,"path_per_floor":["M","M","M","?","M","E","?","$","T","$","E","R","M","M","R","B",null,"M","M","M","?","$","R","M","E","T","R","?","M","R","?","R","B",null,"M","?","M","?","?"],"character_chosen":"DEFECT","items_purchased":["PrismaticShard","Symbiotic Virus","War Paint"],"campfire_rested":3,"item_purchase_floors":[8,22,22],"current_hp_per_floor":[70,70,70,70,60,51,51,51,51,51,50,50,50,50,50,10,75,71,46,22,22,22,44,44,44,51,75,75,47,71,71,71,28,82,82,82,53,53,53,0],"gold":147,"neow_bonus":"THREE_CARDS","is_prod":false,"is_daily":false,"chose_seed":false,"campfire_upgraded":3,"win_rate":0,"timestamp":1540326708,"path_taken":["M","M","M","?","?","E","?","$","T","$","E","R","M","M","R","BOSS","M","M","?","?","$","R","M","E","T","R","?","?","R","?","R","BOSS","M","?","?","?","?","E"],"build_version":"2018-10-19","purchased_purges":0,"victory":false,"max_hp_per_floor":[75,75,75,75,75,75,75,75,75,75,75,75,75,75,75,75,75,75,75,75,75,75,75,75,75,82,82,82,82,82,82,82,82,82,82,82,82,82,82,82],"card_choices":[{"not_picked":["Coolheaded","Streamline"],"picked":"Chill","floor":0},{"not_picked":["Chaos","Lockon"],"picked":"Melter","floor":1},{"not_picked":["Reprogram","Gash"],"picked":"Streamline","floor":2},{"not_picked":["Rebound","Reinforced Body"],"picked":"Hologram","floor":3},{"not_picked":["Double Energy","Storm"],"picked":"Leap","floor":5},{"not_picked":["Beam Cell","Turbo"],"picked":"Ball Lightning","floor":6},{"not_picked":["Sucker Punch","Setup"],"picked":"Caltrops","floor":11},{"not_picked":["Prepared","Slice"],"picked":"Backstab","floor":13},{"not_picked":["White Noise","A Thousand Cuts"],"picked":"Darkness","floor":14},{"not_picked":["Master of Strategy","Exhume"],"picked":"Creative AI","floor":16},{"not_picked":["Rage","Sword Boomerang+1"],"picked":"Sweeping Beam","floor":18},{"not_picked":["Sentinel","Seeing Red"],"picked":"Dodge and Roll","floor":19},{"not_picked":["Feel No Pain","Warcry"],"picked":"Predator+1","floor":20},{"not_picked":["Anger+1","Blade Dance"],"picked":"PiercingWail+1","floor":24},{"not_picked":["Reckless Charge","Calculated Gamble+1","Mayhem"],"picked":"SKIP","floor":25},{"not_picked":["Cleave","Setup"],"picked":"Backflip+1","floor":29},{"not_picked":["Dark Embrace","Panache"],"picked":"Immolate","floor":33},{"not_picked":["Shrug It Off","Conserve Battery+1"],"picked":"Well Laid Plans+1","floor":35},{"not_picked":["Feel No Pain+1","Second Wind","Acrobatics"],"picked":"SKIP","floor":37}],"player_experience":462381,"relics_obtained":[{"floor":6,"key":"The Courier"},{"floor":9,"key":"Mercury Hourglass"},{"floor":11,"key":"MawBank"},{"floor":25,"key":"Incense Burner"},{"floor":26,"key":"Strawberry"}],"event_choices":[{"damage_healed":0,"gold_gain":0,"player_choice":"Grow","damage_taken":0,"max_hp_gain":0,"max_hp_loss":0,"event_name":"Living Wall","floor":4,"gold_loss":0,"cards_upgraded":["Streamline"]},{"damage_healed":0,"gold_gain":0,"player_choice":"Left Gold","damage_taken":0,"max_hp_gain":0,"max_hp_loss":0,"event_name":"World of Goop","floor":7,"gold_loss":26},{"damage_healed":0,"gold_gain":0,"player_choice":"Inject Mutagens","damage_taken":0,"relics_obtained":["MutagenicStrength"],"max_hp_gain":0,"max_hp_loss":0,"event_name":"Drug Dealer","floor":21,"gold_loss":0},{"damage_healed":0,"gold_gain":0,"player_choice":"Paid Fearfully","damage_taken":0,"max_hp_gain":0,"max_hp_loss":0,"event_name":"Masked Bandits","floor":28,"gold_loss":96},{"damage_healed":0,"gold_gain":0,"player_choice":"Ignored","damage_taken":0,"max_hp_gain":0,"max_hp_loss":0,"event_name":"Vampires","floor":31,"gold_loss":0},{"cards_removed":["Immolate"],"damage_healed":0,"gold_gain":0,"player_choice":"Removed Attack","damage_taken":0,"max_hp_gain":0,"max_hp_loss":0,"event_name":"Falling","floor":36,"gold_loss":0},{"damage_healed":0,"gold_gain":0,"player_choice":"Ignored","damage_taken":0,"max_hp_gain":0,"max_hp_loss":0,"event_name":"Mysterious Sphere","floor":38,"gold_loss":0},{"damage_healed":0,"gold_gain":0,"player_choice":"Copied","damage_taken":0,"max_hp_gain":0,"max_hp_loss":0,"event_name":"Duplicator","floor":39,"gold_loss":0,"cards_obtained":["Defragment"]}],"is_beta":true,"boss_relics":[{"not_picked":["Black Star","Snecko Eye"],"picked":"Nuclear Battery"},{"not_picked":["Calling Bell","Velvet Choker"],"picked":"Astrolabe"}],"items_purged_floors":[],"is_endless":false,"potions_floor_spawned":[1,5,13,16,19,33,35,37],"killed_by":"Giant Head","ascension_level":3}