{"gold_per_floor":[369,2,2,18,28,53,6,21,93,110,90,90,107,120,120,223,223,241,251,105,105,5,5,17,116,139,139,14,33,48,48,48,151,151,167,167,180,199,216,250,44,44,99,99,124,124,139,139,139,139,139,139,7,41,41],"floor_reached":55,"playtime":3061,"items_purged":["Decay","Strike_R","Strike_R"],"score":804,"play_id":"4a3acae1-13d1-414f-ae7c-d41fa042fc61","local_time":"20190107131628","is_ascension_mode":false,"campfire_choices":[{"floor":12,"key":"REST"},{"floor":15,"key":"REST"},{"data":"True Grit","floor":23,"key":"SMITH"},{"data":"Body Slam","floor":27,"key":"SMITH"},{"floor":32,"key":"REST"},{"floor":42,"key":"RECALL"},{"floor":44,"key":"REST"},{"data":"Offering","floor":46,"key":"SMITH"},{"floor":49,"key":"REST"},{"data":"Flame Barrier","floor":52,"key":"SMITH"}],"neow_cost":"CURSE","seed_source_timestamp":280004266713245,"circlet_count":0,"master_deck":["Defend_R","Defend_R","Defend_R","Bash","Headbutt","Clash","Shrug It Off","Flame Barrier+1","True Grit+1","Anger","Shrug It Off","Clash","Spot Weakness","Metallicize","Anger","Offering","Body Slam+1","Armaments","Rage","Flex+1","Bloodletting+1","Offering+1","Heavy Blade+1","Reaper+1","Headbutt+1","Offering","Rupture+1","Clash+1","Seeing Red+1","Reaper"],"relics":["Burning Blood","Unceasing Top","Prayer Wheel","Matryoshka","Busted Crown","Orichalcum","Regal Pillow","Pen Nib","Astrolabe","Dream Catcher","ClockworkSouvenir","Meat on the Bone","Blue Candle","Centennial Puzzle"],"potions_floor_usage":[10,13,16,16,30,33,40,45,45,55,55],"damage_taken":[{"damage":7,"enemies":"2 Louse","floor":1,"turns":4},{"damage":12,"enemies":"Small Slimes","floor":4,"turns":3},{"damage":1,"enemies":"Cultist","floor":5,"turns":3},{"damage":59,"enemies":"Lagavulin","floor":6,"turns":8},{"damage":0,"enemies":"Looter","floor":8,"turns":4},{"damage":2,"enemies":"Large Slime","floor":10,"turns":4},{"damage":13,"enemies":"Exordium Wildlife","floor":13,"turns":4},{"damage":21,"enemies":"Exordium Thugs","floor":14,"turns":5},{"damage":44,"enemies":"The Guardian","floor":16,"turns":12},{"damage":6,"enemies":"Chosen","floor":18,"turns":4},{"damage":8,"enemies":"Shell Parasite","floor":19,"turns":4},{"damage":6,"enemies":"Centurion and Healer","floor":24,"turns":7},{"damage":11,"enemies":"Snake Plant","floor":29,"turns":2},{"damage":24,"enemies":"Snecko","floor":30,"turns":5},{"damage":62,"enemies":"Champ","floor":33,"turns":9},{"damage":15,"enemies":"3 Darklings","floor":35,"turns":3},{"damage":6,"enemies":"Orb Walker","floor":37,"turns":1},{"damage":21,"enemies":"Maw","floor":38,"turns":5},{"damage":46,"enemies":"Writhing Mass","floor":39,"turns":4},{"damage":21,"enemies":"Nemesis","floor":40,"turns":3},{"damage":24,"enemies":"Reptomancer","floor":45,"turns":2},{"damage":9,"enemies":"Sphere and 2 Shapes","floor":47,"turns":2},{"damage":60,"enemies":"Time Eater","floor":50,"turns":7},{"damage":21,"enemies":"Shield and Spear","floor":54,"turns":3},{"damage":102,"enemies":"The Heart","floor":55,"turns":5}],"seed_played":"7382105802643273506","potions_obtained":[{"floor":6,"key":"LiquidBronze"},{"floor":8,"key":"Weak Potion"},{"floor":11,"key":"AttackPotion"},{"floor":13,"key":"Dexterity Potion"},{"floor":16,"key":"LiquidBronze"},{"floor":24,"key":"GamblersBrew"},{"floor":29,"key":"FearPotion"},{"floor":37,"key":"Explosive Potion"},{"floor":38,"key":"LiquidBronze"},{"floor":40,"key":"Explosive Potion"},{"floor":45,"key":"SkillPotion"}],"is_trial":false,"path_per_floor":["M","$","?","M","M","E","$","M","T","M","?","R","M","M","R","B",null,"M","M","$","?","$","R","M","?","T","R","$","M","M","?","R","B",null,"M","?","M","M","M","E","$","R","T","R","E","R","M","?","R","B",null,"R","$","E","B"],"character_chosen":"IRONCLAD","items_purchased":["Unceasing Top","True Grit","Orichalcum","ClockworkSouvenir","Reaper","Fire Potion"],"campfire_rested":5,"item_purchase_floors":[2,7,20,41,53,53],"current_hp_per_floor":[79,79,72,66,71,18,18,24,24,28,28,52,45,30,54,16,80,80,78,78,78,78,78,78,78,78,78,78,73,55,55,80,24,80,77,77,77,75,42,32,32,32,32,71,59,59,56,56,80,47,80,80,80,74,0],"gold":41,"neow_bonus":"TWO_FIFTY_GOLD","is_prod":false,"is_daily":false,"chose_seed":false,"campfire_upgraded":4,"win_rate":0,"timestamp":1546884988,"path_taken":["M","$","?","M","M","E","$","M","T","M","?","R","M","M","R","BOSS","M","?","$","?","$","R","M","?","T","R","?","?","M","?","R","BOSS","M","?","M","?","M","E","$","R","T","R","E","R","M","?","R","BOSS","R","$","E","BOSS"],"build_version":"2019-01-03v4","purchased_purges":3,"victory":false,"max_hp_per_floor":[80,80,80,80,80,80,80,80,80,80,80,80,80,80,80,80,80,80,80,80,80,80,80,80,80,80,80,80,80,80,80,80,80,80,80,80,80,80,80,80,80,80,80,80,80,80,80,80,80,80,80,80,80,80,80],"card_choices":[{"not_picked":["Havoc","Body Slam"],"picked":"Headbutt","floor":1},{"not_picked":["Iron Wave","Feel No Pain"],"picked":"Clash","floor":4},{"not_picked":["Sentinel","Heavy Blade"],"picked":"Shrug It Off","floor":5},{"not_picked":["Sword Boomerang","Reaper"],"picked":"Flame Barrier","floor":6},{"not_picked":["Combust","Pommel Strike"],"picked":"Anger","floor":8},{"not_picked":["Iron Wave","Perfected Strike"],"picked":"Shrug It Off","floor":8},{"not_picked":["Battle Trance","Flame Barrier"],"picked":"Clash","floor":10},{"not_picked":["Clothesline","Infernal Blade"],"picked":"Spot Weakness","floor":10},{"not_picked":["Pommel Strike","Thunderclap"],"picked":"Metallicize","floor":13},{"not_picked":["Cleave","Pommel Strike","Double Tap"],"picked":"SKIP","floor":13},{"not_picked":["Cleave","Pommel Strike","Double Tap"],"picked":"SKIP","floor":13},{"not_picked":["Perfected Strike","Shrug It Off"],"picked":"Anger","floor":14},{"not_picked":["Power Through","Rupture"],"picked":"Headbutt","floor":14},{"not_picked":["Fiend Fire","Double Tap"],"picked":"Offering","floor":16},{"not_picked":[],"picked":"Body Slam","floor":18},{"not_picked":["Heavy Blade+1"],"picked":"SKIP","floor":18},{"not_picked":[],"picked":"Armaments","floor":19},{"not_picked":["Havoc"],"picked":"SKIP","floor":19},{"not_picked":[],"picked":"Flex+1","floor":24},{"not_picked":["Power Through"],"picked":"SKIP","floor":24},{"not_picked":[],"picked":"Bloodletting+1","floor":29},{"not_picked":["Warcry"],"picked":"SKIP","floor":29},{"not_picked":["Armaments"],"picked":"SKIP","floor":30},{"not_picked":["Thunderclap"],"picked":"SKIP","floor":30},{"not_picked":[],"picked":"Offering","floor":33},{"not_picked":["True Grit"],"picked":"SKIP","floor":35},{"not_picked":["Heavy Blade+1"],"picked":"SKIP","floor":35},{"not_picked":["Power Through+1"],"picked":"SKIP","floor":37},{"not_picked":["Reckless Charge+1"],"picked":"SKIP","floor":37},{"not_picked":[],"picked":"Rupture+1","floor":38},{"not_picked":["Wild Strike"],"picked":"SKIP","floor":38},{"not_picked":["Sever Soul"],"picked":"SKIP","floor":39},{"not_picked":["Warcry+1"],"picked":"SKIP","floor":39},{"not_picked":["Iron Wave"],"picked":"SKIP","floor":40},{"not_picked":[],"picked":"Clash+1","floor":44},{"not_picked":["Warcry+1"],"picked":"SKIP","floor":45},{"not_picked":[],"picked":"Seeing Red+1","floor":47},{"not_picked":["Body Slam"],"picked":"SKIP","floor":47},{"not_picked":["Wild Strike"],"picked":"SKIP","floor":54}],"player_experience":2032299,"relics_obtained":[{"floor":6,"key":"Prayer Wheel"},{"floor":9,"key":"Matryoshka"},{"floor":26,"key":"Regal Pillow"},{"floor":26,"key":"Pen Nib"},{"floor":40,"key":"Dream Catcher"},{"floor":43,"key":"Meat on the Bone"},{"floor":45,"key":"Blue Candle"},{"floor":54,"key":"Centennial Puzzle"}],"event_choices":[{"cards_removed":["Strike_R"],"damage_healed":0,"gold_gain":0,"player_choice":"Card Removal","damage_taken":7,"max_hp_gain":0,"max_hp_loss":0,"event_name":"Golden Wing","floor":3,"gold_loss":0},{"damage_healed":0,"gold_gain":0,"player_choice":"Bought 1 Potion","damage_taken":0,"max_hp_gain":0,"max_hp_loss":0,"event_name":"The Woman in Blue","floor":11,"gold_loss":0},{"damage_healed":0,"gold_gain":0,"player_choice":"Read","damage_taken":0,"max_hp_gain":0,"max_hp_loss":0,"event_name":"The Library","floor":21,"gold_loss":0,"cards_obtained":["Rage"]},{"damage_healed":0,"gold_gain":99,"player_choice":"Stole From Cult","damage_taken":0,"max_hp_gain":0,"max_hp_loss":0,"event_name":"Nest","floor":25,"gold_loss":0},{"damage_healed":0,"gold_gain":0,"player_choice":"Ignored","damage_taken":0,"max_hp_gain":0,"max_hp_loss":0,"event_name":"Ghosts","floor":31,"gold_loss":0},{"damage_healed":0,"gold_gain":0,"player_choice":"Copied","damage_taken":0,"max_hp_gain":0,"max_hp_loss":0,"event_name":"Duplicator","floor":36,"gold_loss":0,"cards_obtained":["Offering"]},{"cards_removed":["Headbutt"],"damage_healed":0,"gold_gain":0,"player_choice":"Removed Attack","damage_taken":0,"max_hp_gain":0,"max_hp_loss":0,"event_name":"Falling","floor":48,"gold_loss":0}],"is_beta":false,"boss_relics":[{"not_picked":["Velvet Choker","Coffee Dripper"],"picked":"Busted Crown"},{"not_picked":["Mark of Pain","Pandora\u0027s Box"],"picked":"Astrolabe"}],"items_purged_floors":[2,22,28],"is_endless":false,"potions_floor_spawned":[6,8,13,16,24,29,37,38,40,45,54],"killed_by":"The Heart","ascension_level":0}