{"gold_per_floor":[111,111,127,144,155,155,188,148,174,174,190,190,202,0,0,100,100,100],"floor_reached":18,"playtime":765,"items_purged":[],"score":189,"play_id":"da089dd3-9b68-4eb4-b48a-dea680fdfa37","local_time":"20181028150004","is_ascension_mode":true,"campfire_choices":[{"data":"Armaments","floor":6,"key":"SMITH"},{"floor":10,"key":"REST"},{"data":"Rampage","floor":15,"key":"SMITH"}],"neow_cost":"NONE","seed_source_timestamp":690326072895254,"circlet_count":0,"master_deck":["Strike_R","Strike_R","Strike_R","Defend_R","Defend_R","Defend_R","Defend_R","Bash+1","Thunderclap","Metallicize","Armaments+1","Rampage+1","Feed","Clothesline","Barricade"],"relics":["Burning Blood","Omamori","Dream Catcher","Boot","Brimstone","Empty Cage"],"potions_floor_usage":[4,7,11,12,13,13,13,13],"damage_taken":[{"damage":3,"enemies":"2 Louse","floor":1,"turns":4},{"damage":12,"enemies":"Small Slimes","floor":3,"turns":3},{"damage":3,"enemies":"Cultist","floor":4,"turns":4},{"damage":13,"enemies":"Exordium Wildlife","floor":5,"turns":6},{"damage":25,"enemies":"Lagavulin","floor":7,"turns":6},{"damage":2,"enemies":"Gremlin Gang","floor":11,"turns":3},{"damage":0,"enemies":"3 Louse","floor":12,"turns":1},{"damage":0,"enemies":"Large Slime","floor":13,"turns":3},{"damage":69,"enemies":"Hexaghost","floor":16,"turns":8},{"damage":21,"enemies":"Spheric Guardian","floor":18,"turns":4}],"seed_played":"-4336202373382753339","potions_obtained":[{"floor":3,"key":"SkillPotion"},{"floor":4,"key":"PowerPotion"},{"floor":8,"key":"EntropicBrew"},{"floor":8,"key":"SmokeBomb"},{"floor":8,"key":"Explosive Potion"},{"floor":11,"key":"FearPotion"},{"floor":16,"key":"Strength Potion"}],"is_trial":false,"path_per_floor":["M","?","M","M","M","R","E","?","T","R","M","M","M","$","R","B",null],"character_chosen":"IRONCLAD","items_purchased":["Brimstone"],"campfire_rested":1,"item_purchase_floors":[14],"current_hp_per_floor":[80,77,71,74,67,67,48,48,48,72,79,86,89,89,89,26,89,68],"gold":100,"neow_bonus":"UPGRADE_CARD","is_prod":false,"is_daily":false,"chose_seed":false,"campfire_upgraded":2,"win_rate":0,"timestamp":1540756804,"path_taken":["M","?","M","M","M","R","E","?","T","R","M","M","M","$","R","BOSS","M"],"build_version":"2018-10-25v2","purchased_purges":0,"victory":false,"max_hp_per_floor":[80,80,80,80,80,80,80,80,80,80,83,86,89,89,89,89,89,89],"card_choices":[{"not_picked":["Power Through","Entrench"],"picked":"Thunderclap","floor":1},{"not_picked":["Thunderclap","True Grit"],"picked":"Metallicize","floor":3},{"not_picked":["Clash","Iron Wave"],"picked":"Armaments","floor":4},{"not_picked":["Twin Strike","Shrug It Off"],"picked":"Rampage","floor":5},{"not_picked":["Body Slam","Ghostly Armor"],"picked":"Feed","floor":7},{"not_picked":["Heavy Blade","Warcry"],"picked":"Clothesline","floor":10},{"not_picked":["True Grit","Perfected Strike","Anger"],"picked":"SKIP","floor":11},{"not_picked":["Anger","True Grit","Iron Wave"],"picked":"SKIP","floor":13},{"not_picked":["Dark Embrace","Feed"],"picked":"Barricade","floor":16}],"player_experience":481472,"relics_obtained":[{"floor":7,"key":"Dream Catcher"},{"floor":9,"key":"Boot"}],"event_choices":[{"damage_healed":0,"gold_gain":0,"player_choice":"Success","damage_taken":3,"relics_obtained":["Omamori"],"max_hp_gain":0,"max_hp_loss":0,"event_name":"Scrap Ooze","floor":2,"gold_loss":0},{"damage_healed":0,"gold_gain":0,"player_choice":"Bought 3 Potions","damage_taken":0,"max_hp_gain":0,"max_hp_loss":0,"event_name":"The Woman in Blue","floor":8,"gold_loss":0}],"is_beta":true,"boss_relics":[{"not_picked":["Ectoplasm","Coffee Dripper"],"picked":"Empty Cage"}],"items_purged_floors":[],"is_endless":false,"potions_floor_spawned":[3,4,11,16],"killed_by":"Spheric Guardian","ascension_level":3}