{"gold_per_floor":[116,134,134,134,82,82,107,107,107,107,126,155,155,184,184,279,279,292,308,13,32,42,42,67,67,67,15,43,43,60,60,60,60],"floor_reached":33,"playtime":1269,"items_purged":[],"score":491,"play_id":"f311c8f9-cd97-46d7-83c5-23140412d09a","local_time":"20190109213132","is_ascension_mode":true,"campfire_choices":[{"data":"Armaments","floor":6,"key":"SMITH"},{"data":"Bash","floor":8,"key":"SMITH"},{"floor":10,"key":"REST"},{"data":"Heavy Blade","floor":15,"key":"SMITH"},{"floor":23,"key":"REST"},{"floor":25,"key":"REST"},{"data":"Entrench","floor":29,"key":"SMITH"},{"floor":32,"key":"REST"}],"neow_cost":"NONE","seed_source_timestamp":419546839022304,"circlet_count":0,"master_deck":["Strike_R","Strike_R","Strike_R","Strike_R","Defend_R","Defend_R","Defend_R","Defend_R","Bash+1","Armaments+1","Inflame+1","Warcry","Clothesline","Iron Wave","Cleave","Heavy Blade+1","Immolate","Entrench+1","Shrug It Off","Shockwave","Shrug It Off+1"],"relics":["Cursed Key","Incense Burner","Potion Belt","Smiling Mask","Pocketwatch","Busted Crown","Paper Frog","Blue Candle","Gambling Chip"],"potions_floor_usage":[7,12,24,28],"damage_taken":[{"damage":2,"enemies":"Jaw Worm","floor":1,"turns":3},{"damage":2,"enemies":"Small Slimes","floor":2,"turns":3},{"damage":25,"enemies":"3 Sentries","floor":7,"turns":8},{"damage":0,"enemies":"Cultist","floor":11,"turns":3},{"damage":12,"enemies":"Gremlin Nob","floor":12,"turns":3},{"damage":10,"enemies":"3 Sentries","floor":14,"turns":6},{"damage":0,"enemies":"Slime Boss","floor":16,"turns":5},{"damage":11,"enemies":"Spheric Guardian","floor":18,"turns":3},{"damage":12,"enemies":"2 Thieves","floor":19,"turns":4},{"damage":3,"enemies":"Chosen and Byrds","floor":21,"turns":4},{"damage":0,"enemies":"Centurion and Healer","floor":22,"turns":4},{"damage":23,"enemies":"Book of Stabbing","floor":24,"turns":5},{"damage":8,"enemies":"Gremlin Leader","floor":28,"turns":4},{"damage":0,"enemies":"Cultist and Chosen","floor":30,"turns":4},{"damage":68,"enemies":"Automaton","floor":33,"turns":8}],"seed_played":"6614837482534986805","potions_obtained":[{"floor":2,"key":"Strength Potion"},{"floor":7,"key":"Energy Potion"},{"floor":16,"key":"Weak Potion"},{"floor":18,"key":"Strength Potion"},{"floor":19,"key":"SneckoOil"}],"is_trial":false,"path_per_floor":["M","M","?","?","$","R","E","R","T","R","M","E","?","E","R","B",null,"M","M","$","M","M","R","E","R","T","$","E","R","M","?","R","B"],"character_chosen":"IRONCLAD","items_purchased":["Warcry","Shrug It Off","Paper Frog","PowerPotion"],"campfire_rested":4,"item_purchase_floors":[5,20,20,27],"current_hp_per_floor":[70,68,61,49,49,49,24,24,24,48,48,36,36,26,26,26,67,56,44,44,41,41,65,42,66,66,66,58,58,58,43,68,0],"gold":60,"neow_bonus":"BOSS_RELIC","is_prod":false,"is_daily":false,"chose_seed":false,"campfire_upgraded":4,"win_rate":0,"timestamp":1547037092,"path_taken":["M","M","?","?","$","R","E","R","T","R","M","E","?","E","R","BOSS","M","M","$","M","M","R","E","R","T","$","E","R","M","?","R","BOSS"],"build_version":"2019-01-03v4","purchased_purges":0,"victory":false,"max_hp_per_floor":[80,80,80,80,80,80,80,80,80,80,80,80,80,80,80,80,80,80,80,80,80,80,80,80,80,80,80,80,80,80,85,85,85],"card_choices":[{"not_picked":["Clash","True Grit"],"picked":"Armaments","floor":1},{"not_picked":["Havoc","Dropkick"],"picked":"Inflame","floor":2},{"not_picked":["Armaments","Burning Pact"],"picked":"Clothesline","floor":7},{"not_picked":["Twin Strike","Clothesline"],"picked":"Iron Wave","floor":11},{"not_picked":["Pommel Strike","Anger"],"picked":"Cleave","floor":12},{"not_picked":["Berserk","Clothesline"],"picked":"Heavy Blade","floor":14},{"not_picked":["Feed","Berserk"],"picked":"Immolate","floor":16},{"not_picked":[],"picked":"Entrench","floor":18},{"not_picked":["Sword Boomerang+1"],"picked":"SKIP","floor":19},{"not_picked":[],"picked":"Shockwave","floor":21},{"not_picked":["Warcry"],"picked":"SKIP","floor":22},{"not_picked":["Sword Boomerang"],"picked":"SKIP","floor":24},{"not_picked":[],"picked":"Shrug It Off+1","floor":28},{"not_picked":["Clothesline"],"picked":"SKIP","floor":30}],"player_experience":354405,"relics_obtained":[{"floor":7,"key":"Potion Belt"},{"floor":12,"key":"Smiling Mask"},{"floor":14,"key":"Pocketwatch"},{"floor":24,"key":"Blue Candle"},{"floor":28,"key":"Gambling Chip"}],"event_choices":[{"cards_removed":["Strike_R"],"damage_healed":0,"gold_gain":0,"player_choice":"Card Removal","damage_taken":7,"max_hp_gain":0,"max_hp_loss":0,"event_name":"Golden Wing","floor":3,"gold_loss":0},{"damage_healed":0,"gold_gain":0,"player_choice":"Success","damage_taken":12,"relics_obtained":["Incense Burner"],"max_hp_gain":0,"max_hp_loss":0,"event_name":"Scrap Ooze","floor":4,"gold_loss":0},{"damage_healed":0,"gold_gain":0,"player_choice":"Forge","damage_taken":0,"max_hp_gain":0,"max_hp_loss":0,"event_name":"Accursed Blacksmith","floor":13,"gold_loss":0,"cards_upgraded":["Inflame"]},{"damage_healed":0,"gold_gain":0,"player_choice":"Shed Blood","damage_taken":20,"max_hp_gain":5,"max_hp_loss":0,"event_name":"Forgotten Altar","floor":31,"gold_loss":0}],"is_beta":false,"boss_relics":[{"not_picked":["Black Star","Astrolabe"],"picked":"Busted Crown"}],"items_purged_floors":[],"is_endless":false,"potions_floor_spawned":[2,7,16,18,19],"killed_by":"Automaton","ascension_level":8}