{"gold_per_floor":[109,59,78,78,89,89,117,117,186,205,218,228,228,240,240,337,337,355,367,367,367,367,367,402,416,484,484,484,499,511,62,62,158,158,178,193,193,203,0,30,30,30,84,84,99,99,117,141,141,141],"floor_reached":51,"playtime":3965,"items_purged":["Strike_R"],"score":1095,"play_id":"c1f422fb-275e-4e00-9239-ad213958a8ea","local_time":"20180701011244","is_ascension_mode":true,"campfire_choices":[{"data":"Clothesline","floor":6.0,"key":"SMITH"},{"data":"Bash","floor":8.0,"key":"SMITH"},{"data":"Flame Barrier","floor":13.0,"key":"SMITH"},{"data":"Iron Wave","floor":15.0,"key":"SMITH"},{"data":"Battle Trance","floor":23.0,"key":"SMITH"},{"floor":27.0,"key":"REST"},{"floor":32,"key":"REST"},{"data":"Armaments","floor":42,"key":"SMITH"},{"data":"Uppercut","floor":44,"key":"SMITH"},{"data":"Pommel Strike","floor":46,"key":"SMITH"},{"floor":49,"key":"REST"}],"neow_cost":"","seed_source_timestamp":161313138031444,"circlet_count":0,"master_deck":["Bash+1","AscendersBane","Clothesline+1","Pommel Strike+1","Flame Barrier+1","Shockwave","Battle Trance+1","Iron Wave+1","Offering","Armaments+1","Ghostly Armor","Iron Wave+1","Heavy Blade+1","Entrench","Clothesline+1","Barricade+1","Uppercut+1","Juggernaut+1","True Grit","Perfected Strike","Metallicize+1","Ghostly Armor","Feel No Pain+1","Clothesline","Body Slam","Armaments+1","Sentinel+1","Sever Soul+1","Madness","Madness","Carnage+1","Sever Soul+1","Heavy Blade","Heavy Blade+1"],"special_seed":0,"relics":["Burning Blood","Blood Vial","Frozen Egg 2","Snecko Eye","Juzu Bracelet","Smiling Mask","FaceOfCleric","Pear","Pandora\u0027s Box","Red Mask","Bronze Scales","Whetstone","Regal Pillow"],"potions_floor_usage":[29,36,45,50,50],"damage_taken":[{"damage":19.0,"enemies":"Small Slimes","floor":1.0,"turns":4.0},{"damage":1.0,"enemies":"2 Louse","floor":3.0,"turns":3.0},{"damage":0.0,"enemies":"Cultist","floor":5.0,"turns":4.0},{"damage":17.0,"enemies":"Gremlin Nob","floor":7.0,"turns":4.0},{"damage":35.0,"enemies":"Gremlin Gang","floor":10.0,"turns":6.0},{"damage":0.0,"enemies":"Large Slime","floor":11.0,"turns":5.0},{"damage":3.0,"enemies":"Looter","floor":12.0,"turns":4.0},{"damage":16.0,"enemies":"Lots of Slimes","floor":14.0,"turns":5.0},{"damage":10.0,"enemies":"The Guardian","floor":16.0,"turns":13.0},{"damage":10.0,"enemies":"Chosen","floor":18.0,"turns":4.0},{"damage":23.0,"enemies":"Spheric Guardian","floor":19.0,"turns":4.0},{"damage":43.0,"enemies":"Book of Stabbing","floor":24.0,"turns":8.0},{"damage":15.0,"enemies":"3 Cultists","floor":25.0,"turns":7.0},{"damage":13,"enemies":"Cultist and Chosen","floor":29,"turns":6},{"damage":4,"enemies":"Centurion and Healer","floor":30,"turns":7},{"damage":75,"enemies":"Automaton","floor":33,"turns":15},{"damage":4,"enemies":"Flame Bruiser 1 Orb","floor":35,"turns":5},{"damage":12,"enemies":"3 Darklings","floor":36,"turns":5},{"damage":6,"enemies":"Spire Growth","floor":38,"turns":5},{"damage":4,"enemies":"Giant Head","floor":40,"turns":9},{"damage":25,"enemies":"Maw","floor":45,"turns":7},{"damage":31,"enemies":"Flame Bruiser 2 Orb","floor":47,"turns":8},{"damage":47,"enemies":"Awakened One","floor":50,"turns":14}],"seed_played":"3879202962482083471","potions_obtained":[{"floor":5.0,"key":"EssenceOfSteel"},{"floor":10.0,"key":"SpeedPotion"},{"floor":12.0,"key":"FearPotion"},{"floor":16.0,"key":"PowerPotion"},{"floor":21.0,"key":"SpeedPotion"},{"floor":33,"key":"PowerPotion"},{"floor":38,"key":"SneckoOil"},{"floor":45,"key":"LiquidBronze"},{"floor":47,"key":"SkillPotion"}],"is_trial":false,"path_per_floor":["M","?","M","?","M","R","E","R","T","M","M","M","R","M","R","B",null,"M","M","?","?","?","R","E","M","T","R","?","M","M","$","R","B",null,"M","M","?","M","?","E","?","R","T","R","M","R","M","T","R","B"],"character_chosen":"IRONCLAD","items_purchased":["Barricade+1","Pear","Uppercut"],"campfire_rested":3,"item_purchase_floors":[31,31,31],"current_hp_per_floor":[75,75,80,80,86,86,75,75,75,48,56,61,61,53,53,51,85,83,68,49,49,49,49,14,7,7,37,37,33,38,48,81,15,89,94,91,76,79,79,84,84,84,84,84,68,68,46,46,97,59],"gold":141,"neow_bonus":"","is_prod":false,"is_daily":false,"chose_seed":false,"campfire_upgraded":8,"win_rate":0,"timestamp":1530400364,"path_taken":["M","?","?","?","M","R","E","R","T","M","M","M","R","M","R","BOSS","M","M","?","?","?","R","E","M","T","R","?","M","M","$","R","BOSS","M","M","?","M","?","E","?","R","T","R","M","R","M","?","R","BOSS"],"build_version":"2018-06-29","purchased_purges":1,"victory":true,"max_hp_per_floor":[96,96,96,96,96,96,96,96,96,96,96,96,96,96,96,96,96,96,96,101,101,101,101,101,101,101,101,101,102,103,113,113,114,114,115,116,116,117,117,118,118,118,118,118,119,119,120,120,120,121],"card_choices":[{"not_picked":["Thunderclap","Sword Boomerang"],"picked":"Clothesline","floor":1.0},{"not_picked":["Headbutt","Searing Blow","Warcry"],"picked":"SKIP","floor":3.0},{"not_picked":["Twin Strike","Dropkick"],"picked":"Pommel Strike","floor":5.0},{"not_picked":["Dual Wield","Sever Soul","Sword Boomerang"],"picked":"SKIP","floor":7.0},{"not_picked":["Perfected Strike","Pommel Strike"],"picked":"Flame Barrier","floor":10.0},{"not_picked":["Pommel Strike","Clothesline"],"picked":"Shockwave","floor":11.0},{"not_picked":["Hemokinesis","Havoc"],"picked":"Battle Trance","floor":12.0},{"not_picked":["Hemokinesis","Pommel Strike"],"picked":"Iron Wave","floor":14.0},{"not_picked":["Fiend Fire","Brutality+1"],"picked":"Offering","floor":16.0},{"not_picked":["Body Slam","Warcry"],"picked":"Armaments+1","floor":18.0},{"not_picked":["Evolve+1","Havoc+1"],"picked":"Ghostly Armor","floor":19.0},{"not_picked":["Spot Weakness","Thunderclap"],"picked":"Iron Wave+1","floor":24.0},{"not_picked":["Iron Wave+1","Metallicize+1"],"picked":"Heavy Blade+1","floor":25.0},{"not_picked":["Havoc","Reckless Charge"],"picked":"Entrench","floor":29},{"not_picked":["Burning Pact","Dropkick"],"picked":"Clothesline","floor":30},{"not_picked":["Brutality+1","Reaper"],"picked":"Juggernaut+1","floor":33},{"not_picked":["Twin Strike","Wild Strike+1","Sentinel+1"],"picked":"SKIP","floor":35},{"not_picked":["Twin Strike","Wild Strike+1"],"picked":"Sentinel+1","floor":35},{"not_picked":["Rupture+1","Pummel"],"picked":"Sever Soul+1","floor":36},{"not_picked":["Pommel Strike+1","Armaments+1"],"picked":"Carnage","floor":38},{"not_picked":["Evolve+1","Headbutt"],"picked":"Sever Soul+1","floor":40},{"not_picked":["Sword Boomerang","Bloodletting"],"picked":"Heavy Blade","floor":45},{"not_picked":["Wild Strike+1","Armaments+1"],"picked":"Heavy Blade+1","floor":47}],"player_experience":233118,"relics_obtained":[{"floor":7.0,"key":"Blood Vial"},{"floor":9.0,"key":"Frozen Egg 2"},{"floor":24.0,"key":"Juzu Bracelet"},{"floor":26.0,"key":"Smiling Mask"},{"floor":40,"key":"Bronze Scales"},{"floor":43,"key":"Whetstone"},{"floor":48,"key":"Regal Pillow"}],"event_choices":[{"event_name":"The Cleric","player_choice":"Card Removal","floor":2.0,"damage_taken":0.0},{"event_name":"Liars Game","player_choice":"disagreed","floor":4.0,"damage_taken":0.0},{"event_name":"Forgotten Altar","player_choice":"Shed Blood","floor":20.0,"damage_taken":0.0},{"event_name":"The Lab","player_choice":"Got Potions","floor":21.0,"damage_taken":0.0},{"event_name":"Ghosts","player_choice":"Ignored","floor":22.0,"damage_taken":0.0},{"event_name":"FaceTrader","player_choice":"Trade","floor":28,"damage_taken":0},{"event_name":"Winding Halls","player_choice":"Embrace Madness","floor":37,"damage_taken":0},{"event_name":"Tomb of Lord Red Mask","player_choice":"Paid","floor":39,"damage_taken":0},{"event_name":"SensoryStone","player_choice":"Memory 1","floor":41,"damage_taken":0}],"boss_relics":[{"not_picked":["Calling Bell","Black Blood"],"picked":"Snecko Eye"},{"not_picked":["Velvet Choker","Tiny House"],"picked":"Pandora\u0027s Box"}],"items_purged_floors":[31],"is_endless":false,"potions_floor_spawned":[5,10,12,14,16,33,38,45,47],"ascension_level":11}