{"gold_per_floor":[116,129,1,18,18,47,47,59,59,59,31,31,31,43,43,139,139,155,155,155,174,185,185,200,200,226,226],"floor_reached":27,"playtime":736,"items_purged":[],"score":288,"play_id":"f6de0d61-acf4-460a-b889-6e17f8259e14","local_time":"20190117170859","is_ascension_mode":true,"campfire_choices":[{"floor":7,"key":"REST"},{"data":"Zap","floor":10,"key":"SMITH"},{"data":"Beam Cell","floor":12,"key":"SMITH"},{"floor":15,"key":"REST"},{"floor":23,"key":"REST"}],"neow_cost":"NONE","seed_source_timestamp":747632612661956,"circlet_count":0,"master_deck":["Strike_B+1","Strike_B+1","Strike_B+1","Defend_B+1","Defend_B+1","Defend_B+1","Defend_B+1","Zap+1","Dualcast","Coolheaded","Ball Lightning","Sunder","Beam Cell+1","Electrodynamics","Melter","Streamline","Lockon","Buffer","Coolheaded","Stack+1"],"relics":["Cracked Core","Orichalcum","Darkstone Periapt","Busted Crown","PreservedInsect"],"potions_floor_usage":[6,14,16,27],"damage_taken":[{"damage":9,"enemies":"Jaw Worm","floor":1,"turns":5},{"damage":0,"enemies":"Small Slimes","floor":2,"turns":5},{"damage":0,"enemies":"Cultist","floor":4,"turns":2},{"damage":20,"enemies":"3 Sentries","floor":6,"turns":4},{"damage":5,"enemies":"Looter","floor":8,"turns":3},{"damage":8,"enemies":"Blue Slaver","floor":14,"turns":2},{"damage":29,"enemies":"The Guardian","floor":16,"turns":11},{"damage":0,"enemies":"Spheric Guardian","floor":18,"turns":2},{"damage":0,"enemies":"Chosen","floor":21,"turns":3},{"damage":30,"enemies":"Snake Plant","floor":22,"turns":3},{"damage":18,"enemies":"Snecko","floor":24,"turns":4},{"damage":41,"enemies":"Gremlin Leader","floor":27,"turns":4}],"seed_played":"1245556591080423766","potions_obtained":[{"floor":1,"key":"Block Potion"},{"floor":4,"key":"SpeedPotion"},{"floor":6,"key":"Energy Potion"},{"floor":24,"key":"SteroidPotion"}],"is_trial":false,"path_per_floor":["M","M","$","M","?","E","R","M","T","R","?","R","?","M","R","B",null,"M","?","?","M","M","R","M","?","T","E"],"character_chosen":"DEFECT","items_purchased":["Sunder","Beam Cell"],"campfire_rested":3,"item_purchase_floors":[3,3],"current_hp_per_floor":[66,66,66,66,66,46,70,65,65,65,65,65,65,57,81,52,75,75,59,59,59,29,55,37,37,37,0],"gold":226,"neow_bonus":"TEN_PERCENT_HP_BONUS","is_prod":false,"is_daily":false,"chose_seed":false,"campfire_upgraded":2,"win_rate":0,"timestamp":1547766539,"path_taken":["M","M","$","M","?","E","R","M","T","R","?","R","?","?","R","BOSS","M","?","?","M","?","R","M","?","T","E"],"build_version":"2019-01-16","purchased_purges":0,"victory":false,"max_hp_per_floor":[82,82,82,82,82,82,82,82,82,82,82,82,82,82,82,82,82,82,87,87,87,87,87,87,87,87,87],"card_choices":[{"not_picked":["Auto Shields","Redo"],"picked":"Coolheaded","floor":1},{"not_picked":["Barrage","Turbo"],"picked":"Ball Lightning","floor":2},{"not_picked":["Steam","Force Field"],"picked":"Electrodynamics","floor":4},{"not_picked":["Compile Driver","Beam Cell"],"picked":"Melter","floor":6},{"not_picked":["Sweeping Beam","Stack"],"picked":"Streamline","floor":8},{"not_picked":["Scrape","Doom and Gloom","Darkness"],"picked":"SKIP","floor":14},{"not_picked":["Seek","Creative AI"],"picked":"Buffer","floor":16},{"not_picked":["Turbo"],"picked":"SKIP","floor":18},{"not_picked":["Stack"],"picked":"SKIP","floor":21},{"not_picked":[],"picked":"Stack+1","floor":22},{"not_picked":["Aggregate"],"picked":"SKIP","floor":24}],"player_experience":605504,"relics_obtained":[{"floor":6,"key":"Orichalcum"},{"floor":9,"key":"Darkstone Periapt"},{"floor":26,"key":"PreservedInsect"}],"event_choices":[{"damage_healed":0,"gold_gain":0,"player_choice":"Ignored","damage_taken":0,"max_hp_gain":0,"max_hp_loss":0,"event_name":"Liars Game","floor":5,"gold_loss":0},{"damage_healed":0,"gold_gain":0,"player_choice":"Left Gold","damage_taken":0,"max_hp_gain":0,"max_hp_loss":0,"event_name":"World of Goop","floor":11,"gold_loss":28},{"damage_healed":0,"gold_gain":0,"cards_transformed":["Strike_B"],"player_choice":"Transformed","damage_taken":0,"max_hp_gain":0,"max_hp_loss":0,"event_name":"Transmorgrifier","floor":13,"gold_loss":0,"cards_obtained":["Lockon"]},{"damage_healed":0,"gold_gain":0,"player_choice":"Shed Blood","damage_taken":21,"max_hp_gain":5,"max_hp_loss":0,"event_name":"Forgotten Altar","floor":19,"gold_loss":0},{"damage_healed":0,"gold_gain":0,"player_choice":"Copied","damage_taken":0,"max_hp_gain":0,"max_hp_loss":0,"event_name":"Duplicator","floor":20,"gold_loss":0,"cards_obtained":["Coolheaded"]},{"damage_healed":0,"gold_gain":0,"player_choice":"Simplicity","damage_taken":0,"max_hp_gain":0,"max_hp_loss":0,"event_name":"Back to Basics","floor":25,"gold_loss":0,"cards_upgraded":["Strike_B","Strike_B","Strike_B","Defend_B","Defend_B","Defend_B","Defend_B"]}],"is_beta":true,"boss_relics":[{"not_picked":["Calling Bell","Black Star"],"picked":"Busted Crown"}],"items_purged_floors":[],"is_endless":false,"potions_floor_spawned":[1,4,6,24],"killed_by":"Gremlin Leader","ascension_level":7}