{"gold_per_floor":[112,125,144,144,160,194,209,209,209,220,220,240,254,274,274,274],"floor_reached":16,"playtime":607,"items_purged":[],"score":119,"play_id":"0cfef357-48ab-4e9d-8932-fb590d19a422","local_time":"20181020003627","is_ascension_mode":true,"campfire_choices":[{"floor":8,"key":"REST"},{"data":"Searing Blow","floor":11,"key":"SMITH"},{"data":"Searing Blow+1","floor":15,"key":"SMITH"}],"neow_cost":"NONE","seed_source_timestamp":26433143804980,"circlet_count":0,"master_deck":["Strike_R","Strike_R","Strike_R","Strike_R","Defend_R","Defend_R","Defend_R","Defend_R","Bash","Twin Strike","Shrug It Off","Flex","Clothesline","Pommel Strike","Searing Blow+2","Intimidate","Metallicize"],"relics":["Burning Blood","Shuriken","Dodecahedron"],"potions_floor_usage":[5,14,16],"damage_taken":[{"damage":5,"enemies":"Small Slimes","floor":1,"turns":5},{"damage":0,"enemies":"2 Louse","floor":2,"turns":3},{"damage":0,"enemies":"Cultist","floor":3,"turns":3},{"damage":19,"enemies":"Exordium Thugs","floor":5,"turns":6},{"damage":31,"enemies":"Lagavulin","floor":6,"turns":8},{"damage":8,"enemies":"3 Louse","floor":7,"turns":2},{"damage":1,"enemies":"Looter","floor":10,"turns":4},{"damage":7,"enemies":"Exordium Wildlife","floor":12,"turns":3},{"damage":13,"enemies":"Blue Slaver","floor":13,"turns":3},{"damage":1,"enemies":"Red Slaver","floor":14,"turns":3},{"damage":72,"enemies":"The Guardian","floor":16,"turns":16}],"seed_played":"-6486111844958769946","potions_obtained":[{"floor":2,"key":"SteroidPotion"},{"floor":6,"key":"EssenceOfSteel"},{"floor":13,"key":"GamblersBrew"}],"is_trial":false,"path_per_floor":["M","M","M","?","M","E","M","R","T","M","R","M","M","M","R"],"character_chosen":"IRONCLAD","items_purchased":[],"campfire_rested":1,"item_purchase_floors":[],"current_hp_per_floor":[80,80,80,80,67,42,40,64,64,69,69,68,61,66,66,0],"gold":274,"neow_bonus":"TRANSFORM_CARD","is_prod":false,"is_daily":false,"chose_seed":false,"campfire_upgraded":2,"win_rate":0,"timestamp":1540013787,"path_taken":["M","M","M","?","M","E","M","R","T","M","R","?","M","M","R","BOSS"],"build_version":"2018-10-19","purchased_purges":0,"victory":false,"max_hp_per_floor":[80,80,80,80,80,80,80,80,80,80,80,80,80,80,80,80],"card_choices":[{"not_picked":["Headbutt","True Grit"],"picked":"Shrug It Off","floor":1},{"not_picked":["Sever Soul","Entrench"],"picked":"Flex","floor":2},{"not_picked":["Heavy Blade","Sword Boomerang","Body Slam"],"picked":"SKIP","floor":3},{"not_picked":["Headbutt","Cleave"],"picked":"Clothesline","floor":5},{"not_picked":["Clothesline","True Grit"],"picked":"Pommel Strike","floor":6},{"not_picked":["True Grit","Clothesline","Blood for Blood"],"picked":"SKIP","floor":7},{"not_picked":["Perfected Strike","Clash"],"picked":"Searing Blow","floor":10},{"not_picked":["Clothesline","Corruption"],"picked":"Intimidate","floor":12},{"not_picked":["Double Tap","Dropkick"],"picked":"Metallicize","floor":13},{"not_picked":["Sentinel","Bloodletting","Twin Strike"],"picked":"SKIP","floor":14}],"player_experience":438990,"relics_obtained":[{"floor":6,"key":"Shuriken"},{"floor":9,"key":"Dodecahedron"}],"event_choices":[{"damage_healed":0,"gold_gain":0,"player_choice":"Ignored","damage_taken":0,"max_hp_gain":0,"max_hp_loss":0,"event_name":"Shining Light","floor":4,"gold_loss":0}],"is_beta":true,"boss_relics":[],"items_purged_floors":[],"is_endless":false,"potions_floor_spawned":[2,6,13],"killed_by":"The Guardian","ascension_level":2}