{"path_per_floor":["M","M","M","M","$","R","E","R","T","M","M","M","?"],"character_chosen":"THE_SILENT","items_purchased":["Catalyst","Bandage Up"],"gold_per_floor":[114,132,151,167,1,1,35,35,58,78,92,103,278,278],"floor_reached":14,"campfire_rested":1,"playtime":3870,"current_hp_per_floor":[70,68,65,64,64,64,36,57,57,47,27,29,29,0],"items_purged":[],"gold":278,"score":94,"play_id":"c1baf4e8-60ce-4e0b-9d1b-957fbd0febfe","local_time":"20180523163701","is_prod":false,"is_daily":false,"chose_seed":false,"is_ascension_mode":false,"campfire_upgraded":1,"timestamp":1527107821,"campfire_choices":[{"data":"Deadly Poison","floor":6,"key":"SMITH"},{"floor":8,"key":"REST"}],"path_taken":["M","M","M","?","$","R","E","R","T","M","M","M","?","M"],"build_version":"2018-05-17","seed_source_timestamp":216843783693816,"purchased_purges":0,"victory":false,"master_deck":["Defend_G","Defend_G","Defend_G","Defend_G","Defend_G","Strike_G","Strike_G","Strike_G","Strike_G","Strike_G","Survivor","Neutralize+1","Deadly Poison+1","Outmaneuver","Dagger Throw","Acrobatics","Catalyst+1","Bandage Up","Bouncing Flask+1","Prepared","Leg Sweep","Deflect","Doubt"],"max_hp_per_floor":[70,70,70,70,70,70,70,70,70,70,70,70,70,70],"relics":["Ring of the Snake","Pen Nib","War Paint"],"card_choices":[{"not_picked":["Outmaneuver","Underhanded Strike"],"picked":"Deadly Poison","floor":1},{"not_picked":["Dodge and Roll","Endless Agony"],"picked":"Outmaneuver","floor":2},{"not_picked":["Quick Slash","Outmaneuver"],"picked":"Dagger Throw","floor":3},{"not_picked":["All Out Attack","Footwork"],"picked":"Acrobatics","floor":4},{"not_picked":["Malaise","PiercingWail"],"picked":"Bouncing Flask","floor":7},{"not_picked":["Malaise","Unload"],"picked":"Prepared","floor":10},{"not_picked":["Backstab","Prepared"],"picked":"Leg Sweep","floor":11},{"not_picked":["Backflip","All Out Attack"],"picked":"Deflect","floor":12}],"player_experience":89219,"potions_floor_usage":[],"damage_taken":[{"damage":0,"enemies":"Cultist","floor":1,"turns":4},{"damage":2,"enemies":"Small Slimes","floor":2,"turns":4},{"damage":3,"enemies":"Jaw Worm","floor":3,"turns":4},{"damage":1,"enemies":"Blue Slaver","floor":4,"turns":4},{"damage":32,"enemies":"Lagavulin","floor":7,"turns":6},{"damage":14,"enemies":"3 Louse","floor":10,"turns":3},{"damage":24,"enemies":"Exordium Wildlife","floor":11,"turns":3},{"damage":2,"enemies":"Looter","floor":12,"turns":3},{"damage":34,"enemies":"Gremlin Gang","floor":14,"turns":2}],"relics_obtained":[{"floor":7,"key":"Pen Nib"},{"floor":9,"key":"War Paint"}],"event_choices":[{"event_name":"Liars Game","player_choice":"agreed","floor":13,"damage_taken":0}],"boss_relics":[],"potions_floor_spawned":[3,10,12],"seed_played":"3610911198929875137","killed_by":"Gremlin Gang","ascension_level":0,"potions_obtained":[{"floor":3,"key":"SpeedPotion"},{"floor":10,"key":"Weak Potion"},{"floor":12,"key":"Energy Potion"}],"is_trial":false}