{"gold_per_floor":[114,114,114,114,129,143,143,177,177,177,177,194,194,211,211,310,310,321,334,346,346,445,445,101,0,0,24,24,24,34,53,53,148,198,216,232,232,248,297,297,207,220,220,220,26,26,26,39,39,39],"floor_reached":51,"playtime":3384,"items_purged":["Strike_R","Strike_R"],"score":720,"play_id":"cc847990-fb59-44b2-bf97-83989cbd7dd3","local_time":"20190120193218","is_ascension_mode":false,"campfire_choices":[{"data":"Armaments","floor":7,"key":"SMITH"},{"data":"Sword Boomerang","floor":10,"key":"SMITH"},{"data":"Bash","floor":13,"key":"SMITH"},{"data":"Armaments","floor":15,"key":"SMITH"},{"data":"Barricade","floor":23,"key":"SMITH"},{"data":"Shrug It Off","floor":29,"key":"SMITH"},{"floor":32,"key":"REST"},{"floor":40,"key":"REST"},{"data":"Evolve","floor":46,"key":"SMITH"},{"floor":49,"key":"REST"}],"neow_cost":"NONE","seed_source_timestamp":783342174381177,"circlet_count":0,"master_deck":["Strike_R","Strike_R","Defend_R","Defend_R+1","Defend_R","Defend_R+1","Bash+1","Spot Weakness+1","Armaments+1","Anger","Sword Boomerang+1","Armaments+1","Barricade+1","Searing Blow","Shrug It Off+1","Entrench+1","Ghostly Armor+1","Shrug It Off+1","Flame Barrier+1","True Grit","Body Slam+1","Ghostly Armor","Evolve+1","Entrench+1"],"relics":["Burning Blood","Incense Burner","Meat on the Bone","Smiling Mask","Sozu","Vajra","Oddly Smooth Stone","WingedGreaves","Anchor","Tiny House","Thread and Needle","Dream Catcher","Bronze Scales"],"potions_floor_usage":[16,16,31],"damage_taken":[{"damage":0,"enemies":"Small Slimes","floor":1,"turns":3},{"damage":3,"enemies":"Jaw Worm","floor":5,"turns":3},{"damage":8,"enemies":"2 Louse","floor":6,"turns":3},{"damage":26,"enemies":"3 Sentries","floor":8,"turns":6},{"damage":10,"enemies":"Looter","floor":12,"turns":3},{"damage":13,"enemies":"2 Fungi Beasts","floor":14,"turns":3},{"damage":36,"enemies":"Hexaghost","floor":16,"turns":10},{"damage":5,"enemies":"Chosen","floor":18,"turns":2},{"damage":20,"enemies":"Spheric Guardian","floor":19,"turns":5},{"damage":29,"enemies":"Centurion and Healer","floor":20,"turns":6},{"damage":0,"enemies":"Colosseum Slavers","floor":28,"turns":5},{"damage":5,"enemies":"Shelled Parasite and Fungi","floor":30,"turns":4},{"damage":33,"enemies":"Sentry and Sphere","floor":31,"turns":8},{"damage":0,"enemies":"Champ","floor":33,"turns":18},{"damage":0,"enemies":"Orb Walker","floor":35,"turns":4},{"damage":18,"enemies":"3 Shapes","floor":36,"turns":6},{"damage":0,"enemies":"3 Darklings","floor":38,"turns":8},{"damage":66,"enemies":"2 Orb Walkers","floor":39,"turns":10},{"damage":0,"enemies":"Sphere and 2 Shapes","floor":42,"turns":10},{"damage":0,"enemies":"Maw","floor":48,"turns":7},{"damage":25,"enemies":"Time Eater","floor":50,"turns":14}],"seed_played":"-7392276910679249731","potions_obtained":[{"floor":5,"key":"Swift Potion"},{"floor":12,"key":"Swift Potion"},{"floor":16,"key":"SkillPotion"}],"is_trial":false,"path_per_floor":["M","?","$","?","M","M","R","E","T","R","T","M","R","M","R","B",null,"M","M","M","?","?","R","$","?","T","T","?","R","M","M","R","B",null,"M","M","?","M","?","R","?","M","T","?","$","R","$","M","R","B",null],"character_chosen":"IRONCLAD","items_purchased":["Vajra","Oddly Smooth Stone","Bronze Scales"],"campfire_rested":3,"item_purchase_floors":[24,24,45],"current_hp_per_floor":[88,88,88,88,88,86,86,66,66,66,66,62,62,55,55,37,88,88,74,51,42,42,42,42,42,42,42,60,60,61,46,72,78,93,93,81,81,87,39,66,66,72,72,72,72,72,72,78,93,74],"gold":39,"neow_bonus":"TEN_PERCENT_HP_BONUS","is_prod":false,"is_daily":false,"chose_seed":false,"campfire_upgraded":7,"win_rate":0,"timestamp":1548041538,"path_taken":["M","?","?","?","M","M","R","E","T","R","?","M","R","M","R","BOSS","M","M","M","?","?","R","$","?","T","?","?","R","?","M","R","BOSS","M","M","?","?","?","R","?","?","T","?","$","R","?","M","R","BOSS"],"build_version":"2019-01-17v2","purchased_purges":2,"victory":true,"max_hp_per_floor":[88,88,88,88,88,88,88,88,88,88,88,88,88,88,88,88,88,88,88,88,88,88,88,88,88,88,88,88,88,88,88,88,88,93,93,93,93,93,93,93,93,93,93,93,93,93,93,93,93,93],"card_choices":[{"not_picked":["Clothesline","Headbutt"],"picked":"Spot Weakness","floor":1},{"not_picked":["Flex","Sword Boomerang"],"picked":"Armaments","floor":5},{"not_picked":["Thunderclap","Dropkick"],"picked":"Anger","floor":6},{"not_picked":["Wild Strike","Clothesline"],"picked":"Sword Boomerang","floor":8},{"not_picked":["Havoc","Clash","Disarm"],"picked":"SKIP","floor":12},{"not_picked":["Cleave","Bludgeon"],"picked":"Armaments","floor":14},{"not_picked":["Reaper","Demon Form"],"picked":"Barricade","floor":16},{"not_picked":["Intimidate","Anger"],"picked":"Searing Blow","floor":18},{"not_picked":["Power Through","Feel No Pain+1"],"picked":"Shrug It Off","floor":19},{"not_picked":["Power Through","Disarm"],"picked":"Entrench+1","floor":20},{"not_picked":["Anger","Corruption"],"picked":"Ghostly Armor+1","floor":30},{"not_picked":["Heavy Blade","Blood for Blood"],"picked":"Shrug It Off","floor":31},{"not_picked":["Corruption","Perfected Strike"],"picked":"Flame Barrier+1","floor":34},{"not_picked":["Fire Breathing+1","Perfected Strike+1"],"picked":"True Grit","floor":35},{"not_picked":["Whirlwind+1","Uppercut+1"],"picked":"Body Slam+1","floor":36},{"not_picked":["Demon Form","Blood for Blood+1"],"picked":"Ghostly Armor","floor":38},{"not_picked":["Cleave+1","Infernal Blade+1"],"picked":"Evolve","floor":42},{"not_picked":["Clothesline+1","Flex","Sever Soul+1"],"picked":"SKIP","floor":48}],"player_experience":138515,"relics_obtained":[{"floor":8,"key":"Incense Burner"},{"floor":9,"key":"Meat on the Bone"},{"floor":11,"key":"Smiling Mask"},{"floor":26,"key":"WingedGreaves"},{"floor":27,"key":"Anchor"},{"floor":39,"key":"Thread and Needle"},{"floor":43,"key":"Dream Catcher"}],"event_choices":[{"damage_healed":0,"gold_gain":0,"player_choice":"Grow","damage_taken":0,"max_hp_gain":0,"max_hp_loss":0,"event_name":"Living Wall","floor":2,"gold_loss":0,"cards_upgraded":["Spot Weakness"]},{"damage_healed":0,"gold_gain":0,"player_choice":"Ignored","damage_taken":0,"max_hp_gain":0,"max_hp_loss":0,"event_name":"Golden Wing","floor":4,"gold_loss":0},{"damage_healed":0,"gold_gain":0,"player_choice":"Stopped","damage_taken":9,"max_hp_gain":0,"max_hp_loss":0,"event_name":"Cursed Tome","floor":21,"gold_loss":0},{"damage_healed":0,"gold_gain":99,"player_choice":"Stole From Cult","damage_taken":0,"max_hp_gain":0,"max_hp_loss":0,"event_name":"Nest","floor":22,"gold_loss":0},{"damage_healed":0,"gold_gain":0,"player_choice":"Paid Fearfully","damage_taken":0,"max_hp_gain":0,"max_hp_loss":0,"event_name":"Masked Bandits","floor":25,"gold_loss":101},{"damage_healed":0,"gold_gain":0,"player_choice":"Fight","damage_taken":0,"max_hp_gain":0,"max_hp_loss":0,"event_name":"Colosseum","floor":28,"gold_loss":0},{"damage_healed":0,"gold_gain":0,"player_choice":"Fled From Nobs","damage_taken":0,"max_hp_gain":0,"max_hp_loss":0,"event_name":"Colosseum","floor":28,"gold_loss":0},{"damage_healed":0,"gold_gain":0,"player_choice":"Upgraded","damage_taken":0,"max_hp_gain":0,"max_hp_loss":0,"event_name":"Upgrade Shrine","floor":37,"gold_loss":0,"cards_upgraded":["Shrug It Off"]},{"damage_healed":0,"gold_gain":0,"player_choice":"Fight","damage_taken":0,"max_hp_gain":0,"max_hp_loss":0,"event_name":"Mysterious Sphere","floor":39,"gold_loss":0},{"cards_removed":["Strike_R"],"damage_healed":0,"gold_gain":0,"player_choice":"Upgrade and Remove","damage_taken":0,"max_hp_gain":0,"max_hp_loss":0,"event_name":"Designer","floor":41,"gold_loss":90,"cards_upgraded":["Defend_R"]},{"damage_healed":0,"gold_gain":0,"player_choice":"Copied","damage_taken":0,"max_hp_gain":0,"max_hp_loss":0,"event_name":"Duplicator","floor":44,"gold_loss":0,"cards_obtained":["Entrench"]}],"is_beta":false,"boss_relics":[{"not_picked":["Lizard Tail","Runic Dome"],"picked":"Sozu"},{"not_picked":["Coffee Dripper","Busted Crown"],"picked":"Tiny House"}],"items_purged_floors":[24,45],"is_endless":false,"potions_floor_spawned":[5,12,16,18,28,33,39,48],"ascension_level":0}