{"gold_per_floor":[116,291,291,307,325,325,356,356,356,372,372,387,397,69,69,166,166,179,179,198,60,76,76,76,86,86,2,2,20,20,20,20,123,123,141,141,416,433,453,7,7,7,7,7],"floor_reached":44,"playtime":2381,"items_purged":["Doubt","Strike_G","Regret"],"score":433,"play_id":"c4dd3841-df97-408a-9053-932506e5f7f3","local_time":"20180815133603","is_ascension_mode":false,"campfire_choices":[{"data":"After Image","floor":6,"key":"SMITH"},{"data":"Footwork","floor":11,"key":"SMITH"},{"floor":15,"key":"REST"},{"data":"Apotheosis","floor":23,"key":"SMITH"},{"floor":28,"key":"REST"},{"data":"Footwork","floor":30,"key":"SMITH"},{"data":"Blade Dance","floor":32,"key":"SMITH"}],"neow_cost":"NONE","seed_source_timestamp":96732089010927,"circlet_count":0,"master_deck":["Defend_G","Defend_G","Defend_G","Defend_G","Defend_G","Strike_G","Strike_G","Strike_G","Survivor","Neutralize","After Image+1","Cloak And Dagger","Backflip","Outmaneuver","Dagger Spray","Footwork+1","Bouncing Flask","Poisoned Stab","Apotheosis+1","Cloak And Dagger","Corpse Explosion","Outmaneuver","Slice","Catalyst+1","Bouncing Flask","Catalyst+1","Blade Dance+1","Footwork+1","Deflect","Leg Sweep+1","Accuracy+1","Blur+1","Sadistic Nature","Well Laid Plans"],"relics":["Ring of the Snake"],"potions_floor_usage":[13,25,25,29,29,33,38,39,44],"damage_taken":[{"damage":1,"enemies":"2 Louse","floor":1,"turns":4},{"damage":2,"enemies":"Small Slimes","floor":4,"turns":6},{"damage":0,"enemies":"Jaw Worm","floor":5,"turns":4},{"damage":42,"enemies":"3 Sentries","floor":7,"turns":19},{"damage":0,"enemies":"2 Fungi Beasts","floor":10,"turns":4},{"damage":3,"enemies":"Exordium Wildlife","floor":12,"turns":7},{"damage":0,"enemies":"Blue Slaver","floor":13,"turns":7},{"damage":13,"enemies":"The Guardian","floor":16,"turns":10},{"damage":3,"enemies":"Spheric Guardian","floor":18,"turns":5},{"damage":21,"enemies":"Shell Parasite","floor":20,"turns":6},{"damage":14,"enemies":"Centurion and Healer","floor":22,"turns":7},{"damage":6,"enemies":"Cultist and Chosen","floor":25,"turns":6},{"damage":10,"enemies":"3 Cultists","floor":29,"turns":4},{"damage":26,"enemies":"Collector","floor":33,"turns":9},{"damage":17,"enemies":"Orb Walker","floor":35,"turns":6},{"damage":3,"enemies":"3 Shapes","floor":38,"turns":4},{"damage":28,"enemies":"3 Darklings","floor":39,"turns":3},{"damage":32,"enemies":"4 Shapes","floor":44,"turns":3}],"seed_played":"-8801226152242841793","potions_obtained":[{"floor":1,"key":"Block Potion"},{"floor":4,"key":"FearPotion"},{"floor":10,"key":"Explosive Potion"},{"floor":22,"key":"Fire Potion"},{"floor":25,"key":"AttackPotion"},{"floor":29,"key":"SkillPotion"},{"floor":38,"key":"PowerPotion"}],"is_trial":false,"path_per_floor":["M","?","?","M","M","R","E","?","T","M","R","M","M","$","R","B",null,"M","?","M","$","M","R","?","M","T","$","R","M","R","?","R","B",null,"M","?","?","M","M","$","T","$","T"],"character_chosen":"THE_SILENT","items_purchased":["Apotheosis","Cloak And Dagger","Bouncing Flask","Footwork","Energy Potion","Sadistic Nature","Well Laid Plans","Explosive Potion"],"campfire_rested":2,"item_purchase_floors":[14,14,21,27,27,40,40,40],"current_hp_per_floor":[69,69,66,64,64,64,22,22,22,22,22,19,19,19,40,27,70,67,67,46,46,32,32,32,26,26,26,47,37,37,60,60,34,70,53,53,53,50,22,22,22,22,22,0],"gold":7,"neow_bonus":"ONE_RANDOM_RARE_CARD","is_prod":false,"is_daily":false,"chose_seed":false,"campfire_upgraded":5,"win_rate":0,"timestamp":1534305963,"path_taken":["M","?","?","M","M","R","E","?","T","M","R","?","M","$","R","BOSS","M","?","M","$","M","R","?","?","T","$","R","M","R","?","R","BOSS","M","?","?","?","M","$","?","$","T","M"],"build_version":"2018-08-09","purchased_purges":3,"victory":false,"max_hp_per_floor":[70,70,70,70,70,70,70,70,70,70,70,70,70,70,70,70,70,70,70,70,70,70,70,70,70,70,70,70,70,70,70,70,70,70,70,70,70,70,70,70,70,70,70,70],"card_choices":[{"not_picked":["Accuracy","Blade Dance"],"picked":"Cloak And Dagger","floor":1},{"not_picked":["Endless Agony","Dash"],"picked":"Backflip","floor":4},{"not_picked":["Flechettes","Deadly Poison"],"picked":"Outmaneuver","floor":5},{"not_picked":["Slice","Backflip"],"picked":"Dagger Spray","floor":7},{"not_picked":["Finisher","Dagger Throw"],"picked":"Footwork","floor":10},{"not_picked":["Slice","Skewer"],"picked":"Bouncing Flask","floor":12},{"not_picked":["Calculated Gamble","Setup"],"picked":"Poisoned Stab","floor":13},{"not_picked":["Die Die Die","Grand Finale"],"picked":"Corpse Explosion","floor":16},{"not_picked":["Crippling Poison","Finisher"],"picked":"Outmaneuver","floor":18},{"not_picked":["Quick Slash","Deadly Poison"],"picked":"Catalyst+1","floor":20},{"not_picked":["Bane","Deflect"],"picked":"Catalyst+1","floor":22},{"not_picked":["Dagger Throw","Slice+1"],"picked":"Blade Dance","floor":25},{"not_picked":["Choke","Underhanded Strike"],"picked":"Deflect","floor":29},{"not_picked":["Cloak And Dagger","Flying Knee+1"],"picked":"Leg Sweep+1","floor":35},{"not_picked":["Underhanded Strike","Blade Dance"],"picked":"Accuracy+1","floor":38},{"not_picked":["Poisoned Stab","PiercingWail"],"picked":"Blur+1","floor":39}],"player_experience":355102,"relics_obtained":[],"event_choices":[{"event_name":"Liars Game","player_choice":"agreed","floor":2,"damage_taken":0},{"event_name":"Scrap Ooze","player_choice":"unsuccessful","floor":3,"damage_taken":3},{"event_name":"Dead Adventurer","player_choice":"Searched \u00270\u0027 times","floor":8,"damage_taken":0},{"event_name":"Transmorgrifier","player_choice":"Transform","floor":19,"damage_taken":0},{"event_name":"Addict","player_choice":"Ignored","floor":24,"damage_taken":0},{"event_name":"The Library","player_choice":"Heal","floor":31,"damage_taken":0},{"event_name":"Mysterious Sphere","player_choice":"Ignore","floor":36,"damage_taken":0},{"event_name":"Golden Shrine","player_choice":"Desecrate","floor":37,"damage_taken":0}],"is_beta":false,"boss_relics":[{"not_picked":["Astrolabe","Philosopher\u0027s Stone","WristBlade"]},{"not_picked":["Orrery","Velvet Choker","Busted Crown"]}],"items_purged_floors":[14,21,40],"is_endless":false,"potions_floor_spawned":[1,4,10,12,22,25,29,38],"killed_by":"4 Shapes","ascension_level":0}