{"gold_per_floor":[109,125,141,159,173,173,201,217,217,217,229,229,244,244,244,343,393,378,378,395,395,46,46,146,146,146,159,174,174,13,33,33,33],"floor_reached":33,"playtime":1334,"items_purged":["Bash"],"score":364,"play_id":"fc20906c-bf69-4204-9857-ffa7b362c93e","local_time":"20190124144551","is_ascension_mode":true,"campfire_choices":[{"data":"Defend_R","floor":6,"key":"SMITH"},{"data":"Clothesline","floor":10,"key":"SMITH"},{"floor":12,"key":"REST"},{"data":"Immolate","floor":15,"key":"SMITH"},{"data":"Uppercut","floor":23,"key":"SMITH"},{"data":"Barricade","floor":25,"key":"SMITH"},{"floor":29,"key":"REST"},{"floor":32,"key":"REST"}],"neow_cost":"NONE","seed_source_timestamp":396676355861742,"circlet_count":0,"master_deck":["Strike_R","Strike_R+1","Strike_R","Strike_R+1","Strike_R","Defend_R+1","Defend_R","Defend_R","Defend_R+1","Immolate+1","Shrug It Off","Twin Strike","Clothesline+1","Battle Trance","Barricade+1","Ghostly Armor","Body Slam","Uppercut+1","Shrug It Off"],"relics":["Burning Blood","Pear","Strawberry","Tiny House","Whetstone","WingedGreaves","The Courier","Oddly Smooth Stone","HandDrill"],"potions_floor_usage":[5,16,18,18,19,24,31,33],"damage_taken":[{"damage":5,"enemies":"Jaw Worm","floor":1,"turns":4},{"damage":0,"enemies":"Small Slimes","floor":2,"turns":2},{"damage":0,"enemies":"2 Louse","floor":3,"turns":2},{"damage":1,"enemies":"2 Fungi Beasts","floor":4,"turns":2},{"damage":8,"enemies":"Blue Slaver","floor":5,"turns":3},{"damage":46,"enemies":"Lagavulin","floor":7,"turns":7},{"damage":5,"enemies":"Red Slaver","floor":8,"turns":4},{"damage":0,"enemies":"3 Louse","floor":11,"turns":2},{"damage":0,"enemies":"2 Fungi Beasts","floor":13,"turns":2},{"damage":26,"enemies":"Slime Boss","floor":16,"turns":9},{"damage":19,"enemies":"2 Thieves","floor":18,"turns":4},{"damage":0,"enemies":"Masked Bandits","floor":19,"turns":1},{"damage":2,"enemies":"Chosen","floor":20,"turns":4},{"damage":18,"enemies":"Colosseum Slavers","floor":24,"turns":5},{"damage":17,"enemies":"Colosseum Nobs","floor":24,"turns":5},{"damage":33,"enemies":"Centurion and Healer","floor":27,"turns":13},{"damage":18,"enemies":"Cultist and Chosen","floor":28,"turns":8},{"damage":0,"enemies":"3 Cultists","floor":31,"turns":4},{"damage":113,"enemies":"Collector","floor":33,"turns":13}],"seed_played":"-2141236702112135547","potions_obtained":[{"floor":3,"key":"AttackPotion"},{"floor":5,"key":"SneckoOil"},{"floor":8,"key":"Swift Potion"},{"floor":11,"key":"PowerPotion"},{"floor":13,"key":"Poison Potion"},{"floor":17,"key":"SmokeBomb"},{"floor":28,"key":"SkillPotion"},{"floor":31,"key":"Swift Potion"}],"is_trial":false,"path_per_floor":["M","M","M","M","M","R","E","M","T","R","M","R","M","?","R","B",null,"M","?","M","?","$","R","?","R","T","M","M","R","$","M","R","B"],"character_chosen":"IRONCLAD","items_purchased":["Uppercut","Whetstone","Block Potion","HandDrill"],"campfire_rested":3,"item_purchase_floors":[22,22,22,30],"current_hp_per_floor":[73,79,80,80,78,78,48,49,56,56,62,91,97,97,97,77,97,84,90,94,94,94,94,71,71,71,44,32,62,62,68,98,0],"gold":33,"neow_bonus":"ONE_RANDOM_RARE_CARD","is_prod":false,"is_daily":false,"chose_seed":false,"campfire_upgraded":5,"win_rate":0,"timestamp":1548362751,"path_taken":["M","M","M","M","M","R","E","M","T","R","M","R","M","?","R","BOSS","M","?","M","?","$","R","?","R","T","M","?","R","?","M","R","BOSS"],"build_version":"2019-01-23","purchased_purges":1,"victory":false,"max_hp_per_floor":[80,80,80,80,80,80,90,90,97,97,97,97,97,97,97,97,102,102,102,102,102,102,102,102,102,102,102,102,102,102,102,102,102],"card_choices":[{"not_picked":["Body Slam","Iron Wave"],"picked":"Shrug It Off","floor":1},{"not_picked":["Entrench","Shrug It Off","Feel No Pain"],"picked":"SKIP","floor":2},{"not_picked":["Cleave","Whirlwind"],"picked":"Twin Strike","floor":3},{"not_picked":["Twin Strike","Thunderclap","Combust"],"picked":"SKIP","floor":4},{"not_picked":["Burning Pact","Battle Trance"],"picked":"Clothesline","floor":5},{"not_picked":["Flex","Offering"],"picked":"Battle Trance","floor":7},{"not_picked":["Hemokinesis","Evolve","Dropkick"],"picked":"SKIP","floor":8},{"not_picked":["Armaments","Reckless Charge","Havoc"],"picked":"SKIP","floor":11},{"not_picked":["Clothesline","Exhume","Reckless Charge"],"picked":"SKIP","floor":13},{"not_picked":["Dark Embrace","Feed"],"picked":"Barricade","floor":16},{"not_picked":["Shrug It Off","Heavy Blade"],"picked":"Ghostly Armor","floor":17},{"not_picked":["Corruption+1","Fire Breathing"],"picked":"Body Slam","floor":18},{"not_picked":["Heavy Blade","Twin Strike","Fire Breathing"],"picked":"SKIP","floor":20},{"not_picked":["Intimidate","Pummel"],"picked":"Shrug It Off","floor":24},{"not_picked":["Armaments","Twin Strike+1","Heavy Blade+1"],"picked":"SKIP","floor":27},{"not_picked":["Double Tap","Fire Breathing","Anger+1"],"picked":"SKIP","floor":28},{"not_picked":["Evolve","Infernal Blade","Clothesline"],"picked":"SKIP","floor":31}],"player_experience":633899,"relics_obtained":[{"floor":7,"key":"Pear"},{"floor":9,"key":"Strawberry"},{"floor":24,"key":"WingedGreaves"},{"floor":24,"key":"The Courier"},{"floor":26,"key":"Oddly Smooth Stone"}],"event_choices":[{"damage_healed":0,"gold_gain":0,"player_choice":"Ignored","damage_taken":0,"max_hp_gain":0,"max_hp_loss":0,"event_name":"Liars Game","floor":14,"gold_loss":0},{"damage_healed":0,"gold_gain":0,"player_choice":"Fought Bandits","damage_taken":0,"max_hp_gain":0,"max_hp_loss":0,"event_name":"Masked Bandits","floor":19,"gold_loss":0},{"damage_healed":0,"gold_gain":0,"player_choice":"Ignored","damage_taken":0,"max_hp_gain":0,"max_hp_loss":0,"event_name":"Ghosts","floor":21,"gold_loss":0},{"damage_healed":0,"gold_gain":0,"player_choice":"Fight","damage_taken":0,"max_hp_gain":0,"max_hp_loss":0,"event_name":"Colosseum","floor":24,"gold_loss":0},{"damage_healed":0,"gold_gain":0,"player_choice":"Fought Nobs","damage_taken":0,"max_hp_gain":0,"max_hp_loss":0,"event_name":"Colosseum","floor":24,"gold_loss":0}],"is_beta":true,"boss_relics":[{"not_picked":["Runic Pyramid","Snecko Eye"],"picked":"Tiny House"}],"items_purged_floors":[22],"is_endless":false,"potions_floor_spawned":[3,5,8,11,13,19,28,31],"killed_by":"Collector","ascension_level":7}