{"gold_per_floor":[114,134,134,284,559,598,622,309,364,364,407,427,45,45,45,138,138,159,159,159,169,44,44],"floor_reached":23,"playtime":658,"items_purged":["Regret","Doubt","Strike_G"],"score":444,"play_id":"80a59d1f-acac-4428-8d89-542f3743da80","local_time":"20190125164216","is_ascension_mode":true,"campfire_choices":[{"data":"Crippling Poison","floor":10,"key":"SMITH"},{"data":"Noxious Fumes","floor":15,"key":"SMITH"}],"neow_cost":"NONE","seed_source_timestamp":786073746958617,"circlet_count":0,"master_deck":["AscendersBane","Defend_G","Defend_G","Defend_G","Defend_G","Defend_G","Strike_G","Strike_G","Strike_G","Strike_G","Survivor","Neutralize","Leg Sweep","Crippling Poison+1","Quick Slash","Poisoned Stab","Noxious Fumes+1","Leg Sweep","After Image","Burst","Infinite Blades","Catalyst"],"relics":["Ring of the Snake","NeowsBlessing","Bloody Idol","Bag of Preparation","Oddly Smooth Stone","Tiny Chest","StoneCalendar","Kunai","Anchor","Runic Pyramid"],"potions_floor_usage":[11],"damage_taken":[{"damage":0,"enemies":"Cultist","floor":1,"turns":1},{"damage":0,"enemies":"Small Slimes","floor":2,"turns":1},{"damage":0,"enemies":"3 Sentries","floor":6,"turns":2},{"damage":6,"enemies":"2 Louse","floor":7,"turns":4},{"damage":7,"enemies":"Lagavulin","floor":11,"turns":7},{"damage":2,"enemies":"Looter","floor":12,"turns":4},{"damage":24,"enemies":"The Guardian","floor":16,"turns":9},{"damage":1,"enemies":"Shell Parasite","floor":18,"turns":7},{"damage":0,"enemies":"Spheric Guardian","floor":21,"turns":3},{"damage":54,"enemies":"Slavers","floor":23,"turns":4}],"seed_played":"6070326120524947476","potions_obtained":[{"floor":1,"key":"Poison Potion"},{"floor":2,"key":"PowerPotion"},{"floor":11,"key":"Swift Potion"}],"is_trial":false,"path_per_floor":["M","M","?","?","?","E","M","$","T","R","E","M","$","?","R","B",null,"M","?","?","M","$","E"],"character_chosen":"THE_SILENT","items_purchased":["Oddly Smooth Stone","Noxious Fumes","Kunai"],"campfire_rested":0,"item_purchase_floors":[8,8,13],"current_hp_per_floor":[59,59,59,59,59,59,53,53,53,53,46,44,44,44,44,20,50,49,49,49,54,54,0],"gold":44,"neow_bonus":"THREE_ENEMY_KILL","is_prod":false,"is_daily":false,"chose_seed":false,"campfire_upgraded":2,"win_rate":0,"timestamp":1548430936,"path_taken":["M","M","?","?","?","E","?","?","T","R","E","M","$","?","R","BOSS","M","?","?","M","$","E"],"build_version":"2019-01-23","purchased_purges":3,"victory":false,"max_hp_per_floor":[66,66,60,60,60,60,60,60,60,60,60,60,60,60,60,60,60,60,60,60,60,60,60],"card_choices":[{"not_picked":["Riddle With Holes","Sucker Punch"],"picked":"Leg Sweep","floor":1},{"not_picked":["Blade Dance","Leg Sweep"],"picked":"Crippling Poison","floor":2},{"not_picked":["Blur","Flying Knee"],"picked":"Quick Slash","floor":6},{"not_picked":["Heel Hook","Prepared"],"picked":"Poisoned Stab","floor":7},{"not_picked":["Cloak And Dagger","Expertise"],"picked":"Leg Sweep","floor":11},{"not_picked":["Bane","Quick Slash"],"picked":"After Image","floor":12},{"not_picked":["Venomology","Doppelganger"],"picked":"Burst","floor":16},{"not_picked":["Backflip","Dash"],"picked":"Infinite Blades","floor":18},{"not_picked":["Dodge and Roll","Slice+1","Acrobatics"],"picked":"SKIP","floor":21}],"player_experience":1936832,"relics_obtained":[{"floor":6,"key":"Bag of Preparation"},{"floor":9,"key":"Tiny Chest"},{"floor":11,"key":"StoneCalendar"}],"event_choices":[{"damage_healed":0,"gold_gain":0,"player_choice":"Lose Max HP","damage_taken":0,"relics_obtained":["Golden Idol"],"max_hp_gain":0,"max_hp_loss":6,"event_name":"Golden Idol","floor":3,"gold_loss":0},{"damage_healed":0,"gold_gain":150,"player_choice":"AGREE","damage_taken":0,"max_hp_gain":0,"max_hp_loss":0,"event_name":"Liars Game","floor":4,"gold_loss":0,"cards_obtained":["Doubt"]},{"damage_healed":0,"gold_gain":275,"player_choice":"Desecrate","damage_taken":0,"max_hp_gain":0,"max_hp_loss":0,"event_name":"Golden Shrine","floor":5,"gold_loss":0,"cards_obtained":["Regret"]},{"damage_healed":0,"gold_gain":0,"player_choice":"Searched \u00271\u0027 times","damage_taken":0,"relics_obtained":["Anchor"],"max_hp_gain":0,"max_hp_loss":0,"event_name":"Dead Adventurer","floor":14,"gold_loss":0},{"damage_healed":0,"gold_gain":0,"player_choice":"Gave Idol","damage_taken":0,"relics_obtained":["Bloody Idol"],"max_hp_gain":0,"max_hp_loss":0,"event_name":"Forgotten Altar","floor":19,"relics_lost":["Golden Idol"],"gold_loss":0},{"damage_healed":0,"gold_gain":0,"player_choice":"Read","damage_taken":0,"max_hp_gain":0,"max_hp_loss":0,"event_name":"The Library","floor":20,"gold_loss":0,"cards_obtained":["Catalyst"]}],"is_beta":false,"boss_relics":[{"not_picked":["WristBlade","Pandora\u0027s Box"],"picked":"Runic Pyramid"}],"items_purged_floors":[8,13,22],"is_endless":false,"potions_floor_spawned":[1,2,7,11],"killed_by":"Slavers","ascension_level":20}