{"path_per_floor":["M","M","$","?","$","R","E","R","T","$","M","M","?","M","R"],"character_chosen":"DEFECT","items_purchased":[],"gold_per_floor":[115,126,51,51,51,51,85,85,85,85,97,116,116,133,133,133],"floor_reached":16,"campfire_rested":3,"playtime":718,"item_purchase_floors":[],"current_hp_per_floor":[63,58,58,58,58,75,45,67,67,67,67,43,40,41,63,0],"items_purged":["Strike_B"],"gold":133,"score":130,"play_id":"7f3a0e8d-3d8b-4981-a672-a9aa8a60e596","local_time":"20180616224143","is_prod":false,"is_daily":false,"chose_seed":false,"is_ascension_mode":true,"campfire_upgraded":0,"win_rate":0,"timestamp":1529203303,"campfire_choices":[{"floor":6,"key":"REST"},{"floor":8,"key":"REST"},{"floor":15,"key":"REST"}],"path_taken":["M","M","$","?","?","R","E","R","T","$","M","M","?","M","R","BOSS"],"build_version":"2018-06-14v2","seed_source_timestamp":241923687291069,"purchased_purges":1,"victory":false,"master_deck":["Strike_B+1","Strike_B","Strike_B","Defend_B","Defend_B","Defend_B","Defend_B","Zap+1","Dualcast","Gash","Injury","Melter+1","Beam Cell","BootSequence"],"max_hp_per_floor":[75,75,75,75,75,75,75,75,75,75,75,75,75,75,75,75],"relics":["Runic Pyramid","Lantern","Whetstone","Blood Vial"],"card_choices":[{"not_picked":["Rip and Tear","Aggregate"],"picked":"Gash","floor":1},{"not_picked":["Rebound","Ball Lightning","Undo"],"picked":"SKIP","floor":2},{"not_picked":["Chaos","Compile Driver"],"picked":"Melter","floor":7},{"not_picked":["Go for the Eyes","Sweeping Beam"],"picked":"Beam Cell","floor":11},{"not_picked":["Consume","Chaos"],"picked":"BootSequence","floor":12},{"not_picked":["Redo","Barrage","Conserve Battery"],"picked":"SKIP","floor":14}],"player_experience":610394,"potions_floor_usage":[7,12],"damage_taken":[{"damage":5,"enemies":"Small Slimes","floor":1,"turns":3},{"damage":5,"enemies":"Cultist","floor":2,"turns":4},{"damage":30,"enemies":"3 Sentries","floor":7,"turns":9},{"damage":0,"enemies":"2 Louse","floor":11,"turns":2},{"damage":24,"enemies":"Exordium Wildlife","floor":12,"turns":3},{"damage":1,"enemies":"Looter","floor":14,"turns":3},{"damage":70,"enemies":"Hexaghost","floor":16,"turns":9}],"relics_obtained":[{"floor":7,"key":"Lantern"},{"floor":9,"key":"Whetstone"}],"event_choices":[{"event_name":"Accursed Blacksmith","player_choice":"Forge","floor":4,"damage_taken":0},{"event_name":"Scrap Ooze","player_choice":"success","floor":13,"damage_taken":3}],"boss_relics":[],"items_purged_floors":[3],"is_endless":false,"potions_floor_spawned":[1,2,11,14],"seed_played":"5695385760162390442","killed_by":"Hexaghost","ascension_level":6,"potions_obtained":[{"floor":1,"key":"Ancient Potion"},{"floor":2,"key":"AttackPotion"},{"floor":11,"key":"Explosive Potion"},{"floor":14,"key":"SmokeBomb"}],"is_trial":false}