{"gold_per_floor":[110,128,128,128,144,144,178,178,205,205,229,41,61,84,84,207,207,197,197,197,197,13,13,27,27,52,76,94,113,127,127],"floor_reached":31,"playtime":1240,"items_purged":["Strike_R"],"score":335,"play_id":"5ef63548-d265-45e8-b07b-ec3634d0d97a","local_time":"20180730113234","is_ascension_mode":true,"campfire_choices":[{"data":"Rage","floor":6.0,"key":"SMITH"},{"data":"1","floor":10.0,"key":"LIFT"},{"data":"2","floor":15.0,"key":"LIFT"},{"floor":23.0,"key":"REST"},{"data":"Limit Break","floor":25.0,"key":"SMITH"}],"neow_cost":"NONE","seed_source_timestamp":409669225302230,"circlet_count":0,"master_deck":["Strike_R","Strike_R","Strike_R","Strike_R","Defend_R","Defend_R","Defend_R","Defend_R","Bash","Inflame","Rage+1","Whirlwind","Thunderclap","Clash","Metallicize","Flame Barrier","Disarm","Limit Break+1","Shrug It Off","Juggernaut","Blood for Blood","Apotheosis","Rampage+1","Anger","Headbutt","Sword Boomerang"],"special_seed":0,"relics":["Burning Blood","Pen Nib","Golden Idol","Boot","Peace Pipe","Girya","Bag of Preparation","Lizard Tail","Art of War"],"potions_floor_usage":[31],"damage_taken":[{"damage":6.0,"enemies":"Cultist","floor":1.0,"turns":3.0},{"damage":7.0,"enemies":"Jaw Worm","floor":2.0,"turns":3.0},{"damage":0.0,"enemies":"2 Louse","floor":5.0,"turns":3.0},{"damage":13.0,"enemies":"3 Sentries","floor":7.0,"turns":5.0},{"damage":11.0,"enemies":"Looter","floor":11.0,"turns":3.0},{"damage":8.0,"enemies":"Exordium Wildlife","floor":13.0,"turns":2.0},{"damage":5.0,"enemies":"Exordium Thugs","floor":14.0,"turns":5.0},{"damage":33.0,"enemies":"Slime Boss","floor":16.0,"turns":8.0},{"damage":27.0,"enemies":"2 Thieves","floor":18.0,"turns":4.0},{"damage":23.0,"enemies":"Shell Parasite","floor":24.0,"turns":6.0},{"damage":38.0,"enemies":"Snecko","floor":27.0,"turns":6.0},{"damage":7.0,"enemies":"Centurion and Healer","floor":28.0,"turns":6.0},{"damage":29.0,"enemies":"Snake Plant","floor":29.0,"turns":3.0},{"damage":12.0,"enemies":"3 Cultists","floor":30.0,"turns":3.0},{"damage":25,"enemies":"Chosen and Byrds","floor":31,"turns":6}],"seed_played":"-4293610195870832140","potions_obtained":[{"floor":1.0,"key":"Block Potion"},{"floor":5.0,"key":"AttackPotion"},{"floor":14.0,"key":"AttackPotion"},{"floor":24.0,"key":"FearPotion"},{"floor":27.0,"key":"LiquidBronze"},{"floor":29.0,"key":"Strength Potion"},{"floor":30.0,"key":"Block Potion"}],"is_trial":false,"path_per_floor":["M","M","?","?","M","R","E","?","T","R","M","$","M","M","R","B",null,"M","?","?","?","$","R","M","R","T","M","M","M","M"],"character_chosen":"IRONCLAD","items_purchased":["Metallicize","Flame Barrier","Apotheosis"],"campfire_rested":1,"item_purchase_floors":[12,12,22],"current_hp_per_floor":[72,71,71,59,65,65,58,58,58,58,53,53,51,52,52,25,62,41,41,41,41,41,63,46,46,46,14,13,27,21,0],"gold":127,"neow_bonus":"RANDOM_COMMON_RELIC","is_prod":false,"is_daily":false,"chose_seed":false,"campfire_upgraded":2,"win_rate":0,"timestamp":1532964754,"path_taken":["M","M","?","?","M","R","E","?","T","R","M","$","M","M","R","BOSS","M","?","?","?","$","R","M","R","T","M","M","M","M","?"],"build_version":"2018-07-26","purchased_purges":1,"victory":false,"max_hp_per_floor":[80,80,74,74,74,74,74,74,74,74,74,74,74,74,74,74,74,74,74,74,74,74,74,74,74,74,74,74,74,74,74],"card_choices":[{"not_picked":["Rage","Hemokinesis"],"picked":"Inflame","floor":1.0},{"not_picked":["Perfected Strike","Pommel Strike"],"picked":"Rage","floor":2.0},{"not_picked":["Headbutt","Iron Wave"],"picked":"Whirlwind","floor":5.0},{"not_picked":["Body Slam","Wild Strike"],"picked":"Thunderclap","floor":7.0},{"not_picked":["Iron Wave","Havoc"],"picked":"Clash","floor":11.0},{"not_picked":["Feed","Thunderclap"],"picked":"Disarm","floor":13.0},{"not_picked":["Wild Strike","Iron Wave","Reckless Charge"],"picked":"SKIP","floor":14.0},{"not_picked":["Berserk","Impervious"],"picked":"Limit Break","floor":16.0},{"not_picked":["Twin Strike","Intimidate"],"picked":"Shrug It Off","floor":18.0},{"not_picked":["True Grit","Thunderclap"],"picked":"Rampage+1","floor":24.0},{"not_picked":["Feel No Pain","Spot Weakness"],"picked":"Anger","floor":27.0},{"not_picked":["Bloodletting","Thunderclap"],"picked":"Headbutt","floor":28.0},{"not_picked":["Sword Boomerang","Searing Blow","Wild Strike"],"picked":"SKIP","floor":29.0},{"not_picked":["Combust","Hemokinesis"],"picked":"Sword Boomerang","floor":30.0}],"player_experience":1357601,"relics_obtained":[{"floor":7.0,"key":"Peace Pipe"},{"floor":9.0,"key":"Bag of Preparation"},{"floor":26.0,"key":"Art of War"}],"event_choices":[{"event_name":"Golden Idol","player_choice":"Lose Max HP","floor":3.0,"damage_taken":0.0},{"event_name":"Scrap Ooze","player_choice":"success","floor":4.0,"damage_taken":12.0},{"event_name":"Dead Adventurer","player_choice":"Searched \u00271\u0027 times","floor":8.0,"damage_taken":0.0},{"event_name":"Ghosts","player_choice":"Ignored","floor":19.0,"damage_taken":0.0},{"event_name":"Drug Dealer","player_choice":"Ignored","floor":20.0,"damage_taken":0.0},{"event_name":"Match and Keep!","player_choice":"2 cards matched","floor":21.0,"damage_taken":0.0}],"is_beta":false,"boss_relics":[{"not_picked":["Pandora\u0027s Box","Velvet Choker"],"picked":"Lizard Tail"}],"items_purged_floors":[12],"is_endless":false,"potions_floor_spawned":[1,5,14,24,27,29,30],"killed_by":"Chosen and Byrds","ascension_level":8}