{"gold_per_floor":[117,42,42,57,57,57,90,104,104,128,207,178,178,128,128,258,258,278,298,298,298,315,315,334,348,348,365,365],"floor_reached":28,"playtime":951,"items_purged":["Strike_R"],"score":354,"play_id":"2852cb93-4345-46e9-8be0-67cae2a8b91c","local_time":"20180629134707","is_ascension_mode":true,"campfire_choices":[{"data":"Rampage","floor":6,"key":"SMITH"},{"floor":13,"key":"REST"},{"floor":15,"key":"REST"},{"data":"Pummel","floor":23,"key":"SMITH"}],"neow_cost":"NONE","seed_source_timestamp":410533874384527,"circlet_count":0,"master_deck":["Strike_R","Strike_R","Strike_R","Defend_R","Defend_R","Defend_R","Defend_R","Bash","Rampage+1","Pummel+1","Cleave","Offering"],"relics":["Burning Blood","NeowsBlessing","Bloody Idol","Mercury Hourglass","Happy Flower","Centennial Puzzle","Bottled Lightning","Busted Crown","Calipers"],"potions_floor_usage":[16,16,19,25],"damage_taken":[{"damage":0,"enemies":"Small Slimes","floor":1,"turns":1},{"damage":0,"enemies":"Jaw Worm","floor":4,"turns":1},{"damage":0,"enemies":"Lagavulin","floor":7,"turns":1},{"damage":0,"enemies":"2 Louse","floor":8,"turns":2},{"damage":16,"enemies":"Blue Slaver","floor":10,"turns":3},{"damage":36,"enemies":"Lagavulin Event","floor":11,"turns":5},{"damage":0,"enemies":"Slime Boss","floor":16,"turns":6},{"damage":6,"enemies":"Chosen","floor":18,"turns":3},{"damage":26,"enemies":"2 Thieves","floor":19,"turns":2},{"damage":22,"enemies":"Snake Plant","floor":22,"turns":3},{"damage":26,"enemies":"Cultist and Chosen","floor":24,"turns":6},{"damage":24,"enemies":"Snecko","floor":25,"turns":4},{"damage":28,"enemies":"3 Cultists","floor":27,"turns":5},{"damage":18,"enemies":"Centurion and Healer","floor":28,"turns":2}],"seed_played":"4169372715042041095","potions_obtained":[{"floor":1,"key":"Swift Potion"},{"floor":11,"key":"AttackPotion"},{"floor":11,"key":"Poison Potion"},{"floor":24,"key":"Weak Potion"},{"floor":27,"key":"SpeedPotion"}],"is_trial":false,"path_per_floor":["M","$","?","M","?","R","E","M","T","M","?","?","R","?","R","B",null,"M","M","?","?","M","R","M","M","T","M"],"character_chosen":"IRONCLAD","items_purchased":[],"campfire_rested":2,"item_purchase_floors":[],"current_hp_per_floor":[80,80,74,74,62,62,68,74,74,64,34,34,56,56,74,74,74,74,54,74,74,63,63,48,35,35,18,0],"gold":365,"neow_bonus":"THREE_ENEMY_KILL","is_prod":false,"is_daily":false,"chose_seed":false,"campfire_upgraded":2,"win_rate":0,"timestamp":1530294427,"path_taken":["M","$","?","M","?","R","E","M","T","?","?","?","R","?","R","BOSS","M","M","?","?","M","R","M","M","T","M","M"],"build_version":"2018-06-28","purchased_purges":1,"victory":false,"max_hp_per_floor":[80,80,74,74,74,74,74,74,74,74,74,74,74,74,74,74,74,74,74,74,74,74,74,74,74,74,74,74],"card_choices":[{"not_picked":["Whirlwind","Entrench"],"picked":"Rampage","floor":1},{"not_picked":["Wild Strike","Twin Strike","Intimidate"],"picked":"SKIP","floor":4},{"not_picked":["Disarm","Body Slam"],"picked":"Pummel","floor":7},{"not_picked":["Reckless Charge","Wild Strike"],"picked":"Cleave","floor":8},{"not_picked":["Reckless Charge","Power Through","Shockwave"],"picked":"SKIP","floor":10},{"not_picked":["Exhume","Limit Break"],"picked":"Offering","floor":16},{"not_picked":["Perfected Strike+1"],"picked":"SKIP","floor":18},{"not_picked":["Inflame+1"],"picked":"SKIP","floor":19},{"not_picked":["Rampage"],"picked":"SKIP","floor":22},{"not_picked":["Infernal Blade"],"picked":"SKIP","floor":24},{"not_picked":["Warcry+1"],"picked":"SKIP","floor":25},{"not_picked":["Cleave+1"],"picked":"SKIP","floor":27}],"player_experience":858699,"relics_obtained":[{"floor":7,"key":"Happy Flower"},{"floor":9,"key":"Centennial Puzzle"},{"floor":11,"key":"Bottled Lightning"},{"floor":26,"key":"Calipers"}],"event_choices":[{"event_name":"Golden Idol","player_choice":"Lose Max HP","floor":3,"damage_taken":0},{"event_name":"Scrap Ooze","player_choice":"success","floor":5,"damage_taken":12},{"event_name":"Dead Adventurer","player_choice":"Searched \u00271\u0027 times","floor":11,"damage_taken":0},{"event_name":"World of Goop","player_choice":"Left","floor":12,"damage_taken":0},{"event_name":"The Cleric","player_choice":"Card Removal","floor":14,"damage_taken":0},{"event_name":"The Library","player_choice":"Heal","floor":20,"damage_taken":0},{"event_name":"Forgotten Altar","player_choice":"Gave Idol","floor":21,"damage_taken":0}],"boss_relics":[{"not_picked":["Runic Pyramid","Snecko Eye"],"picked":"Busted Crown"}],"items_purged_floors":[2],"is_endless":false,"potions_floor_spawned":[1,11,11,24,27],"killed_by":"Centurion and Healer","ascension_level":4}