{"gold_per_floor":[110,110,129,129,144,144,173,173,223,223,251,251,271,271,271,397,460,484,502,517,407,407,407,61,61,61,84,134,134,61,76,76,199,199,223,248,298,318,368,368,368],"floor_reached":41,"playtime":2592,"items_purged":["Strike_G","Strike_G"],"score":638,"play_id":"6dcba45c-4508-4430-bd6f-5c54e0b011e4","local_time":"20180913180610","is_ascension_mode":true,"campfire_choices":[{"floor":6,"key":"REST"},{"data":"Noxious Fumes","floor":8,"key":"SMITH"},{"floor":12,"key":"REST"},{"floor":15,"key":"REST"},{"floor":23,"key":"REST"},{"data":"Neutralize","floor":25,"key":"SMITH"},{"floor":29,"key":"REST"},{"floor":32,"key":"REST"},{"floor":40,"key":"REST"}],"neow_cost":"NONE","seed_source_timestamp":136985948464910,"circlet_count":0,"master_deck":["Defend_G","Defend_G","Defend_G","Defend_G","Defend_G","Strike_G","Strike_G","Survivor","Neutralize+1","AscendersBane","Backflip","Well Laid Plans","Unload","Sucker Punch","Noxious Fumes+1","Calculated Gamble","Bane+1","Adrenaline","Cloak And Dagger","Footwork","Bouncing Flask+1","Caltrops","Leg Sweep+1","Caltrops","Leg Sweep","A Thousand Cuts"],"relics":["Sozu","Juzu Bracelet","Snake Skull","Blood Vial","Pen Nib","Golden Idol","Tiny House","SsserpentHead","Bottled Tornado","Incense Burner","Black Star"],"potions_floor_usage":[],"damage_taken":[{"damage":0,"enemies":"2 Louse","floor":1,"turns":3},{"damage":0,"enemies":"Jaw Worm","floor":3,"turns":6},{"damage":0,"enemies":"Cultist","floor":5,"turns":3},{"damage":32,"enemies":"3 Sentries","floor":7,"turns":11},{"damage":33,"enemies":"Gremlin Nob","floor":11,"turns":5},{"damage":9,"enemies":"3 Louse","floor":13,"turns":4},{"damage":4,"enemies":"Hexaghost","floor":16,"turns":9},{"damage":11,"enemies":"2 Thieves","floor":18,"turns":4},{"damage":12,"enemies":"Chosen","floor":19,"turns":5},{"damage":28,"enemies":"Snake Plant","floor":20,"turns":6},{"damage":29,"enemies":"Chosen and Byrds","floor":27,"turns":5},{"damage":23,"enemies":"Cultist and Chosen","floor":31,"turns":6},{"damage":33,"enemies":"Champ","floor":33,"turns":13},{"damage":12,"enemies":"3 Shapes","floor":35,"turns":5},{"damage":17,"enemies":"3 Darklings","floor":36,"turns":5},{"damage":55,"enemies":"Spire Growth","floor":38,"turns":6},{"damage":30,"enemies":"Reptomancer","floor":41,"turns":3}],"seed_played":"-7353078345302942840","potions_obtained":[],"is_trial":false,"path_per_floor":["M","?","M","?","M","R","E","R","T","?","E","R","M","?","R","B",null,"M","M","M","$","?","R","$","R","T","M","?","R","$","M","R","B",null,"M","M","?","M","?","R"],"character_chosen":"THE_SILENT","items_purchased":["Caltrops","Bottled Tornado","Caltrops"],"campfire_rested":7,"item_purchase_floors":[21,24,30],"current_hp_per_floor":[63,45,45,45,45,66,34,34,34,34,3,24,17,17,36,34,62,53,43,17,17,17,38,38,38,38,11,11,32,32,11,32,1,53,43,28,61,6,6,24,0],"gold":368,"neow_bonus":"BOSS_RELIC","is_prod":false,"is_daily":false,"chose_seed":false,"campfire_upgraded":2,"win_rate":0,"timestamp":1536876370,"path_taken":["M","?","M","?","M","R","E","R","T","?","E","R","M","?","R","BOSS","M","M","M","$","?","R","$","R","T","M","?","R","$","M","R","BOSS","M","M","?","M","?","R","M"],"build_version":"2018-09-06","purchased_purges":2,"victory":false,"max_hp_per_floor":[70,70,70,70,70,70,70,70,70,70,70,70,70,65,65,65,70,70,70,70,70,70,70,70,70,70,70,70,70,70,70,70,70,70,70,70,61,61,61,61,61],"card_choices":[{"not_picked":["Underhanded Strike","Flying Knee"],"picked":"Backflip","floor":1},{"not_picked":["Distraction","Acrobatics"],"picked":"Well Laid Plans","floor":3},{"not_picked":["Slice","Infinite Blades"],"picked":"Sucker Punch","floor":5},{"not_picked":["Doppelganger","PiercingWail"],"picked":"Noxious Fumes","floor":7},{"not_picked":["Distraction","Flying Knee"],"picked":"Calculated Gamble","floor":11},{"not_picked":["Expertise","Skewer"],"picked":"Bane","floor":13},{"not_picked":["Corpse Explosion","Bullet Time"],"picked":"Adrenaline","floor":16},{"not_picked":["Slice","Flying Knee"],"picked":"Cloak And Dagger","floor":17},{"not_picked":["Concentrate","Quick Slash"],"picked":"Footwork","floor":18},{"not_picked":["Finisher","Concentrate","Dagger Spray"],"picked":"SKIP","floor":19},{"not_picked":["Catalyst","Escape Plan"],"picked":"Bouncing Flask+1","floor":20},{"not_picked":["Deflect+1","Prepared+1"],"picked":"Leg Sweep+1","floor":27},{"not_picked":["Distraction+1","Sucker Punch"],"picked":"Leg Sweep","floor":31},{"not_picked":["Doppelganger","Venomology"],"picked":"A Thousand Cuts","floor":33},{"not_picked":["Skewer","Dagger Spray","Flying Knee+1"],"picked":"SKIP","floor":35},{"not_picked":["Flechettes","Concentrate","Sucker Punch"],"picked":"SKIP","floor":36},{"not_picked":["Flying Knee","Expertise","Backflip"],"picked":"SKIP","floor":38}],"player_experience":1529351,"relics_obtained":[{"floor":7,"key":"Snake Skull"},{"floor":9,"key":"Blood Vial"},{"floor":11,"key":"Pen Nib"},{"floor":26,"key":"Incense Burner"}],"event_choices":[{"event_name":"Scrap Ooze","player_choice":"success","floor":2,"damage_taken":18},{"event_name":"Transmorgrifier","player_choice":"Transform","floor":4,"damage_taken":0},{"event_name":"Dead Adventurer","player_choice":"Searched \u00271\u0027 times","floor":10,"damage_taken":0},{"event_name":"Golden Idol","player_choice":"Lose Max HP","floor":14,"damage_taken":0},{"event_name":"FaceTrader","player_choice":"Trade","floor":22,"damage_taken":0},{"event_name":"The Lab","player_choice":"Got Potions","floor":28,"damage_taken":0},{"event_name":"The Moai Head","player_choice":"Heal","floor":37,"damage_taken":0},{"event_name":"Match and Keep!","player_choice":"0 cards matched","floor":39,"damage_taken":0}],"is_beta":false,"boss_relics":[{"not_picked":["Coffee Dripper","Runic Dome"],"picked":"Tiny House"},{"not_picked":["Calling Bell","Fusion Hammer"],"picked":"Black Star"}],"items_purged_floors":[21,24],"is_endless":false,"potions_floor_spawned":[3,13,18,19,20,35],"killed_by":"Reptomancer","ascension_level":12}