{"gold_per_floor":[112,112,112,126,146,181,181,205,250,7,7,48,66,87,87,212,212,235,235,248,248,264,300,300,300,300,300,319,319,340,439,439,564,564,585,585,606,366,366,366],"floor_reached":40,"playtime":2346,"items_purged":[],"score":468,"play_id":"3d026c8c-8806-4903-ba1a-5fefa928319a","local_time":"20190112142058","is_ascension_mode":false,"campfire_choices":[{"floor":11.0,"key":"REST"},{"floor":15.0,"key":"REST"},{"data":"Impervious","floor":24,"key":"SMITH"},{"data":"Perfected Strike","floor":27,"key":"SMITH"},{"data":"Offering","floor":29,"key":"SMITH"},{"floor":32,"key":"REST"}],"neow_cost":"NONE","seed_source_timestamp":0,"circlet_count":0,"master_deck":["Strike_R+1","Strike_R+1","Defend_R+1","Defend_R+1","Defend_R+1","Defend_R+1","Bash+1","Perfected Strike+1","Ghostly Armor+1","Cleave","Offering+1","Battle Trance","Impervious+1","Pommel Strike","Twin Strike","Feed","Thunderclap","Pommel Strike+1","Wild Strike","Reaper","Twin Strike"],"special_seed":0,"relics":["Burning Blood","Smiling Mask","Blue Candle","Orichalcum","Golden Idol","Whetstone","Self Forming Clay","Lantern","Empty Cage","Potion Belt","Kunai","Lizard Tail","Bottled Flame"],"potions_floor_usage":[23,28,33,33,33,33,39,40],"damage_taken":[{"damage":4.0,"enemies":"2 Louse","floor":1.0,"turns":4.0},{"damage":1.0,"enemies":"Jaw Worm","floor":4.0,"turns":3.0},{"damage":0.0,"enemies":"Small Slimes","floor":5.0,"turns":3.0},{"damage":32.0,"enemies":"Gremlin Nob","floor":6.0,"turns":4.0},{"damage":5.0,"enemies":"Looter","floor":8.0,"turns":3.0},{"damage":26.0,"enemies":"Lagavulin","floor":12.0,"turns":4.0},{"damage":6.0,"enemies":"3 Louse","floor":13.0,"turns":3.0},{"damage":6.0,"enemies":"Exordium Wildlife","floor":14.0,"turns":3.0},{"damage":14.0,"enemies":"Slime Boss","floor":16.0,"turns":9.0},{"damage":10,"enemies":"Spheric Guardian","floor":18,"turns":4},{"damage":30,"enemies":"Shell Parasite","floor":20,"turns":6},{"damage":27,"enemies":"Shelled Parasite and Fungi","floor":22,"turns":12},{"damage":6,"enemies":"Gremlin Leader","floor":23,"turns":6},{"damage":6,"enemies":"Snake Plant","floor":28,"turns":3},{"damage":8,"enemies":"Centurion and Healer","floor":30,"turns":4},{"damage":79,"enemies":"Automaton","floor":33,"turns":16},{"damage":23,"enemies":"Orb Walker","floor":35,"turns":4},{"damage":34,"enemies":"3 Darklings","floor":37,"turns":8},{"damage":0,"enemies":"Sphere and 2 Shapes","floor":39,"turns":1},{"damage":208,"enemies":"Giant Head","floor":40,"turns":11}],"seed_played":"-4881755162045379218","potions_obtained":[{"floor":1.0,"key":"AttackPotion"},{"floor":8.0,"key":"SkillPotion"},{"floor":14.0,"key":"Dexterity Potion"},{"floor":16.0,"key":"Dexterity Potion"},{"floor":23,"key":"Energy Potion"},{"floor":25,"key":"EntropicBrew"},{"floor":25,"key":"FairyPotion"},{"floor":25,"key":"SmokeBomb"},{"floor":30,"key":"Strength Potion"},{"floor":33,"key":"Regen Potion"}],"is_trial":false,"path_per_floor":["M","?","?","M","M","E","?","M","T","$","R","E","M","M","R","B",null,"M","?","M","?","M","E","R","?","T","R","M","R","M","?","R","B",null,"M","?","M","$","M","E"],"character_chosen":"IRONCLAD","items_purchased":["Self Forming Clay","Bottled Flame"],"campfire_rested":3,"item_purchase_floors":[10,38],"current_hp_per_floor":[80,73,55,60,66,40,20,21,21,21,45,25,25,25,49,41,80,79,79,58,58,40,40,40,40,40,40,43,43,41,41,68,15,92,78,78,62,62,68,0],"gold":366,"neow_bonus":"RANDOM_COMMON_RELIC","is_prod":false,"is_daily":false,"chose_seed":false,"campfire_upgraded":3,"win_rate":0,"timestamp":1547320858,"path_taken":["M","?","?","M","M","E","?","M","T","?","R","E","M","M","R","BOSS","M","?","M","?","M","E","R","?","T","R","M","R","?","?","R","BOSS","M","?","M","$","?","E"],"build_version":"2019-01-10","purchased_purges":0,"victory":false,"max_hp_per_floor":[80,80,80,80,80,80,80,80,80,80,80,80,80,80,80,80,80,83,83,86,86,89,89,89,89,89,89,92,92,92,92,92,92,92,95,95,95,95,95,95],"card_choices":[{"not_picked":["Fire Breathing","Wild Strike"],"picked":"Perfected Strike","floor":1.0},{"not_picked":["Entrench","Cleave"],"picked":"Ghostly Armor","floor":4.0},{"not_picked":["Anger","Havoc"],"picked":"Cleave","floor":5.0},{"not_picked":["Power Through","Rage"],"picked":"Offering","floor":6.0},{"not_picked":["Reckless Charge","Sword Boomerang"],"picked":"Battle Trance","floor":8.0},{"not_picked":["Twin Strike","Clothesline"],"picked":"Impervious","floor":12.0},{"not_picked":["Thunderclap","Warcry"],"picked":"Pommel Strike","floor":13.0},{"not_picked":["Iron Wave","Hemokinesis"],"picked":"Twin Strike","floor":14.0},{"not_picked":["Exhume","Berserk"],"picked":"Feed","floor":16.0},{"not_picked":["Flex","Heavy Blade","Burning Pact"],"picked":"SKIP","floor":18},{"not_picked":["Searing Blow","Sword Boomerang"],"picked":"Thunderclap","floor":20},{"not_picked":["Warcry","Thunderclap+1"],"picked":"Pommel Strike+1","floor":22},{"not_picked":["Battle Trance+1","Feel No Pain","Heavy Blade"],"picked":"SKIP","floor":23},{"not_picked":["Anger","Sever Soul+1"],"picked":"Wild Strike","floor":28},{"not_picked":["Heavy Blade","Hemokinesis","Barricade"],"picked":"SKIP","floor":30},{"not_picked":["Brutality","Berserk"],"picked":"Reaper","floor":33},{"not_picked":["Fire Breathing+1","Wild Strike+1"],"picked":"Twin Strike","floor":35},{"not_picked":["Warcry+1","Sword Boomerang","Heavy Blade+1"],"picked":"SKIP","floor":37}],"player_experience":2093763,"relics_obtained":[{"floor":6.0,"key":"Orichalcum"},{"floor":9.0,"key":"Whetstone"},{"floor":12.0,"key":"Lantern"},{"floor":23,"key":"Potion Belt"},{"floor":26,"key":"Kunai"}],"event_choices":[{"cards_removed":["Strike_R"],"damage_healed":0.0,"max_hp_gain":0.0,"max_hp_loss":0.0,"gold_gain":0.0,"event_name":"Golden Wing","player_choice":"Card Removal","floor":2.0,"gold_loss":0.0,"damage_taken":7.0},{"damage_healed":0.0,"max_hp_gain":0.0,"max_hp_loss":0.0,"gold_gain":0.0,"event_name":"Scrap Ooze","player_choice":"Success","floor":3.0,"gold_loss":0.0,"damage_taken":18.0,"relics_obtained":["Blue Candle"]},{"damage_healed":0.0,"max_hp_gain":0.0,"max_hp_loss":0.0,"gold_gain":0.0,"event_name":"Golden Idol","player_choice":"Take Damage","floor":7.0,"gold_loss":0.0,"damage_taken":20.0,"relics_obtained":["Golden Idol"]},{"damage_healed":0,"gold_gain":0,"player_choice":"Ignored","damage_taken":0,"max_hp_gain":0,"max_hp_loss":0,"event_name":"Beggar","floor":19,"gold_loss":0},{"damage_healed":0,"gold_gain":0,"player_choice":"Simplicity","damage_taken":0,"max_hp_gain":0,"max_hp_loss":0,"event_name":"Back to Basics","floor":21,"gold_loss":0,"cards_upgraded":["Strike_R","Defend_R","Defend_R","Defend_R","Defend_R"]},{"damage_healed":0,"gold_gain":0,"player_choice":"Got Potions","damage_taken":0,"max_hp_gain":0,"max_hp_loss":0,"event_name":"Lab","floor":25,"gold_loss":0},{"damage_healed":0,"gold_gain":99,"player_choice":"Stole From Cult","damage_taken":0,"max_hp_gain":0,"max_hp_loss":0,"event_name":"Nest","floor":31,"gold_loss":0},{"damage_healed":0,"gold_gain":0,"player_choice":"Upgraded","damage_taken":0,"max_hp_gain":0,"max_hp_loss":0,"event_name":"Upgrade Shrine","floor":36,"gold_loss":0,"cards_upgraded":["Ghostly Armor"]}],"is_beta":false,"boss_relics":[{"not_picked":["Coffee Dripper","Busted Crown"],"picked":"Empty Cage"},{"not_picked":["Runic Dome","Orrery"],"picked":"Lizard Tail"}],"items_purged_floors":[],"is_endless":false,"potions_floor_spawned":[1,8,14,16,23,30,33,39],"killed_by":"Giant Head","ascension_level":0}