{"path_per_floor":["M","?","M","?","$","E","R","$","T","E","R","M","M","M","R","B",null,"M","M","M","?","M","E","?","E","T","R","E","R","M","E","R","B",null,"M","$","?","M","M"],"character_chosen":"THE_SILENT","items_purchased":["Toolbox","Mercury Hourglass"],"gold_per_floor":[110,110,130,80,5,36,36,36,85,119,119,132,142,162,162,258,258,277,293,308,308,326,356,356,383,383,383,413,413,424,450,450,555,555,573,73,123,134,146,146],"floor_reached":40,"campfire_rested":3,"playtime":4253,"item_purchase_floors":[36,36],"current_hp_per_floor":[65,58,58,58,58,31,31,31,31,14,35,35,35,34,55,45,70,70,70,70,70,60,52,52,45,55,55,50,50,43,10,34,8,80,57,57,64,64,47,0],"items_purged":["Defend_G"],"gold":146,"score":525,"play_id":"d685e438-b131-4a76-9609-4b7c1a7da262","local_time":"20180601043854","is_prod":false,"is_daily":false,"chose_seed":false,"is_ascension_mode":true,"campfire_upgraded":3,"win_rate":1,"timestamp":1527820734,"campfire_choices":[{"data":"Neutralize","floor":7,"key":"SMITH"},{"floor":11,"key":"REST"},{"floor":15,"key":"REST"},{"data":"Caltrops","floor":27,"key":"SMITH"},{"data":"Footwork","floor":29,"key":"SMITH"},{"floor":32,"key":"REST"}],"path_taken":["M","?","M","?","?","E","R","$","T","E","R","M","?","M","R","BOSS","M","M","M","?","M","E","?","E","T","R","E","R","M","E","R","BOSS","M","$","?","M","M","E"],"build_version":"2018-05-28","seed_source_timestamp":141347029482983,"purchased_purges":1,"victory":false,"master_deck":["Defend_G","Defend_G","Defend_G","Survivor+1","Neutralize+1","Backflip+1","Caltrops+1","Slice+1","Deadly Poison+1","Blur+1","Backflip+1","Distraction+1","Adrenaline+1","Noxious Fumes+1","Underhanded Strike+1","Tools of the Trade+1","PiercingWail+1","Deadly Poison+1","Underhanded Strike+1","Deflect+1","Poisoned Stab+1","Underhanded Strike","Footwork+1","Bouncing Flask+1","Deadly Poison+1","Envenom","Dash+1","Predator+1","Expertise+1","Bouncing Flask+1"],"max_hp_per_floor":[70,70,70,70,70,70,70,70,70,70,70,70,70,70,70,70,70,70,70,70,70,70,70,70,70,80,80,80,80,80,80,80,80,80,80,80,94,94,94,94],"relics":["Sozu","Bottled Flame","War Paint","Toxic Egg 2","Astrolabe","Juzu Bracelet","Whetstone","Pear","Ancient Tea Set","Orichalcum","Black Star","Toolbox","Mercury Hourglass","Mango"],"card_choices":[{"not_picked":["Dagger Throw","Eviscerate"],"picked":"Backflip","floor":1},{"not_picked":["Blade Dance","Backflip"],"picked":"Caltrops","floor":3},{"not_picked":["Dagger Throw","Flechettes"],"picked":"Slice","floor":6},{"not_picked":["Reflex","Prepared"],"picked":"Deadly Poison","floor":10},{"not_picked":["Dash","Distraction+1"],"picked":"Blur+1","floor":12},{"not_picked":["Caltrops","Flying Knee"],"picked":"Backflip+1","floor":13},{"not_picked":["Acrobatics+1","Dagger Spray"],"picked":"Distraction+1","floor":14},{"not_picked":["Tools of the Trade","Unload"],"picked":"Adrenaline+1","floor":16},{"not_picked":["Deflect+1","Flechettes"],"picked":"PiercingWail+1","floor":18},{"not_picked":["Bane","All Out Attack"],"picked":"Deadly Poison+1","floor":19},{"not_picked":["Poisoned Stab","Escape Plan+1"],"picked":"Underhanded Strike","floor":20},{"not_picked":["Quick Slash+1","Dodge and Roll+1"],"picked":"Deflect+1","floor":22},{"not_picked":["Wraith Form v2","Dodge and Roll+1"],"picked":"Poisoned Stab+1","floor":23},{"not_picked":["Outmaneuver+1","Dagger Throw"],"picked":"Underhanded Strike","floor":25},{"not_picked":["Quick Slash","Bane"],"picked":"Footwork","floor":28},{"not_picked":["Dagger Spray","Backstab+1"],"picked":"Bouncing Flask+1","floor":30},{"not_picked":["Deflect+1","Leg Sweep+1"],"picked":"Deadly Poison+1","floor":31},{"not_picked":["Die Die Die","Bullet Time+1"],"picked":"Envenom","floor":33},{"not_picked":["Malaise+1","Dagger Throw+1"],"picked":"Dash+1","floor":35},{"not_picked":["Slice+1","Skewer+1"],"picked":"Predator+1","floor":37},{"not_picked":["Backstab","Eviscerate"],"picked":"Expertise+1","floor":38},{"not_picked":["Prepared+1","Dagger Spray+1"],"picked":"Bouncing Flask+1","floor":39}],"player_experience":21168,"potions_floor_usage":[],"damage_taken":[{"damage":5,"enemies":"Small Slimes","floor":1,"turns":4},{"damage":0,"enemies":"Jaw Worm","floor":3,"turns":5},{"damage":27,"enemies":"Gremlin Nob","floor":6,"turns":6},{"damage":17,"enemies":"3 Sentries","floor":10,"turns":10},{"damage":0,"enemies":"Cultist","floor":12,"turns":3},{"damage":0,"enemies":"Exordium Wildlife","floor":13,"turns":4},{"damage":1,"enemies":"Blue Slaver","floor":14,"turns":3},{"damage":10,"enemies":"The Guardian","floor":16,"turns":11},{"damage":0,"enemies":"3 Byrds","floor":18,"turns":3},{"damage":0,"enemies":"Spheric Guardian","floor":19,"turns":4},{"damage":0,"enemies":"Centurion and Healer","floor":20,"turns":6},{"damage":10,"enemies":"Snecko","floor":22,"turns":5},{"damage":8,"enemies":"Gremlin Leader","floor":23,"turns":6},{"damage":7,"enemies":"Slavers","floor":25,"turns":5},{"damage":5,"enemies":"Book of Stabbing","floor":28,"turns":4},{"damage":7,"enemies":"Snake Plant","floor":30,"turns":4},{"damage":33,"enemies":"Slavers","floor":31,"turns":6},{"damage":26,"enemies":"Collector","floor":33,"turns":8},{"damage":23,"enemies":"Flame Bruiser 1 Orb","floor":35,"turns":6},{"damage":7,"enemies":"Mysterious Sphere","floor":37,"turns":5},{"damage":0,"enemies":"3 Shapes","floor":38,"turns":3},{"damage":17,"enemies":"Sphere and 2 Shapes","floor":39,"turns":7},{"damage":52,"enemies":"2 Orb Walkers","floor":40,"turns":3}],"relics_obtained":[{"floor":6,"key":"Bottled Flame"},{"floor":9,"key":"War Paint"},{"floor":10,"key":"Toxic Egg 2"},{"floor":23,"key":"Juzu Bracelet"},{"floor":25,"key":"Whetstone"},{"floor":26,"key":"Pear"},{"floor":28,"key":"Ancient Tea Set"},{"floor":31,"key":"Orichalcum"},{"floor":37,"key":"Mango"}],"event_choices":[{"event_name":"Golden Wing","player_choice":"Card Removal","floor":2,"damage_taken":0},{"event_name":"The Cleric","player_choice":"Card Removal","floor":4,"damage_taken":0},{"event_name":"Vampires","player_choice":"Ignored","floor":21,"damage_taken":0},{"event_name":"Back to Basics","player_choice":"Elegance","floor":24,"damage_taken":0},{"event_name":"Mysterious Sphere","player_choice":"Fight","floor":37,"damage_taken":0}],"boss_relics":[{"not_picked":["Runic Dome","Runic Pyramid"],"picked":"Astrolabe"},{"not_picked":["Velvet Choker","Tiny House"],"picked":"Black Star"}],"items_purged_floors":[5],"potions_floor_spawned":[6,10,12,16,19,23,25,28,31,33,39],"seed_played":"323158025087866672","killed_by":"2 Orb Walkers","ascension_level":1,"potions_obtained":[],"is_trial":false}