{"gold_per_floor":[117,117,137,97,113,138,157,157,157,7,7,22,22,22,22,122,122,138,154,154,4,14,14,14,30,54,31,31,46,46],"floor_reached":30,"playtime":2321,"items_purged":[],"score":230,"play_id":"4f79a454-2206-4502-b758-88ac0d6a20b7","local_time":"20190128160824","is_ascension_mode":false,"campfire_choices":[{"data":"Envenom","floor":8,"key":"SMITH"},{"data":"Leg Sweep","floor":11,"key":"SMITH"},{"data":"Flying Knee","floor":15,"key":"SMITH"},{"data":"Predator","floor":23,"key":"SMITH"},{"floor":28,"key":"REST"}],"neow_cost":"NONE","seed_source_timestamp":1463462668848372,"circlet_count":0,"master_deck":["Defend_G","Defend_G","Defend_G","Defend_G","Defend_G","Strike_G","Strike_G","Strike_G","Strike_G","Strike_G","Survivor","Neutralize","Dramatic Entrance","Leg Sweep+1","Slice","Cloak And Dagger","Flying Knee+1","Envenom+1","Heel Hook","Bullet Time","Poisoned Stab","Dagger Spray","Burst","Predator+1","PiercingWail","Regret","Cloak And Dagger","Noxious Fumes","Noxious Fumes+1"],"relics":["Ring of the Snake","Dream Catcher","Oddly Smooth Stone","PreservedInsect","Cursed Key","Snake Skull"],"potions_floor_usage":[6,6,6,16,16,16,18],"damage_taken":[{"damage":0,"enemies":"Small Slimes","floor":1,"turns":3},{"damage":2,"enemies":"2 Louse","floor":3,"turns":2},{"damage":1,"enemies":"Cultist","floor":5,"turns":3},{"damage":6,"enemies":"Lagavulin","floor":6,"turns":8},{"damage":7,"enemies":"Gremlin Gang","floor":7,"turns":4},{"damage":0,"enemies":"Exordium Wildlife","floor":12,"turns":3},{"damage":11,"enemies":"The Guardian","floor":16,"turns":13},{"damage":21,"enemies":"2 Thieves","floor":18,"turns":5},{"damage":13,"enemies":"Chosen","floor":19,"turns":6},{"damage":13,"enemies":"Snecko","floor":22,"turns":7},{"damage":14,"enemies":"Snake Plant","floor":25,"turns":6},{"damage":10,"enemies":"Centurion and Healer","floor":29,"turns":6},{"damage":20,"enemies":"Slavers","floor":30,"turns":1}],"seed_played":"4622750263929882317","potions_obtained":[{"floor":4,"key":"Fire Potion"},{"floor":4,"key":"EntropicBrew"},{"floor":4,"key":"Explosive Potion"},{"floor":16,"key":"LiquidBronze"}],"is_trial":false,"path_per_floor":["M","?","M","?","M","E","M","R","T","$","R","M","?","$","R","B",null,"M","M","?","$","M","R","?","M","T","$","R","M","E"],"character_chosen":"THE_SILENT","items_purchased":["PreservedInsect","Burst","Cloak And Dagger"],"campfire_rested":1,"item_purchase_floors":[10,21,27],"current_hp_per_floor":[70,70,68,68,67,61,54,54,54,54,54,54,70,70,70,59,70,49,36,36,36,23,23,23,9,9,9,30,20,0],"gold":46,"neow_bonus":"RANDOM_COLORLESS","is_prod":false,"is_daily":false,"chose_seed":false,"campfire_upgraded":4,"win_rate":0.0,"timestamp":1548720504,"path_taken":["M","?","M","?","?","E","M","R","T","$","R","?","?","?","R","BOSS","M","M","?","$","M","R","?","M","T","$","R","M","E"],"build_version":"2019-01-23","purchased_purges":0,"victory":false,"max_hp_per_floor":[70,70,70,70,70,70,70,70,70,70,70,70,70,70,70,70,70,70,70,70,70,70,70,70,70,70,70,70,70,70],"card_choices":[{"not_picked":["Prepared","Quick Slash"],"picked":"Leg Sweep","floor":1},{"not_picked":["Heel Hook","Distraction"],"picked":"Slice","floor":3},{"not_picked":["Dodge and Roll","Bane"],"picked":"Cloak And Dagger","floor":5},{"not_picked":["Footwork","Crippling Poison"],"picked":"Flying Knee","floor":6},{"not_picked":["Catalyst","Quick Slash"],"picked":"Envenom","floor":7},{"not_picked":["Prepared","Quick Slash"],"picked":"Heel Hook","floor":12},{"not_picked":["Envenom","Storm of Steel"],"picked":"Bullet Time","floor":16},{"not_picked":["Quick Slash","Prepared"],"picked":"Poisoned Stab","floor":18},{"not_picked":["Prepared","Blade Dance"],"picked":"Dagger Spray","floor":19},{"not_picked":["Accuracy","PiercingWail+1"],"picked":"Predator","floor":22},{"not_picked":["Prepared","Escape Plan"],"picked":"PiercingWail","floor":25},{"not_picked":["Prepared+1","Outmaneuver+1"],"picked":"Noxious Fumes","floor":28},{"not_picked":["Blade Dance","Underhanded Strike+1"],"picked":"Noxious Fumes+1","floor":29}],"player_experience":161584,"relics_obtained":[{"floor":6,"key":"Dream Catcher"},{"floor":9,"key":"Oddly Smooth Stone"},{"floor":26,"key":"Snake Skull"}],"event_choices":[{"damage_healed":0,"gold_gain":0,"player_choice":"Ignored","damage_taken":0,"max_hp_gain":0,"max_hp_loss":0,"event_name":"Golden Wing","floor":2,"gold_loss":0},{"damage_healed":0,"gold_gain":0,"player_choice":"Bought 3 Potions","damage_taken":0,"max_hp_gain":0,"max_hp_loss":0,"event_name":"The Woman in Blue","floor":4,"gold_loss":0},{"damage_healed":23,"gold_gain":0,"player_choice":"Banana","damage_taken":0,"max_hp_gain":0,"max_hp_loss":0,"event_name":"Big Fish","floor":13,"gold_loss":0},{"damage_healed":0,"gold_gain":0,"player_choice":"Ignored","damage_taken":0,"max_hp_gain":0,"max_hp_loss":0,"event_name":"Ghosts","floor":20,"gold_loss":0},{"damage_healed":0,"gold_gain":0,"player_choice":"Ignored","damage_taken":0,"max_hp_gain":0,"max_hp_loss":0,"event_name":"NoteForYourself","floor":24,"gold_loss":0}],"is_beta":false,"boss_relics":[{"not_picked":["Velvet Choker","Ectoplasm"],"picked":"Cursed Key"}],"items_purged_floors":[],"is_endless":false,"potions_floor_spawned":[5,6,16],"killed_by":"Slavers","ascension_level":0}