{"gold_per_floor":[117,133,83,83,94,123,123,141,141,185,217,231,81,114,114,215,215,228,240,253,272,292,319,319,319,319,38,68,81,180,195,195,295,295,306,316,266,279,296,322,322,337,382,416,110,122,133,144,144,144],"floor_reached":51,"playtime":2596,"items_purged":[],"score":1027,"play_id":"928270f9-b657-48ef-93e2-27f5efb114d0","local_time":"20180707183429","daily_mods":["Draft","Heirloom","Vintage"],"is_ascension_mode":false,"campfire_choices":[{"data":"Cloak And Dagger","floor":7,"key":"SMITH"},{"data":"Calculated Gamble","floor":15,"key":"SMITH"},{"data":"Calculated Gamble","floor":24,"key":"SMITH"},{"floor":32,"key":"REST"},{"floor":41,"key":"REST"},{"data":"Terror","floor":49,"key":"SMITH"}],"neow_cost":"","seed_source_timestamp":0,"circlet_count":0,"master_deck":["Calculated Gamble+1","Dagger Spray+1","Crippling Poison","Underhanded Strike","Slice","Backflip","Cloak And Dagger+1","Underhanded Strike+1","Calculated Gamble+1","Underhanded Strike","Finisher","Infinite Blades","Terror+1","Blur+1","All Out Attack","Cloak And Dagger+1","Leg Sweep","Backflip+1","Riddle With Holes","Phantasmal Killer+1","Cloak And Dagger+1","Backstab+1","PiercingWail+1","After Image","Prepared+1","Endless Agony+1","Sucker Punch+1","Cloak And Dagger+1"],"relics":["Ring of the Snake","Peace Pipe","Potion Belt","Matryoshka","Dream Catcher","Oddly Smooth Stone","Vajra","Strawberry","Regal Pillow","Tiny Chest","Toxic Egg 2","Tough Bandages","Bronze Scales","Bag of Marbles","Paper Crane","Pandora\u0027s Box","The Specimen","Blue Candle","Dodecahedron","Molten Egg 2","Bag of Preparation","Torii","War Paint","Darkstone Periapt","Mercury Hourglass","Boot","Mummified Hand","Whetstone","Lantern","Sozu","Pen Nib","Kunai","Blood Vial","Orichalcum","Snake Skull","Centennial Puzzle","Bottled Tornado","Letter Opener","Shuriken","Unceasing Top","Pantograph","The Courier"],"potions_floor_usage":[20,28,31,33,33],"damage_taken":[{"damage":0,"enemies":"Cultist","floor":1,"turns":2},{"damage":1,"enemies":"Jaw Worm","floor":2,"turns":2},{"damage":0,"enemies":"2 Louse","floor":5,"turns":1},{"damage":6,"enemies":"Gremlin Nob","floor":6,"turns":3},{"damage":0,"enemies":"Looter","floor":8,"turns":3},{"damage":0,"enemies":"2 Fungi Beasts","floor":10,"turns":2},{"damage":1,"enemies":"3 Sentries","floor":11,"turns":4},{"damage":0,"enemies":"Exordium Wildlife","floor":12,"turns":2},{"damage":0,"enemies":"Lagavulin","floor":14,"turns":6},{"damage":0,"enemies":"Slime Boss","floor":16,"turns":5},{"damage":0,"enemies":"Spheric Guardian","floor":18,"turns":2},{"damage":0,"enemies":"Chosen","floor":19,"turns":3},{"damage":0,"enemies":"Slaver and Parasite","floor":20,"turns":3},{"damage":0,"enemies":"Snecko","floor":21,"turns":3},{"damage":0,"enemies":"Centurion and Healer","floor":22,"turns":3},{"damage":0,"enemies":"Book of Stabbing","floor":23,"turns":4},{"damage":10,"enemies":"Gremlin Leader","floor":28,"turns":3},{"damage":1,"enemies":"Cultist and Chosen","floor":29,"turns":3},{"damage":0,"enemies":"Snecko","floor":31,"turns":3},{"damage":27,"enemies":"Automaton","floor":33,"turns":8},{"damage":0,"enemies":"Orb Walker","floor":35,"turns":2},{"damage":0,"enemies":"3 Darklings","floor":36,"turns":2},{"damage":3,"enemies":"4 Shapes","floor":38,"turns":2},{"damage":0,"enemies":"Maw","floor":39,"turns":4},{"damage":10,"enemies":"Nemesis","floor":40,"turns":3},{"damage":0,"enemies":"3 Darklings","floor":42,"turns":2},{"damage":0,"enemies":"2 Orb Walkers","floor":44,"turns":3},{"damage":0,"enemies":"Sphere and 2 Shapes","floor":46,"turns":3},{"damage":0,"enemies":"4 Shapes","floor":47,"turns":2},{"damage":0,"enemies":"3 Darklings","floor":48,"turns":1},{"damage":0,"enemies":"Awakened One","floor":50,"turns":7}],"seed_played":"5869587731585420753","potions_obtained":[{"floor":1,"key":"PowerPotion"},{"floor":8,"key":"Dexterity Potion"},{"floor":11,"key":"Swift Potion"},{"floor":12,"key":"FearPotion"},{"floor":16,"key":"Ancient Potion"},{"floor":22,"key":"Energy Potion"},{"floor":29,"key":"SkillPotion"},{"floor":31,"key":"PowerPotion"}],"is_trial":true,"path_per_floor":["M","M","$","$","M","E","R","M","T","M","E","M","$","E","R","B",null,"M","M","M","M","M","E","R","?","T","$","E","M","?","M","R","B",null,"M","M","$","M","M","E","R","M","T","E","$","M","M","M","R","B"],"character_chosen":"THE_SILENT","items_purchased":["Cloak And Dagger","Bronze Scales","Backstab+1","Mercury Hourglass","Prepared+1","Shuriken","Cloak And Dagger+1"],"campfire_rested":2,"item_purchase_floors":[3,13,27,27,37,45,45],"current_hp_per_floor":[70,69,69,69,69,63,63,63,70,70,69,69,69,69,69,69,77,77,77,77,77,77,77,77,77,77,77,67,66,66,66,77,50,77,77,77,77,74,76,67,77,77,77,77,77,77,77,77,77,77],"gold":144,"neow_bonus":"","is_prod":false,"is_daily":false,"chose_seed":false,"campfire_upgraded":4,"win_rate":0,"timestamp":1530981269,"path_taken":["M","M","?","$","M","E","R","M","T","M","E","M","$","E","R","BOSS","M","M","M","M","M","E","R","?","T","$","E","M","?","M","R","BOSS","M","M","$","M","M","E","R","M","T","E","$","M","M","M","R","BOSS"],"build_version":"2018-07-05","purchased_purges":0,"victory":true,"max_hp_per_floor":[70,70,70,70,70,70,70,70,77,77,77,77,77,77,77,77,77,77,77,77,77,77,77,77,77,77,77,77,77,77,77,77,77,77,77,77,77,77,77,77,77,77,77,77,77,77,77,77,77,77],"card_choices":[{"not_picked":["Reflex","Bane"],"picked":"Calculated Gamble","floor":0},{"not_picked":["Dagger Throw","Bane"],"picked":"Dagger Spray","floor":0},{"not_picked":["Sucker Punch","Leg Sweep"],"picked":"Crippling Poison","floor":0},{"not_picked":["Distraction","Deadly Poison"],"picked":"Underhanded Strike","floor":0},{"not_picked":["Sucker Punch","Predator"],"picked":"Slice","floor":0},{"not_picked":["Quick Slash","Acrobatics"],"picked":"Backflip","floor":0},{"not_picked":["Dodge and Roll","Acrobatics"],"picked":"Cloak And Dagger","floor":0},{"not_picked":["Outmaneuver","Concentrate"],"picked":"Underhanded Strike","floor":0},{"not_picked":["Underhanded Strike","Noxious Fumes"],"picked":"Calculated Gamble","floor":0},{"not_picked":["Flying Knee","Choke"],"picked":"Underhanded Strike","floor":0},{"not_picked":["PiercingWail","Infinite Blades"],"picked":"Finisher","floor":0},{"not_picked":["Accuracy","Deadly Poison"],"picked":"Infinite Blades","floor":0},{"not_picked":["Outmaneuver","Eviscerate"],"picked":"Terror","floor":0},{"not_picked":["Expertise","Infinite Blades"],"picked":"Blur","floor":0},{"not_picked":["Acrobatics","Terror"],"picked":"All Out Attack","floor":0},{"not_picked":["Dagger Throw","Outmaneuver"],"picked":"Leg Sweep","floor":6},{"not_picked":["Catalyst","Deadly Poison"],"picked":"Backflip","floor":11},{"not_picked":["Tools of the Trade","Bane"],"picked":"Riddle With Holes","floor":14},{"not_picked":["Corpse Explosion+1","Glass Knife"],"picked":"Phantasmal Killer+1","floor":16},{"not_picked":["Slice+1","Dodge and Roll+1"],"picked":"Cloak And Dagger+1","floor":23},{"not_picked":["Bouncing Flask+1","Dagger Spray+1","Acrobatics+1"],"picked":"SKIP","floor":28},{"not_picked":["Acrobatics+1","Dodge and Roll+1"],"picked":"PiercingWail+1","floor":32},{"not_picked":["Glass Knife+1","Envenom"],"picked":"After Image","floor":33},{"not_picked":["Dagger Spray+1","Underhanded Strike+1"],"picked":"Endless Agony+1","floor":40},{"not_picked":["Doppelganger+1","Deflect+1"],"picked":"Sucker Punch+1","floor":44}],"player_experience":998999,"relics_obtained":[{"floor":1,"key":"Potion Belt"},{"floor":2,"key":"Matryoshka"},{"floor":5,"key":"Dream Catcher"},{"floor":6,"key":"Oddly Smooth Stone"},{"floor":8,"key":"Vajra"},{"floor":9,"key":"Strawberry"},{"floor":9,"key":"Regal Pillow"},{"floor":10,"key":"Tiny Chest"},{"floor":11,"key":"Toxic Egg 2"},{"floor":12,"key":"Tough Bandages"},{"floor":14,"key":"Bag of Marbles"},{"floor":16,"key":"Paper Crane"},{"floor":18,"key":"The Specimen"},{"floor":19,"key":"Blue Candle"},{"floor":20,"key":"Dodecahedron"},{"floor":21,"key":"Molten Egg 2"},{"floor":22,"key":"Bag of Preparation"},{"floor":23,"key":"Torii"},{"floor":26,"key":"War Paint"},{"floor":26,"key":"Darkstone Periapt"},{"floor":28,"key":"Boot"},{"floor":29,"key":"Mummified Hand"},{"floor":31,"key":"Whetstone"},{"floor":33,"key":"Lantern"},{"floor":35,"key":"Pen Nib"},{"floor":36,"key":"Kunai"},{"floor":38,"key":"Blood Vial"},{"floor":39,"key":"Orichalcum"},{"floor":40,"key":"Snake Skull"},{"floor":42,"key":"Centennial Puzzle"},{"floor":43,"key":"Bottled Tornado"},{"floor":44,"key":"Letter Opener"},{"floor":46,"key":"Unceasing Top"},{"floor":47,"key":"Pantograph"},{"floor":48,"key":"The Courier"}],"event_choices":[{"event_name":"The Woman in Blue","player_choice":"Bought 0 Potions","floor":25,"damage_taken":0},{"event_name":"Nest","player_choice":"Stole From Cult","floor":30,"damage_taken":0}],"boss_relics":[{"not_picked":["Snecko Eye","Coffee Dripper"],"picked":"Pandora\u0027s Box"},{"not_picked":["Runic Pyramid","Velvet Choker"],"picked":"Sozu"}],"items_purged_floors":[],"is_endless":false,"potions_floor_spawned":[1,8,11,12,16,18,22,23,29,31,35,40,44,47],"ascension_level":0}