{"gold_per_floor":[366,366,379,379,70,70,47,58,58,85,112,112,37,51,51,147,147,157,4,15,15,44,44,44,44,44,44,55,72,92,109,109,213,213,231,249,124,124,143,143,169,182,182,182,404,404,404,420,420,420],"floor_reached":50,"playtime":2496,"items_purged":["Strike_R","Strike_R","Clothesline"],"score":495,"play_id":"3d1ad72a-35e0-4fe6-b11c-6d6b0cf35451","local_time":"20190105152841","is_ascension_mode":false,"campfire_choices":[{"data":"Bash","floor":6.0,"key":"SMITH"},{"data":"Pommel Strike","floor":12.0,"key":"SMITH"},{"data":"Uppercut","floor":15.0,"key":"SMITH"},{"floor":23.0,"key":"RECALL"},{"data":"Dropkick","floor":27.0,"key":"SMITH"},{"data":"Dark Embrace","floor":32.0,"key":"SMITH"},{"floor":40,"key":"REST"},{"floor":44,"key":"REST"},{"data":"Limit Break","floor":47,"key":"SMITH"},{"data":"Blood for Blood","floor":49,"key":"SMITH"}],"neow_cost":"PERCENT_DAMAGE","seed_source_timestamp":96268806311136,"circlet_count":0,"master_deck":["Defend_R","Defend_R","Defend_R","Defend_R","Bash+1","Thunderclap","Headbutt","Inflame","Blood for Blood+1","Pommel Strike+1","Uppercut+1","Demon Form","Dropkick+1","Disarm+1","True Grit+1","Dropkick","True Grit","Dark Embrace+1","Limit Break+1","Dropkick+1","Flash of Steel","Corruption+1","Feel No Pain+1"],"special_seed":0,"relics":["Burning Blood","Prayer Wheel","Mercury Hourglass","Odd Mushroom","StoneCalendar","Sozu","Red Mask","MutagenicStrength","Sundial","Empty Cage","Ginger"],"potions_floor_usage":[41],"damage_taken":[{"damage":5.0,"enemies":"2 Louse","floor":1.0,"turns":3.0},{"damage":11.0,"enemies":"Jaw Worm","floor":3.0,"turns":5.0},{"damage":0.0,"enemies":"Small Slimes","floor":8.0,"turns":3.0},{"damage":12.0,"enemies":"The Mushroom Lair","floor":10.0,"turns":2.0},{"damage":18.0,"enemies":"Gremlin Nob","floor":11.0,"turns":4.0},{"damage":0.0,"enemies":"3 Louse","floor":14.0,"turns":2.0},{"damage":15.0,"enemies":"Hexaghost","floor":16.0,"turns":7.0},{"damage":9.0,"enemies":"Shell Parasite","floor":18.0,"turns":5.0},{"damage":1.0,"enemies":"Chosen","floor":20.0,"turns":4.0},{"damage":10.0,"enemies":"Masked Bandits","floor":22.0,"turns":4.0},{"damage":9.0,"enemies":"Centurion and Healer","floor":28.0,"turns":4.0},{"damage":7.0,"enemies":"Snake Plant","floor":29.0,"turns":4.0},{"damage":10.0,"enemies":"Shelled Parasite and Fungi","floor":30.0,"turns":4.0},{"damage":21.0,"enemies":"3 Cultists","floor":31.0,"turns":5.0},{"damage":29,"enemies":"Champ","floor":33,"turns":8},{"damage":41,"enemies":"3 Darklings","floor":35,"turns":5},{"damage":11,"enemies":"Orb Walker","floor":36,"turns":2},{"damage":37,"enemies":"Writhing Mass","floor":39,"turns":5},{"damage":2,"enemies":"Nemesis","floor":41,"turns":3},{"damage":36,"enemies":"4 Shapes","floor":42,"turns":4},{"damage":17,"enemies":"3 Darklings","floor":48,"turns":5},{"damage":71,"enemies":"Donu and Deca","floor":50,"turns":4}],"seed_played":"-3730539774830100517","potions_obtained":[{"floor":1.0,"key":"Ancient Potion"},{"floor":14.0,"key":"Weak Potion"},{"floor":16.0,"key":"Swift Potion"}],"is_trial":false,"path_per_floor":["M","?","M","?","$","R","$","M","T","?","E","R","$","M","R","B",null,"M","$","M","$","?","R","?","?","T","R","M","M","M","M","R","B",null,"M","M","$","?","M","R","E","M","T","R","?","?","R","M","R","B"],"character_chosen":"IRONCLAD","items_purchased":["Prayer Wheel","Headbutt","True Grit"],"campfire_rested":2,"item_purchase_floors":[5,7,19],"current_hp_per_floor":[57,62,57,57,57,57,57,63,63,57,45,45,45,51,51,42,85,82,82,85,85,81,81,81,81,81,81,78,77,73,58,58,35,85,50,45,45,45,14,39,43,13,13,38,38,74,74,63,63,0],"gold":420,"neow_bonus":"TWO_FIFTY_GOLD","is_prod":false,"is_daily":false,"chose_seed":false,"campfire_upgraded":7,"win_rate":0,"timestamp":1546720121,"path_taken":["M","?","M","?","$","R","?","M","T","?","E","R","?","?","R","BOSS","M","$","M","$","?","R","?","?","T","R","M","?","?","M","R","BOSS","M","M","$","?","M","R","E","M","T","R","?","?","R","M","R","BOSS"],"build_version":"2019-01-03v4","purchased_purges":3,"victory":false,"max_hp_per_floor":[80,85,85,85,85,85,85,85,85,85,85,85,85,85,85,85,85,85,85,85,85,85,85,85,85,85,85,85,85,85,85,85,85,85,85,85,85,85,85,85,85,85,85,85,85,74,74,74,74,74],"card_choices":[{"not_picked":["Clothesline","Body Slam"],"picked":"Thunderclap","floor":1.0},{"not_picked":["Havoc","Body Slam"],"picked":"Clothesline","floor":3.0},{"not_picked":["Sentinel","Power Through"],"picked":"Inflame","floor":8.0},{"not_picked":["Carnage","Combust"],"picked":"Blood for Blood","floor":8.0},{"not_picked":["Armaments","Twin Strike"],"picked":"Pommel Strike","floor":11.0},{"not_picked":["Bloodletting","Wild Strike"],"picked":"Uppercut","floor":14.0},{"not_picked":["Clash","Rupture","Headbutt"],"picked":"SKIP","floor":14.0},{"not_picked":["Barricade","Dark Embrace"],"picked":"Demon Form","floor":16.0},{"not_picked":["Headbutt","Sword Boomerang"],"picked":"Dropkick","floor":18.0},{"not_picked":["Sword Boomerang","Body Slam+1"],"picked":"Disarm+1","floor":18.0},{"not_picked":["Intimidate","Sever Soul","Sentinel+1"],"picked":"SKIP","floor":20.0},{"not_picked":["Wild Strike","Iron Wave","Inflame+1"],"picked":"SKIP","floor":20.0},{"not_picked":["Bloodletting+1","Fire Breathing"],"picked":"Dropkick","floor":28.0},{"not_picked":["Shockwave","Evolve","Corruption"],"picked":"SKIP","floor":28.0},{"not_picked":["Flex+1","Pommel Strike"],"picked":"True Grit","floor":29.0},{"not_picked":["Sentinel","Pommel Strike","Thunderclap"],"picked":"SKIP","floor":29.0},{"not_picked":["Pommel Strike","Flex+1"],"picked":"Dark Embrace","floor":30.0},{"not_picked":["Pommel Strike","Clash+1","Clothesline+1"],"picked":"SKIP","floor":30.0},{"not_picked":["Ghostly Armor+1","Uppercut+1","True Grit"],"picked":"SKIP","floor":31.0},{"not_picked":["Combust","Body Slam","Hemokinesis"],"picked":"SKIP","floor":31.0},{"not_picked":["Berserk","Barricade"],"picked":"Limit Break","floor":33},{"not_picked":["Perfected Strike+1","Iron Wave+1","Wild Strike"],"picked":"SKIP","floor":35},{"not_picked":["Hemokinesis","Warcry+1","Anger+1"],"picked":"SKIP","floor":35},{"not_picked":["Clash","Warcry"],"picked":"Dropkick+1","floor":36},{"not_picked":["Body Slam","Clash","Twin Strike"],"picked":"SKIP","floor":36},{"not_picked":["Jack Of All Trades","Madness"],"picked":"Flash of Steel","floor":38},{"not_picked":["Shrug It Off","Bloodletting"],"picked":"Corruption+1","floor":39},{"not_picked":["Sword Boomerang","Hemokinesis","Clothesline"],"picked":"SKIP","floor":39},{"not_picked":["Havoc","Spot Weakness+1","Headbutt+1"],"picked":"SKIP","floor":41},{"not_picked":["Cleave","Juggernaut"],"picked":"Feel No Pain+1","floor":42},{"not_picked":["Shockwave+1","Perfected Strike","Flex+1"],"picked":"SKIP","floor":42},{"not_picked":["Burning Pact","Pummel","Twin Strike+1"],"picked":"SKIP","floor":48},{"not_picked":["Cleave+1","Sever Soul","Heavy Blade+1"],"picked":"SKIP","floor":48}],"player_experience":2017324,"relics_obtained":[{"floor":9.0,"key":"Mercury Hourglass"},{"floor":10.0,"key":"Odd Mushroom"},{"floor":11.0,"key":"StoneCalendar"},{"floor":22.0,"key":"Red Mask"},{"floor":26.0,"key":"Sundial"},{"floor":41,"key":"Ginger"}],"event_choices":[{"damage_healed":0.0,"max_hp_gain":5.0,"max_hp_loss":0.0,"gold_gain":0.0,"event_name":"Big Fish","player_choice":"Donut","floor":2.0,"gold_loss":0.0,"damage_taken":0.0},{"cards_removed":["Strike_R"],"damage_healed":0.0,"max_hp_gain":0.0,"max_hp_loss":0.0,"gold_gain":0.0,"event_name":"Living Wall","player_choice":"Forget","floor":4.0,"gold_loss":0.0,"damage_taken":0.0},{"damage_healed":0.0,"max_hp_gain":0.0,"max_hp_loss":0.0,"gold_gain":0.0,"event_name":"Mushrooms","player_choice":"Fought Mushrooms","floor":10.0,"gold_loss":0.0,"damage_taken":0.0},{"damage_healed":0.0,"max_hp_gain":0.0,"max_hp_loss":0.0,"gold_gain":0.0,"event_name":"Masked Bandits","player_choice":"Fought Bandits","floor":22.0,"gold_loss":0.0,"damage_taken":0.0},{"damage_healed":0.0,"max_hp_gain":0.0,"max_hp_loss":0.0,"gold_gain":0.0,"event_name":"Drug Dealer","player_choice":"Inject Mutagens","floor":24.0,"gold_loss":0.0,"damage_taken":0.0,"relics_obtained":["MutagenicStrength"]},{"damage_healed":0.0,"max_hp_gain":0.0,"max_hp_loss":0.0,"gold_gain":0.0,"event_name":"Accursed Blacksmith","player_choice":"Forge","floor":25.0,"gold_loss":0.0,"damage_taken":0.0,"cards_upgraded":["True Grit"]},{"damage_healed":0,"gold_gain":0,"player_choice":"Memory 1","damage_taken":0,"max_hp_gain":0,"max_hp_loss":0,"event_name":"SensoryStone","floor":38,"gold_loss":0},{"damage_healed":0,"gold_gain":222,"player_choice":"Wore Mask","damage_taken":0,"max_hp_gain":0,"max_hp_loss":0,"event_name":"Tomb of Lord Red Mask","floor":45,"gold_loss":0},{"damage_healed":74,"gold_gain":0,"player_choice":"Heal","damage_taken":0,"max_hp_gain":0,"max_hp_loss":11,"event_name":"The Moai Head","floor":46,"gold_loss":0}],"is_beta":false,"boss_relics":[{"not_picked":["Cursed Key","Philosopher\u0027s Stone"],"picked":"Sozu"},{"not_picked":["Runic Dome","Mark of Pain"],"picked":"Empty Cage"}],"items_purged_floors":[13,19,37],"is_endless":false,"potions_floor_spawned":[1,14,16,20,29,30,33,36,41,42,48],"killed_by":"Donu and Deca","ascension_level":0}