{"gold_per_floor":[109,109,120,136,153,153,170,170,170,214,214],"floor_reached":11,"playtime":326,"items_purged":[],"score":105,"play_id":"94235f89-43b5-47a5-ac11-dc7d760f45a8","local_time":"20180730113813","is_ascension_mode":true,"campfire_choices":[],"neow_cost":"NONE","seed_source_timestamp":411007829101685,"circlet_count":0,"master_deck":["Strike_R","Strike_R","Strike_R","Defend_R","Defend_R","Defend_R","Defend_R","Bash","Metallicize","Burning Pact","Body Slam","Juggernaut","True Grit","Thunderclap","Spot Weakness"],"relics":["Burning Blood","NeowsBlessing","Golden Idol","Bag of Marbles","Red Skull"],"potions_floor_usage":[7,10],"damage_taken":[{"damage":0,"enemies":"Small Slimes","floor":1,"turns":1},{"damage":0,"enemies":"Cultist","floor":3,"turns":1},{"damage":0,"enemies":"2 Louse","floor":4,"turns":1},{"damage":11,"enemies":"Red Slaver","floor":5,"turns":4},{"damage":2,"enemies":"3 Louse","floor":7,"turns":3},{"damage":59,"enemies":"Gremlin Nob","floor":10,"turns":6},{"damage":23,"enemies":"Gremlin Gang","floor":11,"turns":2}],"seed_played":"6911380162732558708","potions_obtained":[{"floor":1,"key":"FearPotion"},{"floor":4,"key":"Block Potion"}],"is_trial":false,"path_per_floor":["M","?","M","M","M","?","M","?","T","E"],"character_chosen":"IRONCLAD","items_purchased":[],"campfire_rested":0,"item_purchase_floors":[],"current_hp_per_floor":[78,78,80,80,75,75,79,74,74,21,0],"gold":214,"neow_bonus":"THREE_ENEMY_KILL","is_prod":false,"is_daily":false,"chose_seed":false,"campfire_upgraded":0,"win_rate":0,"timestamp":1532965093,"path_taken":["M","?","?","M","M","?","M","?","T","E","M"],"build_version":"2018-07-26","purchased_purges":0,"victory":false,"max_hp_per_floor":[80,80,80,80,80,80,80,74,74,74,74],"card_choices":[{"not_picked":["Iron Wave","Bloodletting"],"picked":"Metallicize","floor":1},{"not_picked":["Warcry","Corruption"],"picked":"Body Slam","floor":3},{"not_picked":["Warcry","Clash"],"picked":"Juggernaut","floor":4},{"not_picked":["Burning Pact","Dual Wield"],"picked":"True Grit","floor":5},{"not_picked":["Spot Weakness","Combust"],"picked":"Thunderclap","floor":7},{"not_picked":["Searing Blow","Blood for Blood"],"picked":"Spot Weakness","floor":10}],"player_experience":1358841,"relics_obtained":[{"floor":9,"key":"Bag of Marbles"},{"floor":10,"key":"Red Skull"}],"event_choices":[{"event_name":"Transmorgrifier","player_choice":"Transform","floor":2,"damage_taken":0},{"event_name":"Purifier","player_choice":"One Purge","floor":6,"damage_taken":0},{"event_name":"Golden Idol","player_choice":"Lose Max HP","floor":8,"damage_taken":0}],"is_beta":false,"boss_relics":[],"items_purged_floors":[],"is_endless":false,"potions_floor_spawned":[1,4],"killed_by":"Gremlin Gang","ascension_level":8}