{"gold_per_floor":[117,129,139,191,191,217,217,217,217,247,247,278,2,18,18,119,169,188,205,205,55,55,55,80,80,103,103,115,129,144,144,144,144],"floor_reached":33,"playtime":2102,"items_purged":["Zap"],"score":340,"play_id":"bac25ba7-530a-4874-a2bc-2eabd109a72d","local_time":"20181101191433","is_ascension_mode":true,"campfire_choices":[{"floor":11,"key":"REST"},{"floor":15,"key":"RECALL"},{"data":"Electrodynamics","floor":23,"key":"SMITH"},{"floor":25,"key":"REST"},{"data":"Go for the Eyes","floor":27,"key":"SMITH"},{"data":"Chaos","floor":32,"key":"SMITH"}],"neow_cost":"NONE","seed_source_timestamp":1049850415226977,"circlet_count":0,"master_deck":["Strike_B+1","Strike_B","Strike_B+1","Strike_B","Defend_B","Defend_B+1","Defend_B","Defend_B+1","Dualcast+1","Blind","Coolheaded+1","FTL","Chaos+1","Ball Lightning","Glacier+1","Electrodynamics+1","Go for the Eyes+1","Compile Driver","Sunder+1","Cold Snap+1","BootSequence"],"relics":["Cracked Core","Kunai","Whetstone","Cables","War Paint","Tiny House","PreservedInsect","Lantern","Pen Nib","Bag of Marbles"],"potions_floor_usage":[6,18,19,19,24,24,33,33],"damage_taken":[{"damage":0,"enemies":"Small Slimes","floor":1,"turns":2},{"damage":1,"enemies":"2 Louse","floor":2,"turns":3},{"damage":2,"enemies":"Jaw Worm","floor":3,"turns":3},{"damage":15,"enemies":"Gremlin Nob","floor":6,"turns":4},{"damage":11,"enemies":"Lagavulin","floor":10,"turns":8},{"damage":20,"enemies":"Gremlin Nob","floor":12,"turns":4},{"damage":1,"enemies":"Exordium Thugs","floor":14,"turns":4},{"damage":20,"enemies":"Hexaghost","floor":16,"turns":12},{"damage":5,"enemies":"Chosen","floor":18,"turns":6},{"damage":11,"enemies":"3 Byrds","floor":19,"turns":3},{"damage":10,"enemies":"Slavers","floor":24,"turns":3},{"damage":5,"enemies":"Snecko","floor":28,"turns":4},{"damage":1,"enemies":"Snake Plant","floor":29,"turns":3},{"damage":0,"enemies":"3 Cultists","floor":30,"turns":2},{"damage":73,"enemies":"Champ","floor":33,"turns":14}],"seed_played":"-8086378728966949568","potions_obtained":[{"floor":3,"key":"Fire Potion"},{"floor":10,"key":"Energy Potion"},{"floor":12,"key":"Fire Potion"},{"floor":14,"key":"AttackPotion"},{"floor":17,"key":"EntropicBrew"},{"floor":28,"key":"Fire Potion"}],"is_trial":false,"path_per_floor":["M","M","M","?","?","E","?","?","T","E","R","E","$","M","R","B",null,"M","M","?","$","?","R","E","R","T","R","M","M","M","?","R","B"],"character_chosen":"DEFECT","items_purchased":["Ball Lightning","War Paint","Lantern"],"campfire_rested":2,"item_purchase_floors":[13,13,21],"current_hp_per_floor":[75,74,72,72,72,57,75,60,60,49,71,51,51,50,50,30,80,75,64,64,64,64,64,54,78,78,78,73,72,72,72,72,0],"gold":144,"neow_bonus":"RANDOM_COLORLESS","is_prod":false,"is_daily":false,"chose_seed":false,"campfire_upgraded":3,"win_rate":0,"timestamp":1541117673,"path_taken":["M","M","M","?","?","E","?","?","T","E","R","E","$","M","R","BOSS","M","M","?","$","?","R","E","R","T","R","M","M","M","?","R","BOSS"],"build_version":"2018-11-01","purchased_purges":1,"victory":false,"max_hp_per_floor":[75,75,75,75,75,75,75,75,75,75,75,75,75,75,75,75,80,80,80,80,80,80,80,80,80,80,80,80,80,80,80,80,80],"card_choices":[{"not_picked":["Conserve Battery","Steam"],"picked":"Coolheaded","floor":1},{"not_picked":["Leap","Steam Power"],"picked":"FTL","floor":2},{"not_picked":["Tempest","Turbo"],"picked":"Sunder","floor":3},{"not_picked":["Tempest","Coolheaded","Recycle"],"picked":"SKIP","floor":6},{"not_picked":["Redo","Amplify","Capacitor"],"picked":"SKIP","floor":10},{"not_picked":["Turbo","Barrage"],"picked":"Chaos","floor":12},{"not_picked":["Loop","Gash"],"picked":"Glacier","floor":14},{"not_picked":["Meteor Strike","Biased Cognition"],"picked":"Electrodynamics","floor":16},{"not_picked":["Streamline","Coolheaded"],"picked":"Go for the Eyes","floor":17},{"not_picked":["Rebound","Cold Snap"],"picked":"Compile Driver","floor":18},{"not_picked":["Hologram+1","Compile Driver+1","Barrage+1"],"picked":"SKIP","floor":19},{"not_picked":["Scrape","Beam Cell"],"picked":"Sunder+1","floor":24},{"not_picked":["Undo","Gash"],"picked":"Cold Snap+1","floor":28},{"not_picked":["Genetic Algorithm+1","Cold Snap","Blizzard"],"picked":"SKIP","floor":29},{"not_picked":["Barrage","Hologram"],"picked":"BootSequence","floor":30}],"player_experience":504704,"relics_obtained":[{"floor":6,"key":"Kunai"},{"floor":10,"key":"Whetstone"},{"floor":12,"key":"Cables"},{"floor":24,"key":"Pen Nib"},{"floor":26,"key":"Bag of Marbles"}],"event_choices":[{"damage_healed":0,"gold_gain":52,"player_choice":"Gained Gold","damage_taken":0,"max_hp_gain":0,"max_hp_loss":0,"event_name":"Golden Wing","floor":4,"gold_loss":0},{"damage_healed":0,"gold_gain":0,"player_choice":"Ignored","damage_taken":0,"max_hp_gain":0,"max_hp_loss":0,"event_name":"Golden Idol","floor":5,"gold_loss":0},{"damage_healed":25,"gold_gain":0,"player_choice":"Banana","damage_taken":0,"max_hp_gain":0,"max_hp_loss":0,"event_name":"Big Fish","floor":7,"gold_loss":0},{"damage_healed":0,"gold_gain":0,"player_choice":"Entered Light","damage_taken":15,"max_hp_gain":0,"max_hp_loss":0,"event_name":"Shining Light","floor":8,"gold_loss":0,"cards_upgraded":["Coolheaded","Defend_B"]},{"damage_healed":0,"gold_gain":0,"player_choice":"Opened","damage_taken":0,"relics_obtained":["PreservedInsect"],"max_hp_gain":0,"max_hp_loss":0,"event_name":"The Mausoleum","floor":20,"gold_loss":0},{"cards_removed":["Sunder"],"damage_healed":0,"gold_gain":0,"player_choice":"Elegance","damage_taken":0,"max_hp_gain":0,"max_hp_loss":0,"event_name":"Back to Basics","floor":22,"gold_loss":0},{"damage_healed":0,"gold_gain":0,"player_choice":"Ignored","damage_taken":0,"max_hp_gain":0,"max_hp_loss":0,"event_name":"Ghosts","floor":31,"gold_loss":0}],"is_beta":true,"boss_relics":[{"not_picked":["Black Star","Orrery"],"picked":"Tiny House"}],"items_purged_floors":[13],"is_endless":false,"potions_floor_spawned":[3,10,12,14,28],"killed_by":"Champ","ascension_level":4}