{"gold_per_floor":[116,132,7,23,50,50,50,63,109,109,41,72,72,85,85,189,189,209,209,221,247,259,271,283],"floor_reached":24,"playtime":1492,"items_purged":[],"score":301,"play_id":"148bd9d8-770f-4b26-a770-de6912c2af93","local_time":"20180804020029","is_ascension_mode":true,"campfire_choices":[{"data":"Noxious Fumes","floor":6.0,"key":"SMITH"},{"data":"Poisoned Stab","floor":10,"key":"SMITH"},{"floor":13,"key":"DIG"},{"floor":15,"key":"DIG"},{"floor":23,"key":"DIG"}],"neow_cost":"NONE","seed_source_timestamp":298972315207282,"circlet_count":0,"master_deck":["Defend_G","Defend_G","Defend_G","Defend_G","Defend_G","Strike_G","Strike_G","Strike_G","Strike_G","Survivor","Neutralize","AscendersBane","Poisoned Stab+1","Predator","Noxious Fumes+1","Backflip","Well Laid Plans","Cloak And Dagger","Crippling Poison","Tools of the Trade","Caltrops","Corpse Explosion"],"special_seed":0,"relics":["Ring of the Snake","Centennial Puzzle","Oddly Smooth Stone","Strawberry","Shovel","Art of War","Letter Opener","Snecko Eye","MawBank","Paper Crane"],"potions_floor_usage":[12,18],"damage_taken":[{"damage":5.0,"enemies":"Cultist","floor":1.0,"turns":5.0},{"damage":6.0,"enemies":"2 Louse","floor":2.0,"turns":3.0},{"damage":1.0,"enemies":"Jaw Worm","floor":4.0,"turns":4.0},{"damage":0,"enemies":"Looter","floor":8,"turns":4},{"damage":3,"enemies":"3 Sentries","floor":12,"turns":5},{"damage":3,"enemies":"2 Fungi Beasts","floor":14,"turns":3},{"damage":20,"enemies":"Slime Boss","floor":16,"turns":11},{"damage":4,"enemies":"Shell Parasite","floor":18,"turns":6},{"damage":32,"enemies":"Spheric Guardian","floor":21,"turns":6},{"damage":30,"enemies":"Book of Stabbing","floor":24,"turns":6}],"seed_played":"-7071937371758244672","potions_obtained":[{"floor":8,"key":"Energy Potion"},{"floor":16,"key":"Swift Potion"},{"floor":21,"key":"Explosive Potion"}],"is_trial":false,"path_per_floor":["M","M","$","M","T","R","$","M","T","R","$","E","R","M","R","B",null,"M","?","?","M","$","R"],"character_chosen":"THE_SILENT","items_purchased":["Noxious Fumes","Backflip","Crippling Poison"],"campfire_rested":0,"item_purchase_floors":[3,3,11],"current_hp_per_floor":[58,52,52,51,51,51,51,51,58,58,58,55,55,52,52,32,66,62,62,62,30,30,30,0],"gold":283,"neow_bonus":"RANDOM_COMMON_RELIC","is_prod":false,"is_daily":false,"chose_seed":false,"campfire_upgraded":2,"win_rate":0,"timestamp":1533340829,"path_taken":["M","?","$","M","?","R","$","M","T","R","$","E","R","M","R","BOSS","M","?","?","M","$","R","E"],"build_version":"2018-08-01","purchased_purges":0,"victory":false,"max_hp_per_floor":[70,70,70,70,70,70,70,70,77,77,77,77,77,77,77,77,77,77,77,77,77,77,77,77],"card_choices":[{"not_picked":["Concentrate","Tactician"],"picked":"Poisoned Stab","floor":1.0},{"not_picked":["Acrobatics","Bane"],"picked":"Predator","floor":2.0},{"not_picked":["Dodge and Roll","Slice"],"picked":"Well Laid Plans","floor":4.0},{"not_picked":["Dagger Throw","Reflex"],"picked":"Cloak And Dagger","floor":8},{"not_picked":["Acrobatics","Expertise","Deadly Poison"],"picked":"SKIP","floor":12},{"not_picked":["Calculated Gamble","Accuracy","Deadly Poison"],"picked":"SKIP","floor":14},{"not_picked":["Glass Knife","Corpse Explosion"],"picked":"Tools of the Trade","floor":16},{"not_picked":["Dagger Spray","Outmaneuver","Slice+1"],"picked":"SKIP","floor":18},{"not_picked":["PiercingWail+1","Dagger Spray"],"picked":"Corpse Explosion","floor":21}],"player_experience":385122,"relics_obtained":[{"floor":5.0,"key":"Oddly Smooth Stone"},{"floor":9,"key":"Strawberry"},{"floor":12,"key":"Shovel"},{"floor":13,"key":"Art of War"},{"floor":15,"key":"Letter Opener"},{"floor":23,"key":"Paper Crane"}],"event_choices":[{"event_name":"The Mausoleum","player_choice":"Yes","floor":19,"damage_taken":0},{"event_name":"Transmorgrifier","player_choice":"Transform","floor":20,"damage_taken":0}],"is_beta":true,"boss_relics":[{"not_picked":["Calling Bell","Ring of the Serpent"],"picked":"Snecko Eye"}],"items_purged_floors":[],"is_endless":false,"potions_floor_spawned":[8,16,21],"killed_by":"Book of Stabbing","ascension_level":11}