{"gold_per_floor":[118,118,133,58,8,8,33,33,79,79,114,114,127,127,127,224,224,206,106,106,106,106,106,106],"floor_reached":24,"playtime":1372,"items_purged":["Strike_B","Strike_B"],"score":307,"play_id":"2f204c5f-4816-434d-aea5-538c39c92a4b","local_time":"20180712204114","is_ascension_mode":true,"campfire_choices":[{"data":"Zap","floor":6,"key":"SMITH"},{"floor":8,"key":"REST"},{"data":"Hologram","floor":10,"key":"SMITH"},{"data":"Dualcast","floor":15,"key":"SMITH"},{"floor":23,"key":"REST"}],"neow_cost":"NONE","seed_source_timestamp":147502960353491,"circlet_count":0,"master_deck":["Strike_B","Defend_B","Defend_B","Defend_B","Defend_B","Zap+1","Dualcast+1","AscendersBane","Hologram+1","BootSequence","Reinforced Body","Coolheaded","Fission","Hologram","Blizzard"],"relics":["Cracked Core","Blood Vial","Mummified Hand","Potion Belt","Juzu Bracelet","Inserter"],"potions_floor_usage":[13,16,16,16,16],"damage_taken":[{"damage":1,"enemies":"Cultist","floor":1,"turns":3},{"damage":8,"enemies":"Jaw Worm","floor":3,"turns":4},{"damage":36,"enemies":"Lagavulin","floor":7,"turns":7},{"damage":17,"enemies":"3 Sentries","floor":11,"turns":9},{"damage":8,"enemies":"Small Slimes","floor":13,"turns":5},{"damage":32,"enemies":"Slime Boss","floor":16,"turns":23},{"damage":21,"enemies":"2 Thieves","floor":18,"turns":5},{"damage":73,"enemies":"Slavers","floor":24,"turns":6}],"seed_played":"-6171860145135213694","potions_obtained":[{"floor":3,"key":"EssenceOfSteel"},{"floor":7,"key":"SkillPotion"},{"floor":11,"key":"Regen Potion"},{"floor":14,"key":"Fire Potion"},{"floor":14,"key":"Weak Potion"},{"floor":14,"key":"EssenceOfSteel"}],"is_trial":false,"path_per_floor":["M","?","M","$","?","R","E","R","T","R","E","?","M","?","R","B",null,"M","$","?","?","?","R"],"character_chosen":"DEFECT","items_purchased":[],"campfire_rested":2,"item_purchase_floors":[],"current_hp_per_floor":[69,69,63,63,63,63,29,51,51,51,36,61,67,67,67,37,66,47,47,47,47,47,69,0],"gold":106,"neow_bonus":"RANDOM_COMMON_RELIC","is_prod":false,"is_daily":false,"chose_seed":false,"campfire_upgraded":3,"win_rate":0,"timestamp":1531442474,"path_taken":["M","?","M","$","?","R","E","R","T","R","E","?","M","?","R","BOSS","M","$","?","?","?","R","E"],"build_version":"2018-07-05","purchased_purges":2,"victory":false,"max_hp_per_floor":[75,75,75,75,75,75,75,75,75,75,75,75,75,75,75,75,75,75,75,75,75,75,75,75],"card_choices":[{"not_picked":["Streamline","Redo"],"picked":"Hologram","floor":1},{"not_picked":["Sweeping Beam","Ball Lightning"],"picked":"BootSequence","floor":3},{"not_picked":["Tempest","Beam Cell"],"picked":"Reinforced Body","floor":7},{"not_picked":["Turbo","Skim","Sweeping Beam"],"picked":"SKIP","floor":11},{"not_picked":["Go for the Eyes","Conserve Battery"],"picked":"Coolheaded","floor":13},{"not_picked":["Biased Cognition","Rainbow"],"picked":"Fission","floor":16},{"not_picked":["Sweeping Beam","Redo"],"picked":"Hologram","floor":18}],"player_experience":1047913,"relics_obtained":[{"floor":7,"key":"Mummified Hand"},{"floor":9,"key":"Potion Belt"},{"floor":11,"key":"Juzu Bracelet"}],"event_choices":[{"event_name":"Shining Light","player_choice":"Ignored","floor":2,"damage_taken":0},{"event_name":"The Cleric","player_choice":"Card Removal","floor":5,"damage_taken":0},{"event_name":"Big Fish","player_choice":"Banana","floor":12,"damage_taken":0},{"event_name":"The Lab","player_choice":"Got Potions","floor":14,"damage_taken":0},{"event_name":"Ghosts","player_choice":"Ignored","floor":20,"damage_taken":0},{"event_name":"Drug Dealer","player_choice":"Ignored","floor":21,"damage_taken":0},{"event_name":"The Library","player_choice":"Read","floor":22,"damage_taken":0}],"boss_relics":[{"not_picked":["Eternal Feather","Pandora\u0027s Box"],"picked":"Inserter"}],"items_purged_floors":[4,19],"is_endless":false,"potions_floor_spawned":[3,7,11],"killed_by":"Slavers","ascension_level":11}