{"gold_per_floor":[114,124,140,140,140,140,166,182,182,202,221,221,241,35,35,139,139,155,155,95,52,70,70,70],"floor_reached":24,"playtime":1540,"items_purged":[],"score":188,"play_id":"a44bff84-7abd-4b1b-a23b-d4dbd39e8d9f","local_time":"20190113170458","is_ascension_mode":false,"campfire_choices":[{"data":"Terror","floor":6,"key":"SMITH"},{"floor":15,"key":"REST"},{"floor":23,"key":"REST"}],"neow_cost":"CURSE","seed_source_timestamp":171505885497256,"circlet_count":0,"master_deck":["Survivor","Neutralize","Terror+1","Predator","Crippling Poison","Noxious Fumes","Bane","Terror","Dodge and Roll","Caltrops","Noxious Fumes","Burst","Underhanded Strike","Dodge and Roll","Bane","Dagger Spray","Sucker Punch","Riddle With Holes","Accuracy","Expertise","PiercingWail","Underhanded Strike","Prepared+1","Dodge and Roll","Backflip"],"relics":["Ring of the Snake","StoneCalendar","Anchor","The Courier","Pandora\u0027s Box"],"potions_floor_usage":[10,13,13,16],"damage_taken":[{"damage":10,"enemies":"Jaw Worm","floor":1,"turns":6},{"damage":8,"enemies":"2 Louse","floor":2,"turns":3},{"damage":4,"enemies":"Cultist","floor":3,"turns":2},{"damage":31,"enemies":"Gremlin Gang","floor":8,"turns":5},{"damage":0,"enemies":"Large Slime","floor":10,"turns":5},{"damage":0,"enemies":"Exordium Wildlife","floor":11,"turns":4},{"damage":2,"enemies":"Exordium Thugs","floor":13,"turns":4},{"damage":21,"enemies":"Hexaghost","floor":16,"turns":9},{"damage":10,"enemies":"3 Byrds","floor":18,"turns":5},{"damage":20,"enemies":"2 Thieves","floor":20,"turns":4},{"damage":24,"enemies":"Snake Plant","floor":22,"turns":3},{"damage":43,"enemies":"Cultist and Chosen","floor":24,"turns":4}],"seed_played":"-8295670000681885269","potions_obtained":[{"floor":1,"key":"Dexterity Potion"},{"floor":3,"key":"Dexterity Potion"},{"floor":10,"key":"FearPotion"},{"floor":13,"key":"GhostInAJar"},{"floor":16,"key":"Weak Potion"},{"floor":22,"key":"GhostInAJar"}],"is_trial":false,"path_per_floor":["M","M","M","?","?","R","T","M","T","M","M","?","M","$","R","B",null,"M","?","M","$","M","R","M"],"character_chosen":"THE_SILENT","items_purchased":["Terror","Dodge and Roll","Caltrops","Noxious Fumes","Dodge and Roll"],"campfire_rested":2,"item_purchase_floors":[14,14,14,14,21],"current_hp_per_floor":[60,52,48,48,53,53,53,22,22,22,22,22,20,20,42,21,75,65,65,45,45,21,43,0],"gold":70,"neow_bonus":"ONE_RARE_RELIC","is_prod":false,"is_daily":false,"chose_seed":false,"campfire_upgraded":1,"win_rate":0.0,"timestamp":1547427898,"path_taken":["M","M","M","?","?","R","?","?","T","?","M","?","M","?","R","BOSS","M","?","?","?","M","R","?"],"build_version":"2019-01-10","purchased_purges":0,"victory":false,"max_hp_per_floor":[70,70,70,70,75,75,75,75,75,75,75,75,75,75,75,75,75,75,75,75,75,75,75,75],"card_choices":[{"not_picked":["Blade Dance","Accuracy"],"picked":"Terror","floor":1},{"not_picked":["Acrobatics","Outmaneuver"],"picked":"Predator","floor":2},{"not_picked":["Accuracy","Deadly Poison"],"picked":"Crippling Poison","floor":3},{"not_picked":["Quick Slash","Finisher","Dagger Spray"],"picked":"SKIP","floor":8},{"not_picked":["Venomology","Catalyst"],"picked":"Noxious Fumes","floor":10},{"not_picked":["Backstab","Expertise","Deadly Poison"],"picked":"SKIP","floor":11},{"not_picked":["Expertise","Accuracy"],"picked":"Bane","floor":13},{"not_picked":["Die Die Die","Envenom"],"picked":"Burst","floor":16},{"not_picked":["Deadly Poison+1","Backstab","Underhanded Strike"],"picked":"SKIP","floor":18},{"not_picked":["Predator","All Out Attack"],"picked":"Prepared+1","floor":20},{"not_picked":["Riddle With Holes","Poisoned Stab"],"picked":"Backflip","floor":22}],"player_experience":122380,"relics_obtained":[{"floor":7,"key":"Anchor"},{"floor":9,"key":"The Courier"}],"event_choices":[{"cards_removed":["Pain"],"damage_healed":0,"gold_gain":0,"player_choice":"Forget","damage_taken":0,"max_hp_gain":0,"max_hp_loss":0,"event_name":"Living Wall","floor":4,"gold_loss":0},{"damage_healed":0,"gold_gain":0,"player_choice":"Donut","damage_taken":0,"max_hp_gain":5,"max_hp_loss":0,"event_name":"Big Fish","floor":5,"gold_loss":0},{"damage_healed":0,"gold_gain":0,"player_choice":"Ignored","damage_taken":0,"max_hp_gain":0,"max_hp_loss":0,"event_name":"Liars Game","floor":12,"gold_loss":0},{"cards_removed":["Grand Finale"],"damage_healed":0,"gold_gain":0,"player_choice":"Took Card","damage_taken":0,"max_hp_gain":0,"max_hp_loss":0,"event_name":"NoteForYourself","floor":19,"gold_loss":0,"cards_obtained":["Underhanded Strike"]}],"is_beta":false,"boss_relics":[{"not_picked":["Empty Cage","Ectoplasm"],"picked":"Pandora\u0027s Box"}],"items_purged_floors":[],"is_endless":false,"potions_floor_spawned":[1,3,10,13,16,22],"killed_by":"Cultist and Chosen","ascension_level":0}