{"path_per_floor":["M","M","M","?","$","E","M","R","T","M","M","M","M","T","R","B",null,"M","$","M","?","M","R","E","?","T","?","M","R","?","M","R"],"character_chosen":"IRONCLAD","items_purchased":["Rampage","Bottled Flame"],"gold_per_floor":[115,127,141,201,54,82,95,95,95,110,130,150,160,160,160,263,263,279,30,49,49,69,69,96,96,168,168,183,183,183,199,199,199],"floor_reached":33,"campfire_rested":0,"playtime":2933,"item_purchase_floors":[5,19],"current_hp_per_floor":[80,80,80,80,80,72,66,66,66,53,59,40,46,46,46,59,80,64,64,70,70,79,79,83,83,83,83,80,80,64,61,61,0],"items_purged":["Strike_R"],"gold":199,"score":296,"play_id":"5783a612-3c56-4470-a915-832c296037d4","local_time":"20180623215505","is_prod":false,"is_daily":false,"chose_seed":false,"is_ascension_mode":false,"campfire_upgraded":5,"win_rate":0,"timestamp":1529808905,"campfire_choices":[{"data":"Seeing Red","floor":8,"key":"SMITH"},{"data":"Fiend Fire","floor":15,"key":"SMITH"},{"data":"Searing Blow+1","floor":23,"key":"SMITH"},{"data":"Searing Blow+2","floor":29,"key":"SMITH"},{"data":"Searing Blow+3","floor":32,"key":"SMITH"}],"path_taken":["M","M","?","?","$","E","M","R","T","M","M","M","M","?","R","BOSS","M","$","?","?","M","R","E","?","T","?","?","R","?","M","R","BOSS"],"build_version":"2018-06-21","seed_source_timestamp":163330008410095,"purchased_purges":1,"circlet_count":0,"victory":false,"master_deck":["Strike_R+1","Strike_R","Strike_R","Strike_R","Defend_R","Defend_R","Defend_R","Bash","Carnage","Shrug It Off","Rampage","Perfected Strike","Seeing Red+1","Cleave","Cleave","Fiend Fire+1","Demon Form","Searing Blow+4","Sentinel+1"],"max_hp_per_floor":[80,80,80,80,80,80,80,80,80,80,80,80,80,80,80,80,80,80,80,80,80,83,83,83,83,83,83,83,83,88,88,88,88],"relics":["Burning Blood","Dead Branch","Smiling Mask","Bag of Preparation","Coffee Dripper","Bottled Flame","Blue Candle","Gremlin Horn"],"card_choices":[{"not_picked":["Armaments","Headbutt"],"picked":"Carnage","floor":1},{"not_picked":["Clothesline","Flame Barrier"],"picked":"Shrug It Off","floor":2},{"not_picked":["Searing Blow","Warcry","Headbutt"],"picked":"SKIP","floor":3},{"not_picked":["Dark Embrace","Flex"],"picked":"Perfected Strike","floor":6},{"not_picked":["Twin Strike","Sword Boomerang"],"picked":"Seeing Red","floor":7},{"not_picked":["Warcry","Sever Soul","Anger"],"picked":"SKIP","floor":10},{"not_picked":["Searing Blow","Shockwave"],"picked":"Cleave","floor":11},{"not_picked":["Blood for Blood","Body Slam"],"picked":"Cleave","floor":12},{"not_picked":["Dropkick","Havoc"],"picked":"Fiend Fire","floor":13},{"not_picked":["Juggernaut","Exhume"],"picked":"Demon Form","floor":16},{"not_picked":["Headbutt","Warcry+1"],"picked":"Searing Blow+1","floor":18},{"not_picked":["Anger","Shockwave+1","Shrug It Off"],"picked":"SKIP","floor":20},{"not_picked":["Clash","Headbutt+1"],"picked":"Sentinel+1","floor":22},{"not_picked":["Twin Strike","Havoc","Fiend Fire"],"picked":"SKIP","floor":24},{"not_picked":["Burning Pact","Wild Strike","Thunderclap"],"picked":"SKIP","floor":28},{"not_picked":["Headbutt","Warcry+1","Shrug It Off"],"picked":"SKIP","floor":31}],"player_experience":267420,"potions_floor_usage":[11,16],"damage_taken":[{"damage":1,"enemies":"Cultist","floor":1,"turns":3},{"damage":6,"enemies":"Jaw Worm","floor":2,"turns":3},{"damage":6,"enemies":"2 Louse","floor":3,"turns":2},{"damage":14,"enemies":"Gremlin Nob","floor":6,"turns":4},{"damage":12,"enemies":"Exordium Wildlife","floor":7,"turns":3},{"damage":19,"enemies":"Blue Slaver","floor":10,"turns":3},{"damage":0,"enemies":"Gremlin Gang","floor":11,"turns":2},{"damage":25,"enemies":"Exordium Wildlife","floor":12,"turns":4},{"damage":0,"enemies":"Large Slime","floor":13,"turns":4},{"damage":1,"enemies":"Slime Boss","floor":16,"turns":6},{"damage":22,"enemies":"2 Thieves","floor":18,"turns":4},{"damage":0,"enemies":"Spheric Guardian","floor":20,"turns":1},{"damage":0,"enemies":"Centurion and Healer","floor":22,"turns":3},{"damage":0,"enemies":"Slavers","floor":24,"turns":4},{"damage":9,"enemies":"Chosen and Byrds","floor":28,"turns":4},{"damage":9,"enemies":"Snecko","floor":31,"turns":4},{"damage":87,"enemies":"Collector","floor":33,"turns":5}],"relics_obtained":[{"floor":6,"key":"Dead Branch"},{"floor":9,"key":"Smiling Mask"},{"floor":14,"key":"Bag of Preparation"},{"floor":24,"key":"Blue Candle"},{"floor":26,"key":"Gremlin Horn"}],"event_choices":[{"event_name":"Golden Wing","player_choice":"Gained Gold","floor":4,"damage_taken":0},{"event_name":"Addict","player_choice":"Ignored","floor":21,"damage_taken":0},{"event_name":"Vampires","player_choice":"Ignored","floor":25,"damage_taken":0},{"event_name":"Purifier","player_choice":"One Purge","floor":27,"damage_taken":0},{"event_name":"Forgotten Altar","player_choice":"Shed Blood","floor":30,"damage_taken":0}],"boss_relics":[{"not_picked":["Empty Cage","White Beast Statue"],"picked":"Coffee Dripper"}],"items_purged_floors":[5],"is_endless":false,"potions_floor_spawned":[3,6,13,16,20,24,31],"seed_played":"4119205305397845267","killed_by":"Collector","ascension_level":0,"potions_obtained":[{"floor":3,"key":"Explosive Potion"},{"floor":6,"key":"BloodPotion"},{"floor":13,"key":"SkillPotion"},{"floor":16,"key":"EssenceOfSteel"},{"floor":20,"key":"SteroidPotion"},{"floor":24,"key":"Fire Potion"}],"is_trial":false}