{"path_per_floor":["M","$","?","?","T","R","M","E","T","R","M","M","$","M","R","B",null,"M","M","?","M","?","R","?","M","T","R","$","M","M","?","R","B",null,"M","M","$","M"],"character_chosen":"IRONCLAD","items_purchased":["Magic Flower"],"gold_per_floor":[112,37,37,37,61,61,80,112,137,137,157,169,69,86,86,190,190,205,222,145,156,255,255,255,267,267,267,142,160,172,172,172,277,277,297,310,20,31,31],"floor_reached":39,"campfire_rested":3,"playtime":2502,"item_purchase_floors":[37],"current_hp_per_floor":[74,74,74,80,80,80,78,82,82,82,79,77,77,67,94,71,94,88,72,72,38,38,81,94,73,73,73,73,45,38,38,81,32,94,69,58,58,30,0],"items_purged":["Strike_R","Strike_R","Strike_R"],"gold":31,"score":460,"play_id":"ced35ee8-85de-4a6e-9595-211778aede39","local_time":"20180618121301","is_prod":false,"is_daily":false,"chose_seed":false,"is_ascension_mode":true,"campfire_upgraded":3,"win_rate":0,"timestamp":1529338381,"campfire_choices":[{"data":"Rampage","floor":6,"key":"SMITH"},{"data":"Bash","floor":10,"key":"SMITH"},{"floor":15,"key":"REST"},{"floor":23,"key":"REST"},{"data":"J.A.X.","floor":27,"key":"SMITH"},{"floor":32,"key":"REST"}],"path_taken":["M","$","?","?","?","R","M","E","T","R","M","?","$","M","R","BOSS","M","M","?","M","?","R","?","M","T","R","$","?","M","?","R","BOSS","M","M","$","M","M"],"build_version":"2018-06-14v2","seed_source_timestamp":375204837827399,"purchased_purges":3,"victory":false,"master_deck":["Strike_R","Strike_R","Defend_R","Defend_R","Defend_R","Bash+1","Headbutt","Rampage+1","Whirlwind","Impervious","Shrug It Off","Impervious","J.A.X.+1","Rampage+1","Limit Break","True Grit+1","Headbutt"],"max_hp_per_floor":[80,80,80,80,80,80,80,94,94,94,94,94,94,94,94,94,94,94,94,94,94,94,94,94,94,94,94,94,94,94,94,94,94,94,94,94,94,94,94],"relics":["Burning Blood","Pen Nib","Mango","Regal Pillow","Sozu","Gremlin Horn","Runic Cube","Magic Flower"],"card_choices":[{"not_picked":["Second Wind","Clothesline"],"picked":"Headbutt","floor":0},{"not_picked":["Blood for Blood","Reckless Charge"],"picked":"Rampage","floor":1},{"not_picked":["Cleave","Metallicize","Power Through"],"picked":"SKIP","floor":7},{"not_picked":["Clash","Sever Soul","Flame Barrier"],"picked":"SKIP","floor":8},{"not_picked":["Cleave","Anger"],"picked":"Whirlwind","floor":11},{"not_picked":["Shrug It Off","Anger"],"picked":"Impervious","floor":12},{"not_picked":["Body Slam","Twin Strike"],"picked":"Shrug It Off","floor":14},{"not_picked":["Reaper","Demon Form"],"picked":"Impervious","floor":16},{"not_picked":["Metallicize","Armaments","Body Slam"],"picked":"SKIP","floor":18},{"not_picked":["Corruption","Pommel Strike","Clothesline"],"picked":"SKIP","floor":19},{"not_picked":["Pummel","Fire Breathing","Uppercut"],"picked":"SKIP","floor":21},{"not_picked":["Anger","Rupture"],"picked":"Rampage+1","floor":25},{"not_picked":["Clash","Pummel","Rage+1"],"picked":"SKIP","floor":29},{"not_picked":["Sword Boomerang","Disarm","Corruption+1"],"picked":"SKIP","floor":30},{"not_picked":["Immolate","Demon Form"],"picked":"Limit Break","floor":33},{"not_picked":["Burning Pact","Entrench+1"],"picked":"True Grit+1","floor":35},{"not_picked":["Rupture+1","Reckless Charge","Fire Breathing+1"],"picked":"SKIP","floor":36},{"not_picked":["Iron Wave+1","Shrug It Off"],"picked":"Headbutt","floor":38}],"player_experience":635850,"potions_floor_usage":[30],"damage_taken":[{"damage":12,"enemies":"Small Slimes","floor":1,"turns":3},{"damage":8,"enemies":"2 Louse","floor":7,"turns":2},{"damage":16,"enemies":"Gremlin Nob","floor":8,"turns":3},{"damage":9,"enemies":"Jaw Worm","floor":11,"turns":3},{"damage":8,"enemies":"Exordium Wildlife","floor":12,"turns":2},{"damage":16,"enemies":"Lots of Slimes","floor":14,"turns":3},{"damage":29,"enemies":"The Guardian","floor":16,"turns":13},{"damage":12,"enemies":"Shell Parasite","floor":18,"turns":5},{"damage":22,"enemies":"2 Thieves","floor":19,"turns":4},{"damage":40,"enemies":"Centurion and Healer","floor":21,"turns":6},{"damage":27,"enemies":"Snake Plant","floor":25,"turns":3},{"damage":34,"enemies":"Slaver and Parasite","floor":29,"turns":5},{"damage":13,"enemies":"Cultist and Chosen","floor":30,"turns":6},{"damage":55,"enemies":"Automaton","floor":33,"turns":8},{"damage":31,"enemies":"3 Shapes","floor":35,"turns":5},{"damage":17,"enemies":"Orb Walker","floor":36,"turns":4},{"damage":37,"enemies":"4 Shapes","floor":38,"turns":2},{"damage":36,"enemies":"Sphere and 2 Shapes","floor":39,"turns":5}],"relics_obtained":[{"floor":5,"key":"Pen Nib"},{"floor":8,"key":"Mango"},{"floor":9,"key":"Regal Pillow"},{"floor":26,"key":"Gremlin Horn"}],"event_choices":[{"event_name":"The Cleric","player_choice":"Leave","floor":3,"damage_taken":0},{"event_name":"Wheel of Change","player_choice":"Full Heal","floor":4,"damage_taken":0},{"event_name":"Drug Dealer","player_choice":"Got JAXXED","floor":20,"damage_taken":0},{"event_name":"Nest","player_choice":"Stole From Cult","floor":22,"damage_taken":0},{"event_name":"The Library","player_choice":"Heal","floor":24,"damage_taken":0},{"event_name":"Back to Basics","player_choice":"Elegance","floor":31,"damage_taken":0}],"boss_relics":[{"not_picked":["Runic Dome","Busted Crown"],"picked":"Sozu"},{"not_picked":["Velvet Choker","Philosopher\u0027s Stone"],"picked":"Runic Cube"}],"items_purged_floors":[2,13,28],"is_endless":false,"potions_floor_spawned":[1,14,18,21,25,29,38],"seed_played":"3112428331168572467","killed_by":"Sphere and 2 Shapes","ascension_level":4,"potions_obtained":[{"floor":1,"key":"FearPotion"},{"floor":14,"key":"Swift Potion"}],"is_trial":false}