{"gold_per_floor":[117,117,132,150,165,165,165,225,251,26,40,52,52,66,66,163,163,182,196,216,216],"floor_reached":21,"playtime":2149,"items_purged":["Strike_B"],"score":221,"play_id":"2e28144f-1ef5-4fdb-9df8-9e98e9d7d8a0","local_time":"20180710015011","is_ascension_mode":true,"campfire_choices":[{"data":"Zap","floor":6,"key":"SMITH"},{"data":"Static Discharge","floor":15,"key":"SMITH"}],"neow_cost":"","seed_source_timestamp":230471716225859,"circlet_count":0,"master_deck":["Strike_B","Strike_B","Defend_B","Defend_B","Defend_B","Defend_B","Zap+1","Dualcast","Sunder","Ball Lightning","Amplify","Self Repair","Hologram","Steam","Static Discharge+1","Creative AI","Redo+1","Turbo+1"],"relics":["Cracked Core","FaceOfCleric","Tiny Chest","Bag of Marbles","Anchor","Black Star"],"potions_floor_usage":[5,8,8,16,21,21,21],"damage_taken":[{"damage":9,"enemies":"2 Louse","floor":1,"turns":3},{"damage":0,"enemies":"Cultist","floor":3,"turns":4},{"damage":1,"enemies":"Jaw Worm","floor":4,"turns":3},{"damage":16,"enemies":"Exordium Thugs","floor":5,"turns":4},{"damage":0,"enemies":"Gremlin Nob","floor":8,"turns":2},{"damage":0,"enemies":"2 Fungi Beasts","floor":11,"turns":2},{"damage":0,"enemies":"Looter","floor":12,"turns":2},{"damage":4,"enemies":"Exordium Thugs","floor":14,"turns":3},{"damage":19,"enemies":"Hexaghost","floor":16,"turns":4},{"damage":38,"enemies":"Shell Parasite","floor":18,"turns":6},{"damage":16,"enemies":"Chosen","floor":19,"turns":4},{"damage":36,"enemies":"Snake Plant","floor":20,"turns":5},{"damage":34,"enemies":"Centurion and Healer","floor":21,"turns":7}],"seed_played":"8748475561947649383","potions_obtained":[{"floor":1,"key":"FocusPotion"},{"floor":3,"key":"Weak Potion"},{"floor":5,"key":"Swift Potion"},{"floor":7,"key":"AttackPotion"},{"floor":8,"key":"SteroidPotion"},{"floor":18,"key":"SkillPotion"},{"floor":20,"key":"GamblersBrew"}],"is_trial":false,"path_per_floor":["M","?","M","M","M","R","?","E","T","$","M","M","?","M","R","B",null,"M","M","M"],"character_chosen":"DEFECT","items_purchased":["Anchor"],"campfire_rested":0,"item_purchase_floors":[10],"current_hp_per_floor":[66,66,67,67,52,52,52,53,53,53,54,55,48,52,52,34,83,60,59,31,0],"gold":216,"neow_bonus":"","is_prod":false,"is_daily":false,"chose_seed":false,"campfire_upgraded":2,"win_rate":0,"timestamp":1531153211,"path_taken":["M","?","M","M","M","R","?","E","T","$","M","M","?","M","R","BOSS","M","M","M","M"],"build_version":"2018-07-05","purchased_purges":1,"victory":false,"max_hp_per_floor":[75,75,76,77,78,78,78,79,79,79,80,81,81,82,82,83,83,84,85,86,86],"card_choices":[{"not_picked":["Gash","Loop"],"picked":"Sunder","floor":1},{"not_picked":["Undo","Sunder"],"picked":"Ball Lightning","floor":3},{"not_picked":["Hologram","Coolheaded","Reprogram"],"picked":"SKIP","floor":4},{"not_picked":["Sweeping Beam","Steam"],"picked":"Amplify","floor":5},{"not_picked":["FTL","Force Field"],"picked":"Self Repair","floor":8},{"not_picked":["Chill","Coolheaded"],"picked":"Hologram","floor":11},{"not_picked":["Scrape","Conserve Battery"],"picked":"Steam","floor":12},{"not_picked":["Lockon","Streamline"],"picked":"Static Discharge","floor":14},{"not_picked":["All For One","Machine Learning"],"picked":"Creative AI","floor":16},{"not_picked":["Conserve Battery","Loop"],"picked":"Redo+1","floor":18},{"not_picked":["Doom and Gloom","Cold Snap","Leap"],"picked":"SKIP","floor":19},{"not_picked":["Sunder","Auto Shields"],"picked":"Turbo+1","floor":20}],"player_experience":65538,"relics_obtained":[{"floor":8,"key":"Tiny Chest"},{"floor":9,"key":"Bag of Marbles"}],"event_choices":[{"event_name":"FaceTrader","player_choice":"Trade","floor":2,"damage_taken":0},{"event_name":"The Lab","player_choice":"Got Potions","floor":7,"damage_taken":0},{"event_name":"Golden Wing","player_choice":"Card Removal","floor":13,"damage_taken":0}],"boss_relics":[{"not_picked":["Busted Crown","Astrolabe"],"picked":"Black Star"}],"items_purged_floors":[10],"is_endless":false,"potions_floor_spawned":[1,3,5,8,18,20],"killed_by":"Centurion and Healer","ascension_level":1}