{"path_per_floor":["M","$","M","M","?","M","M","T","T","M","M"],"character_chosen":"THE_SILENT","items_purchased":["Poisoned Stab","Catalyst","Noxious Fumes","Backflip"],"gold_per_floor":[211,5,17,34,34,54,73,73,73,88,99,99],"floor_reached":12,"campfire_rested":0,"playtime":858,"item_purchase_floors":[2,2,2,2],"current_hp_per_floor":[64,64,61,60,48,30,27,27,27,20,11,0],"items_purged":[],"gold":99,"score":74,"play_id":"ce114ad5-5640-43dd-967a-d86650422fa7","local_time":"20180525083647","is_prod":false,"is_daily":false,"chose_seed":false,"is_ascension_mode":false,"campfire_upgraded":0,"win_rate":0.0,"timestamp":1527251807,"campfire_choices":[],"path_taken":["M","$","M","M","?","M","M","?","T","M","M","E"],"build_version":"2018-05-24","seed_source_timestamp":363829685322024,"purchased_purges":0,"victory":false,"master_deck":["Defend_G","Defend_G","Defend_G","Defend_G","Defend_G","Strike_G+1","Strike_G","Strike_G","Strike_G","Strike_G","Survivor","Neutralize","Noxious Fumes","Poisoned Stab+1","Catalyst","Noxious Fumes","Backflip","Malaise","Poisoned Stab","Catalyst","Deadly Poison","Bane","Acrobatics"],"max_hp_per_floor":[70,70,70,70,70,70,70,70,70,70,70,70],"relics":["Ring of the Snake","Oddly Smooth Stone","Whetstone","Bronze Scales"],"card_choices":[{"not_picked":["Poisoned Stab","Quick Slash"],"picked":"Noxious Fumes","floor":1},{"not_picked":["Dash","Calculated Gamble"],"picked":"Malaise","floor":3},{"not_picked":["Quick Slash","Cloak And Dagger"],"picked":"Poisoned Stab","floor":4},{"not_picked":["Flying Knee","Skewer"],"picked":"Catalyst","floor":6},{"not_picked":["Outmaneuver","Predator"],"picked":"Deadly Poison","floor":7},{"not_picked":["Deflect","Slice"],"picked":"Bane","floor":10},{"not_picked":["Slice","Eviscerate"],"picked":"Acrobatics","floor":11}],"player_experience":126525,"potions_floor_usage":[10,10,12],"damage_taken":[{"damage":6,"enemies":"Jaw Worm","floor":1,"turns":6},{"damage":3,"enemies":"2 Louse","floor":3,"turns":4},{"damage":1,"enemies":"Cultist","floor":4,"turns":4},{"damage":18,"enemies":"Exordium Wildlife","floor":6,"turns":4},{"damage":3,"enemies":"3 Louse","floor":7,"turns":4},{"damage":7,"enemies":"Gremlin Gang","floor":10,"turns":3},{"damage":9,"enemies":"Looter","floor":11,"turns":3},{"damage":12,"enemies":"Gremlin Nob","floor":12,"turns":2}],"relics_obtained":[{"floor":8,"key":"Whetstone"},{"floor":9,"key":"Bronze Scales"}],"event_choices":[{"event_name":"Scrap Ooze","player_choice":"success","floor":5,"damage_taken":12}],"boss_relics":[],"items_purged_floors":[],"potions_floor_spawned":[6,7,11],"seed_played":"-4153731499289095752","killed_by":"Gremlin Nob","ascension_level":0,"potions_obtained":[{"floor":6,"key":"Ancient Potion"},{"floor":7,"key":"Poison Potion"},{"floor":11,"key":"Dexterity Potion"}],"is_trial":false}