{"gold_per_floor":[111,111,111,132,55,55,88,88,136,136,156,190,190,209,209,308,308,331,331,73,73,48,48,4,28,28,28,44,44,58,71,71,71],"floor_reached":33,"playtime":1617,"items_purged":[],"score":472,"play_id":"9abe480f-33ce-4a1a-a1ee-97e773e1b27e","local_time":"20190211223244","is_ascension_mode":true,"campfire_choices":[{"data":"Metallicize","floor":6,"key":"SMITH"},{"floor":8,"key":"REST"},{"floor":10,"key":"REST"},{"data":"Perfected Strike","floor":13,"key":"SMITH"},{"floor":15,"key":"REST"},{"floor":23,"key":"REST"},{"floor":27,"key":"REST"},{"floor":32,"key":"REST"}],"neow_cost":"NONE","seed_source_timestamp":720094056883706,"circlet_count":0,"master_deck":["AscendersBane","Strike_R","Strike_R","Strike_R","Strike_R","Defend_R+1","Defend_R","Defend_R","Defend_R+1","Bash","Disarm","Metallicize+1","Limit Break","Perfected Strike+1","Iron Wave","Wild Strike","Twin Strike","Double Tap","Shrug It Off","Uppercut","The Bomb","Pommel Strike","Metallicize","Pommel Strike","Uppercut+1","Perfected Strike"],"relics":["Burning Blood","Golden Idol","Blue Candle","PreservedInsect","War Paint","Snecko Eye","Omamori"],"potions_floor_usage":[7,16,18,28],"damage_taken":[{"damage":9,"enemies":"Small Slimes","floor":1,"turns":5},{"damage":11,"enemies":"Jaw Worm","floor":4,"turns":6},{"damage":40,"enemies":"Gremlin Nob","floor":7,"turns":6},{"damage":15,"enemies":"Cultist","floor":11,"turns":5},{"damage":18,"enemies":"3 Sentries","floor":12,"turns":8},{"damage":19,"enemies":"Exordium Wildlife","floor":14,"turns":3},{"damage":36,"enemies":"Slime Boss","floor":16,"turns":10},{"damage":42,"enemies":"Shell Parasite","floor":18,"turns":4},{"damage":10,"enemies":"2 Thieves","floor":22,"turns":4},{"damage":38,"enemies":"Centurion and Healer","floor":25,"turns":7},{"damage":7,"enemies":"Snecko","floor":28,"turns":4},{"damage":11,"enemies":"3 Cultists","floor":30,"turns":5},{"damage":25,"enemies":"Chosen and Byrds","floor":31,"turns":4},{"damage":43,"enemies":"Champ","floor":33,"turns":8}],"seed_played":"-3690425366151340499","potions_obtained":[{"floor":1,"key":"Swift Potion"},{"floor":7,"key":"Strength Potion"},{"floor":16,"key":"BloodPotion"},{"floor":18,"key":"Poison Potion"},{"floor":30,"key":"Fire Potion"},{"floor":31,"key":"Fire Potion"}],"is_trial":false,"path_per_floor":["M","?","?","M","$","R","E","R","T","R","M","E","R","M","R","B",null,"M","?","$","?","M","R","$","M","T","R","M","?","M","M","R","B"],"character_chosen":"IRONCLAD","items_purchased":["Limit Break","Uppercut","The Bomb","Metallicize"],"campfire_rested":6,"item_purchase_floors":[5,20,20,24],"current_hp_per_floor":[65,39,64,59,59,59,25,47,47,69,60,48,48,35,57,27,63,34,34,34,34,30,52,52,20,20,42,41,41,36,17,39,0],"gold":71,"neow_bonus":"THREE_CARDS","is_prod":false,"is_daily":false,"chose_seed":false,"campfire_upgraded":2,"win_rate":0,"timestamp":1549942364,"path_taken":["M","?","?","?","?","R","E","R","T","R","M","E","R","M","R","BOSS","M","?","$","?","M","R","$","?","T","R","M","?","M","M","R","BOSS"],"build_version":"2019-01-23","purchased_purges":0,"victory":false,"max_hp_per_floor":[75,75,75,75,75,75,75,75,75,75,75,75,75,75,75,75,75,75,75,75,75,75,75,75,75,75,75,75,75,75,75,75,75],"card_choices":[{"not_picked":["Warcry","Power Through"],"picked":"Disarm","floor":0},{"not_picked":["Shockwave","Carnage"],"picked":"Metallicize","floor":1},{"not_picked":["Power Through","Heavy Blade","Wild Strike"],"picked":"SKIP","floor":4},{"not_picked":["Clash","Anger"],"picked":"Perfected Strike","floor":7},{"not_picked":["Clash","Brutality"],"picked":"Iron Wave","floor":11},{"not_picked":["Evolve","Flame Barrier"],"picked":"Wild Strike","floor":12},{"not_picked":["Heavy Blade","True Grit"],"picked":"Twin Strike","floor":14},{"not_picked":["Juggernaut","Berserk"],"picked":"Double Tap","floor":16},{"not_picked":["Disarm","Armaments"],"picked":"Shrug It Off","floor":18},{"not_picked":["Clothesline","Anger","Armaments"],"picked":"SKIP","floor":22},{"not_picked":["Twin Strike","Spot Weakness"],"picked":"Pommel Strike","floor":25},{"not_picked":["Metallicize","Shrug It Off"],"picked":"Uppercut+1","floor":28},{"not_picked":["Entrench","Bloodletting","Reckless Charge"],"picked":"SKIP","floor":30},{"not_picked":["Clothesline","Body Slam"],"picked":"Perfected Strike","floor":31}],"player_experience":2412150,"relics_obtained":[{"floor":7,"key":"Blue Candle"},{"floor":9,"key":"PreservedInsect"},{"floor":12,"key":"War Paint"},{"floor":26,"key":"Omamori"}],"event_choices":[{"damage_healed":0,"gold_gain":0,"player_choice":"Take Damage","damage_taken":26,"relics_obtained":["Golden Idol"],"max_hp_gain":0,"max_hp_loss":0,"event_name":"Golden Idol","floor":2,"gold_loss":0},{"damage_healed":25,"gold_gain":0,"player_choice":"Banana","damage_taken":0,"max_hp_gain":0,"max_hp_loss":0,"event_name":"Big Fish","floor":3,"gold_loss":0},{"damage_healed":0,"gold_gain":0,"player_choice":"Ignored","damage_taken":0,"max_hp_gain":0,"max_hp_loss":0,"event_name":"Ghosts","floor":19,"gold_loss":0},{"damage_healed":0,"gold_gain":0,"cards_transformed":["Strike_R"],"player_choice":"Transformed","damage_taken":0,"max_hp_gain":0,"max_hp_loss":0,"event_name":"Transmorgrifier","floor":21,"gold_loss":0,"cards_obtained":["Pommel Strike"]},{"damage_healed":0,"gold_gain":0,"player_choice":"Ignored","damage_taken":0,"max_hp_gain":0,"max_hp_loss":0,"event_name":"Beggar","floor":29,"gold_loss":0}],"is_beta":false,"boss_relics":[{"not_picked":["Lizard Tail","Ectoplasm"],"picked":"Snecko Eye"}],"items_purged_floors":[],"is_endless":false,"potions_floor_spawned":[1,7,16,18,30,31],"killed_by":"Champ","ascension_level":17}