{"gold_per_floor":[113,15,90,100,113,113,133,153,153,153,167,167,177,191,191,290,290,303,0,0,0,0,0,19,37,37,37],"floor_reached":27,"playtime":1759,"items_purged":[],"score":343,"play_id":"27832276-b8c5-4667-9634-05527bf78b6a","local_time":"20180629175147","is_ascension_mode":true,"campfire_choices":[{"data":"Body Slam","floor":6.0,"key":"SMITH"},{"data":"Armaments","floor":10.0,"key":"SMITH"},{"data":"Whirlwind","floor":12.0,"key":"SMITH"},{"data":"Havoc","floor":15.0,"key":"SMITH"},{"data":"Havoc","floor":23,"key":"SMITH"}],"neow_cost":"","seed_source_timestamp":0,"circlet_count":0,"master_deck":["Defend_R","Defend_R","Defend_R","Defend_R","Bash","AscendersBane","Exhume","Carnage","Shrug It Off","Body Slam+1","Armaments+1","Shrug It Off","Ghostly Armor","Heavy Blade","Whirlwind+1","Havoc+1","Sentinel","Demon Form","Havoc+1","Bite","Bite","Bite","Bite","Bite"],"special_seed":0,"relics":["Black Blood","Odd Mushroom","Kunai","Darkstone Periapt"],"potions_floor_usage":[24],"damage_taken":[{"damage":4.0,"enemies":"2 Louse","floor":1.0,"turns":3.0},{"damage":2.0,"enemies":"Jaw Worm","floor":4.0,"turns":3.0},{"damage":1.0,"enemies":"Cultist","floor":5.0,"turns":4.0},{"damage":1.0,"enemies":"3 Louse","floor":7.0,"turns":4.0},{"damage":21.0,"floor":8.0,"turns":5.0},{"damage":7.0,"enemies":"Looter","floor":11.0,"turns":3.0},{"damage":0.0,"enemies":"Exordium Thugs","floor":13.0,"turns":4.0},{"damage":0.0,"enemies":"2 Fungi Beasts","floor":14.0,"turns":2.0},{"damage":56.0,"enemies":"Hexaghost","floor":16.0,"turns":15.0},{"damage":12.0,"enemies":"Chosen","floor":18.0,"turns":7.0},{"damage":34,"enemies":"Spheric Guardian","floor":24,"turns":8},{"damage":60,"enemies":"Slaver and Parasite","floor":25,"turns":8},{"damage":41,"enemies":"Cultist and Chosen","floor":27,"turns":5}],"seed_played":"8576801170013689175","potions_obtained":[{"floor":1.0,"key":"SteroidPotion"},{"floor":5.0,"key":"Swift Potion"},{"floor":13.0,"key":"Poison Potion"},{"floor":16.0,"key":"Block Potion"},{"floor":18.0,"key":"Block Potion"},{"floor":25,"key":"FairyPotion"}],"is_trial":false,"path_per_floor":["M","$","?","M","M","R","M","?","T","R","M","R","M","M","R","B",null,"M","?","$","?","?","R","M","M","T"],"character_chosen":"IRONCLAD","items_purchased":["Shrug It Off","Body Slam"],"campfire_rested":0,"item_purchase_floors":[],"current_hp_per_floor":[74,74,63,67,72,72,77,62,62,62,61,61,67,73,73,23,66,64,64,64,64,56,56,46,19,19,0],"gold":37,"neow_bonus":"","is_prod":false,"is_daily":false,"chose_seed":false,"campfire_upgraded":5,"win_rate":0,"timestamp":1530287507,"path_taken":["M","$","?","M","?","R","M","?","T","R","M","R","M","?","R","BOSS","M","?","$","?","?","R","M","M","T","M"],"build_version":"2018-06-28","purchased_purges":0,"victory":false,"max_hp_per_floor":[80,80,80,80,80,80,80,80,80,80,80,80,80,80,80,80,80,80,80,80,80,56,56,56,56,56,56],"card_choices":[{"not_picked":["Sentinel","Clash"],"picked":"Carnage","floor":1.0},{"not_picked":["Cleave","Sentinel"],"picked":"Armaments","floor":4.0},{"not_picked":["Iron Wave","Cleave"],"picked":"Shrug It Off","floor":5.0},{"not_picked":["Thunderclap","Brutality"],"picked":"Ghostly Armor","floor":7.0},{"not_picked":["Twin Strike","Rage"],"picked":"Heavy Blade","floor":8.0},{"not_picked":["Evolve","Second Wind"],"picked":"Whirlwind","floor":11.0},{"not_picked":["Wild Strike","Rupture"],"picked":"Havoc","floor":13.0},{"not_picked":["Second Wind","Rampage"],"picked":"Sentinel","floor":14.0},{"not_picked":["Berserk","Feed"],"picked":"Demon Form","floor":16.0},{"not_picked":["Pummel","Body Slam"],"picked":"Havoc","floor":18.0},{"not_picked":["Cleave","Wild Strike","Sever Soul"],"picked":"SKIP","floor":24},{"not_picked":["Fire Breathing+1","Pummel","Anger+1"],"picked":"SKIP","floor":25}],"player_experience":231359,"relics_obtained":[{"floor":8.0,"key":"Odd Mushroom"},{"floor":9.0,"key":"Kunai"},{"floor":26,"key":"Darkstone Periapt"}],"event_choices":[{"event_name":"World of Goop","player_choice":"Gather Gold","floor":3.0,"damage_taken":0.0},{"event_name":"Mushrooms","player_choice":"Fought Mushrooms","floor":8.0,"damage_taken":0.0},{"event_name":"Masked Bandits","player_choice":"Paid Bandits 303 gold","floor":19,"damage_taken":0},{"event_name":"Drug Dealer","player_choice":"Ignored","floor":21,"damage_taken":0},{"event_name":"Vampires","player_choice":"Became a vampire","floor":22,"damage_taken":0}],"boss_relics":[{"not_picked":["Runic Cube","White Beast Statue"],"picked":"Black Blood"}],"items_purged_floors":[],"is_endless":false,"potions_floor_spawned":[1,5,13,14,16,18,25],"killed_by":"Cultist and Chosen","ascension_level":11}