{"gold_per_floor":[116,135,151,151,151,151,184,207,219,38,48,48,61,75,75,149,199,189,67,85,85,0,0,30,40,40,40,40,40,68,78,78,155,155,168,168,168,186,186,186,186,186],"floor_reached":42,"playtime":2370,"items_purged":["Strike_G","Strike_G"],"score":788,"play_id":"6405dadb-38d6-44b7-a48b-18c73734f5ec","local_time":"20180809125220","is_ascension_mode":true,"campfire_choices":[{"data":"Neutralize","floor":6.0,"key":"SMITH"},{"data":"Footwork","floor":12.0,"key":"SMITH"},{"data":"Crippling Poison","floor":15.0,"key":"SMITH"},{"data":"Malaise","floor":23.0,"key":"SMITH"},{"floor":27.0,"key":"REST"},{"data":"Noxious Fumes","floor":29.0,"key":"SMITH"},{"floor":32.0,"key":"REST"},{"floor":40.0,"key":"REST"}],"neow_cost":"NONE","seed_source_timestamp":0,"circlet_count":0,"master_deck":["Defend_G","Defend_G","Defend_G","Defend_G","Defend_G","Strike_G","Strike_G","Strike_G","Survivor","Neutralize+1","AscendersBane","Footwork+1","Poisoned Stab+1","Blur","Deflect","Crippling Poison+1","Flechettes","Dash","Dagger Spray","Dagger Throw","Malaise+1","Leg Sweep","PiercingWail","Sucker Punch","PiercingWail","Noxious Fumes+1","Footwork","A Thousand Cuts","Flechettes","Bane+1","Madness","Madness","Dramatic Entrance"],"special_seed":0,"relics":["Ring of the Snake","Ancient Tea Set","MawBank","Gremlin Horn","Tiny House","Pear","Bag of Marbles","Sundial","Mummified Hand","Runic Pyramid","Girya"],"potions_floor_usage":[42],"damage_taken":[{"damage":0.0,"enemies":"Small Slimes","floor":1.0,"turns":3.0},{"damage":1.0,"enemies":"2 Louse","floor":2.0,"turns":4.0},{"damage":0.0,"enemies":"Cultist","floor":3.0,"turns":4.0},{"damage":26.0,"enemies":"3 Sentries","floor":7.0,"turns":13.0},{"damage":0.0,"enemies":"2 Fungi Beasts","floor":8.0,"turns":6.0},{"damage":0.0,"enemies":"3 Louse","floor":11.0,"turns":3.0},{"damage":4.0,"enemies":"Exordium Thugs","floor":13.0,"turns":6.0},{"damage":0.0,"enemies":"Blue Slaver","floor":14.0,"turns":6.0},{"damage":1.0,"enemies":"The Guardian","floor":16.0,"turns":16.0},{"damage":17.0,"enemies":"2 Thieves","floor":18.0,"turns":4.0},{"damage":20.0,"enemies":"Chosen","floor":20.0,"turns":9.0},{"damage":15.0,"enemies":"Book of Stabbing","floor":24.0,"turns":13.0},{"damage":2.0,"enemies":"Snecko","floor":25.0,"turns":7.0},{"damage":19.0,"enemies":"Gremlin Leader","floor":30.0,"turns":8.0},{"damage":1.0,"enemies":"Centurion and Healer","floor":31.0,"turns":8.0},{"damage":18.0,"enemies":"Collector","floor":33.0,"turns":13.0},{"damage":7.0,"enemies":"Flame Bruiser 1 Orb","floor":35.0,"turns":7.0},{"damage":0.0,"floor":37.0,"turns":8.0},{"damage":16.0,"enemies":"3 Darklings","floor":38.0,"turns":5.0},{"damage":62,"enemies":"Transient","floor":42,"turns":5}],"seed_played":"3556660334582054011","potions_obtained":[{"floor":2.0,"key":"Swift Potion"},{"floor":3.0,"key":"Weak Potion"},{"floor":14.0,"key":"Strength Potion"},{"floor":30.0,"key":"Swift Potion"},{"floor":37.0,"key":"Energy Potion"}],"is_trial":false,"path_per_floor":["M","M","M","?","?","R","E","M","T","$","M","R","M","M","R","B",null,"M","$","M","?","?","R","E","M","T","R","?","R","E","M","R","B",null,"M","?","?","M","?","R","?"],"character_chosen":"THE_SILENT","items_purchased":["Well Laid Plans","Flechettes","Sucker Punch"],"campfire_rested":3,"item_purchase_floors":[10,10,19],"current_hp_per_floor":[59,58,58,58,63,63,37,37,37,37,37,37,33,33,33,32,66,49,49,29,29,39,39,24,22,22,47,47,47,28,27,52,34,73,66,66,66,50,35,60,60,0],"gold":186,"neow_bonus":"RANDOM_COMMON_RELIC","is_prod":false,"is_daily":false,"chose_seed":false,"campfire_upgraded":5,"win_rate":0,"timestamp":1533811940,"path_taken":["M","M","M","?","?","R","E","M","T","?","M","R","M","?","R","BOSS","M","$","M","?","?","R","E","M","T","R","?","R","E","?","R","BOSS","M","?","?","M","?","R","?","M"],"build_version":"2018-08-02","purchased_purges":2,"victory":false,"max_hp_per_floor":[66,66,66,66,71,71,71,71,71,71,71,71,71,71,71,71,76,76,76,76,76,86,86,86,86,86,86,86,86,86,86,86,86,86,86,86,86,86,86,86,86,86],"card_choices":[{"not_picked":["Deflect","Distraction"],"picked":"Footwork","floor":1.0},{"not_picked":["Deflect","Acrobatics"],"picked":"Poisoned Stab","floor":2.0},{"not_picked":["Prepared","Dagger Spray"],"picked":"Blur","floor":3.0},{"not_picked":["Bullet Time","All Out Attack"],"picked":"Deflect","floor":7.0},{"not_picked":["Skewer","Outmaneuver"],"picked":"Crippling Poison","floor":8.0},{"not_picked":["Backstab","Cloak And Dagger"],"picked":"Dash","floor":11.0},{"not_picked":["Sucker Punch","Deflect"],"picked":"Dagger Spray","floor":13.0},{"not_picked":["All Out Attack","Acrobatics"],"picked":"Dagger Throw","floor":14.0},{"not_picked":["Die Die Die","Phantasmal Killer"],"picked":"Malaise","floor":16.0},{"not_picked":["Sucker Punch","Infinite Blades"],"picked":"Leg Sweep","floor":17.0},{"not_picked":["Blade Dance","Bouncing Flask+1"],"picked":"PiercingWail","floor":18.0},{"not_picked":["Quick Slash","Reflex"],"picked":"PiercingWail","floor":20.0},{"not_picked":["Quick Slash","Expertise","Slice"],"picked":"SKIP","floor":24.0},{"not_picked":["Unload","Quick Slash","Bane"],"picked":"SKIP","floor":25.0},{"not_picked":["Outmaneuver","Heel Hook"],"picked":"Footwork","floor":30.0},{"not_picked":["Acrobatics","PiercingWail","Slice"],"picked":"SKIP","floor":31.0},{"not_picked":["Storm of Steel","Venomology"],"picked":"A Thousand Cuts","floor":33.0},{"not_picked":["PiercingWail","Sucker Punch"],"picked":"Flechettes","floor":35.0},{"not_picked":["Dagger Throw+1","PiercingWail"],"picked":"Bane+1","floor":38.0},{"not_picked":["Master of Strategy","Swift Strike"],"picked":"Dramatic Entrance","floor":41.0}],"player_experience":1289324,"relics_obtained":[{"floor":7.0,"key":"MawBank"},{"floor":9.0,"key":"Gremlin Horn"},{"floor":24.0,"key":"Bag of Marbles"},{"floor":26.0,"key":"Sundial"},{"floor":30.0,"key":"Mummified Hand"},{"floor":37.0,"key":"Girya"}],"event_choices":[{"event_name":"Liars Game","player_choice":"disagreed","floor":4.0,"damage_taken":0.0},{"event_name":"Big Fish","player_choice":"Donut","floor":5.0,"damage_taken":0.0},{"event_name":"Cursed Tome","player_choice":"Ignored","floor":21.0,"damage_taken":0.0},{"event_name":"Addict","player_choice":"Obtained Relic","floor":22.0,"damage_taken":0.0},{"event_name":"The Library","player_choice":"Read","floor":28.0,"damage_taken":0.0},{"event_name":"Falling","player_choice":"Removed Power","floor":36.0,"damage_taken":0.0},{"event_name":"MindBloom","player_choice":"Fight","floor":37.0,"damage_taken":0.0},{"event_name":"Winding Halls","player_choice":"Embrace Madness","floor":39.0,"damage_taken":0.0},{"event_name":"SensoryStone","player_choice":"Memory 1","floor":41.0,"damage_taken":0.0}],"is_beta":false,"boss_relics":[{"not_picked":["Runic Dome","Empty Cage"],"picked":"Tiny House"},{"not_picked":["HoveringKite","Coffee Dripper"],"picked":"Runic Pyramid"}],"items_purged_floors":[10,19],"is_endless":false,"potions_floor_spawned":[2,3,11,14,18,20,25,30,37],"killed_by":"Transient","ascension_level":15}