{"gold_per_floor":[118,118,137,157,218,251,270,270,295,307,320,335,335,369,369,474,474,487,487,586,186,200,200,233,233,260,277,291,291,52,62,62,161,161,173,173,188,200,200,200,215,215,215,215,73,0,12,31,31,31],"floor_reached":50,"playtime":2130,"items_purged":["Strike_R"],"score":651,"play_id":"45554685-d6d2-44ef-a208-cf001bcb76fb","local_time":"20181206172348","is_ascension_mode":true,"campfire_choices":[{"floor":8,"key":"REST"},{"floor":13,"key":"REST"},{"data":"Flame Barrier","floor":15,"key":"SMITH"},{"data":"Shrug It Off","floor":23,"key":"SMITH"},{"data":"Uppercut","floor":25,"key":"SMITH"},{"data":"Flame Barrier","floor":32,"key":"SMITH"},{"floor":40,"key":"REST"},{"data":"Demon Form","floor":42,"key":"SMITH"},{"data":"Perfected Strike","floor":44,"key":"SMITH"},{"floor":49,"key":"REST"}],"neow_cost":"NONE","seed_source_timestamp":65339460749924,"circlet_count":0,"master_deck":["Strike_R","Strike_R","Strike_R","Strike_R","Defend_R","Defend_R","Defend_R","Defend_R","Bash","Clothesline","Disarm","Headbutt","Perfected Strike+1","Uppercut+1","Shrug It Off+1","Pommel Strike","Flame Barrier+1","Offering","Inflame","Iron Wave","Cleave+1","Spot Weakness+1","Flame Barrier+1","Pommel Strike+1","Demon Form+1","Shrug It Off+1","Armaments+1","Pummel+1","Double Tap"],"relics":["Burning Blood","Boot","Orichalcum","Regal Pillow","Sozu","Sling","Lantern","Omamori","Vajra","Kunai","Orrery","Ornamental Fan","Red Mask"],"potions_floor_usage":[4,10,24,33,38],"damage_taken":[{"damage":4,"enemies":"Jaw Worm","floor":1,"turns":5},{"damage":0,"enemies":"Small Slimes","floor":3,"turns":3},{"damage":2,"enemies":"2 Louse","floor":4,"turns":2},{"damage":50,"enemies":"Lagavulin","floor":6,"turns":9},{"damage":1,"enemies":"2 Fungi Beasts","floor":7,"turns":3},{"damage":19,"enemies":"Lots of Slimes","floor":10,"turns":5},{"damage":4,"enemies":"Looter","floor":11,"turns":3},{"damage":0,"enemies":"3 Louse","floor":12,"turns":2},{"damage":16,"enemies":"Gremlin Nob","floor":14,"turns":5},{"damage":44,"enemies":"Slime Boss","floor":16,"turns":15},{"damage":13,"enemies":"Spheric Guardian","floor":18,"turns":4},{"damage":6,"enemies":"Chosen","floor":22,"turns":4},{"damage":6,"enemies":"Book of Stabbing","floor":24,"turns":4},{"damage":9,"enemies":"Snake Plant","floor":27,"turns":4},{"damage":5,"enemies":"Centurion and Healer","floor":28,"turns":6},{"damage":6,"enemies":"Snecko","floor":31,"turns":3},{"damage":11,"enemies":"Collector","floor":33,"turns":16},{"damage":9,"enemies":"Orb Walker","floor":35,"turns":4},{"damage":11,"enemies":"3 Darklings","floor":37,"turns":7},{"damage":25,"enemies":"Jaw Worm Horde","floor":38,"turns":5},{"damage":18,"enemies":"Transient","floor":41,"turns":5},{"damage":14,"enemies":"4 Shapes","floor":47,"turns":4},{"damage":13,"enemies":"3 Darklings","floor":48,"turns":6},{"damage":98,"enemies":"Awakened One","floor":50,"turns":13}],"seed_played":"-9032493929433509182","potions_obtained":[{"floor":3,"key":"Explosive Potion"},{"floor":6,"key":"Dexterity Potion"},{"floor":7,"key":"Fruit Juice"},{"floor":11,"key":"Weak Potion"},{"floor":16,"key":"GamblersBrew"}],"is_trial":false,"path_per_floor":["M","?","M","M","?","E","M","R","T","M","M","M","R","E","R","B",null,"M","?","?","$","M","R","E","R","T","M","M","?","$","M","R","B",null,"M","$","M","M","?","R","M","R","T","R","$","?","M","M","R","B"],"character_chosen":"IRONCLAD","items_purchased":["Sling","Iron Wave","Lantern","Kunai","Double Tap"],"campfire_rested":4,"item_purchase_floors":[21,21,21,30,45],"current_hp_per_floor":[82,82,88,88,88,44,49,75,75,67,69,75,93,83,83,45,81,74,74,74,74,74,74,74,74,74,71,72,72,72,72,72,67,87,84,84,79,60,60,93,81,81,81,81,81,81,73,66,93,0],"gold":31,"neow_bonus":"TEN_PERCENT_HP_BONUS","is_prod":false,"is_daily":false,"chose_seed":false,"campfire_upgraded":6,"win_rate":0,"timestamp":1544138628,"path_taken":["M","?","M","M","?","E","M","R","T","M","M","M","R","E","R","BOSS","M","?","?","$","M","R","E","R","T","M","M","?","$","M","R","BOSS","M","?","M","M","?","R","M","R","T","R","$","?","M","M","R","BOSS"],"build_version":"2018-12-06","purchased_purges":1,"victory":false,"max_hp_per_floor":[88,88,88,88,88,88,88,88,88,93,93,93,93,93,93,93,93,93,93,93,93,93,93,93,93,93,93,93,93,93,93,93,93,93,93,93,93,93,93,93,93,93,93,93,93,93,93,93,93,93],"card_choices":[{"not_picked":["True Grit","Body Slam"],"picked":"Clothesline","floor":1},{"not_picked":["Perfected Strike","Anger"],"picked":"Disarm","floor":3},{"not_picked":["Perfected Strike","Second Wind"],"picked":"Headbutt","floor":4},{"not_picked":["True Grit","Feel No Pain"],"picked":"Perfected Strike","floor":6},{"not_picked":["Sentinel","Shrug It Off"],"picked":"Uppercut","floor":7},{"not_picked":["Second Wind","Demon Form"],"picked":"Shrug It Off","floor":10},{"not_picked":["Second Wind","Entrench"],"picked":"Pommel Strike","floor":11},{"not_picked":["Rupture","Havoc","Anger"],"picked":"SKIP","floor":12},{"not_picked":["Havoc","Shrug It Off"],"picked":"Flame Barrier","floor":14},{"not_picked":["Reaper","Bludgeon"],"picked":"Offering","floor":16},{"not_picked":["Thunderclap","Heavy Blade","Bloodletting"],"picked":"SKIP","floor":18},{"not_picked":["Pummel","Battle Trance"],"picked":"Cleave+1","floor":22},{"not_picked":["Clothesline","Havoc+1"],"picked":"Spot Weakness+1","floor":24},{"not_picked":["Thunderclap+1","Clothesline","Barricade"],"picked":"SKIP","floor":27},{"not_picked":["Dual Wield+1","Headbutt+1"],"picked":"Flame Barrier","floor":28},{"not_picked":["Thunderclap","Disarm"],"picked":"Pommel Strike+1","floor":31},{"not_picked":["Reaper","Immolate"],"picked":"Demon Form","floor":33},{"not_picked":["Berserk","Clash"],"picked":"Shrug It Off+1","floor":34},{"not_picked":["Havoc+1","Second Wind+1"],"picked":"Armaments+1","floor":35},{"not_picked":["Headbutt","Heavy Blade","Perfected Strike"],"picked":"SKIP","floor":37},{"not_picked":["Pummel","Metallicize","Entrench"],"picked":"SKIP","floor":38},{"not_picked":["True Grit","Wild Strike+1"],"picked":"Pummel+1","floor":41},{"not_picked":["Shrug It Off","Iron Wave","Whirlwind"],"picked":"SKIP","floor":47},{"not_picked":["Flex","Clothesline","Clash+1"],"picked":"SKIP","floor":48}],"player_experience":568204,"relics_obtained":[{"floor":6,"key":"Boot"},{"floor":9,"key":"Orichalcum"},{"floor":14,"key":"Regal Pillow"},{"floor":24,"key":"Omamori"},{"floor":26,"key":"Vajra"},{"floor":43,"key":"Ornamental Fan"}],"event_choices":[{"damage_healed":0,"gold_gain":0,"player_choice":"Ignored","damage_taken":0,"max_hp_gain":0,"max_hp_loss":0,"event_name":"Golden Idol","floor":2,"gold_loss":0},{"damage_healed":0,"gold_gain":61,"player_choice":"Gained Gold","damage_taken":0,"max_hp_gain":0,"max_hp_loss":0,"event_name":"Golden Wing","floor":5,"gold_loss":0},{"damage_healed":0,"gold_gain":0,"player_choice":"Read","damage_taken":0,"max_hp_gain":0,"max_hp_loss":0,"event_name":"The Library","floor":19,"gold_loss":0,"cards_obtained":["Inflame"]},{"damage_healed":0,"gold_gain":99,"player_choice":"Stole From Cult","damage_taken":0,"max_hp_gain":0,"max_hp_loss":0,"event_name":"Nest","floor":20,"gold_loss":0},{"damage_healed":0,"gold_gain":0,"player_choice":"Bought 0 Potions","damage_taken":0,"max_hp_gain":0,"max_hp_loss":0,"event_name":"The Woman in Blue","floor":29,"gold_loss":0},{"damage_healed":0,"gold_gain":0,"player_choice":"Ignored","damage_taken":0,"max_hp_gain":0,"max_hp_loss":0,"event_name":"Mysterious Sphere","floor":39,"gold_loss":0},{"damage_healed":0,"gold_gain":0,"player_choice":"Paid","damage_taken":0,"relics_obtained":["Red Mask"],"max_hp_gain":0,"max_hp_loss":0,"event_name":"Tomb of Lord Red Mask","floor":46,"gold_loss":73}],"is_beta":true,"boss_relics":[{"not_picked":["Astrolabe","Philosopher\u0027s Stone"],"picked":"Sozu"},{"not_picked":["Busted Crown","Mark of Pain"],"picked":"Orrery"}],"items_purged_floors":[45],"is_endless":false,"potions_floor_spawned":[3,6,7,11,16,27,28,31,37,48],"killed_by":"Awakened One","ascension_level":6}