{"gold_per_floor":[114,130,184,184,194,194,220,56,128,128,128,3,38,38,38,137,137,147,165,135,154,56,56,56,73,123,123,38,38,50,63,63,163,163,180,280,305,305,305,27,27,27,27,39,39],"floor_reached":45,"playtime":1413,"items_purged":["Zap"],"score":546,"play_id":"975f7883-cab3-44ad-bca8-86c8ed16351f","local_time":"20181113231417","is_ascension_mode":true,"campfire_choices":[{"data":"Doom and Gloom","floor":6,"key":"SMITH"},{"floor":10,"key":"REST"},{"data":"Beam Cell","floor":15,"key":"SMITH"},{"data":"Glacier","floor":23,"key":"SMITH"},{"floor":27,"key":"REST"},{"data":"Double Energy","floor":32,"key":"SMITH"},{"data":"Apotheosis","floor":41,"key":"SMITH"}],"neow_cost":"NONE","seed_source_timestamp":14227821042480,"circlet_count":0,"master_deck":["Strike_B","Strike_B","Strike_B","Strike_B","Defend_B","Defend_B","Defend_B","Defend_B","Dualcast","Ball Lightning","Doom and Gloom+1","Leap","Violence","Glacier+1","Beam Cell+1","Biased Cognition+1","Leap","Auto Shields","Glacier","Turbo","Writhe","Go for the Eyes","Melter","Hello World+1","Static Discharge+1","Double Energy+1","Core Surge","Steam","Streamline+1","Creative AI+1","Apotheosis+1"],"relics":["Cracked Core","Bronze Scales","Dream Catcher","Bag of Marbles","The Courier","Vajra","Frozen Egg 2","Art of War","Juzu Bracelet","Pen Nib","Sozu","Shovel","Oddly Smooth Stone","Bottled Tornado"],"potions_floor_usage":[18,21,31,33],"damage_taken":[{"damage":1,"enemies":"Cultist","floor":1,"turns":3},{"damage":2,"enemies":"Jaw Worm","floor":2,"turns":4},{"damage":7,"enemies":"Small Slimes","floor":5,"turns":2},{"damage":30,"enemies":"Lagavulin","floor":7,"turns":4},{"damage":12,"enemies":"Gremlin Nob","floor":13,"turns":4},{"damage":8,"enemies":"Slime Boss","floor":16,"turns":5},{"damage":8,"enemies":"2 Thieves","floor":18,"turns":4},{"damage":1,"enemies":"Chosen","floor":19,"turns":4},{"damage":0,"enemies":"Snake Plant","floor":21,"turns":3},{"damage":6,"enemies":"Sentry and Sphere","floor":25,"turns":4},{"damage":1,"enemies":"Centurion and Healer","floor":30,"turns":7},{"damage":12,"enemies":"3 Cultists","floor":31,"turns":3},{"damage":57,"enemies":"Collector","floor":33,"turns":9},{"damage":7,"enemies":"3 Shapes","floor":35,"turns":6},{"damage":1,"enemies":"Mind Bloom Boss Battle","floor":36,"turns":8},{"damage":20,"enemies":"3 Darklings","floor":44,"turns":8},{"damage":37,"enemies":"Jaw Worm Horde","floor":45,"turns":4}],"seed_played":"-3862230166355320674","potions_obtained":[{"floor":7,"key":"SpeedPotion"},{"floor":20,"key":"SteroidPotion"},{"floor":20,"key":"SneckoOil"},{"floor":30,"key":"Dexterity Potion"},{"floor":31,"key":"FocusPotion"}],"is_trial":false,"path_per_floor":["M","M","T","T","M","R","E","$","T","R","?","$","E","?","R","B",null,"M","M","?","M","$","R","?","M","T","R","?","?","M","M","R","B",null,"M","?","T","?","?","$","R","?","T","M","M"],"character_chosen":"DEFECT","items_purchased":["Violence","Vajra","Turbo","Creative AI+1","Apotheosis"],"campfire_rested":2,"item_purchase_floors":[8,12,22,40,40],"current_hp_per_floor":[81,79,79,79,72,72,42,42,42,66,66,66,54,54,54,46,73,65,64,64,64,64,64,64,58,58,82,82,82,81,69,69,12,65,58,57,57,57,57,57,57,57,57,37,0],"gold":39,"neow_bonus":"TEN_PERCENT_HP_BONUS","is_prod":false,"is_daily":false,"chose_seed":false,"campfire_upgraded":5,"win_rate":0,"timestamp":1542172457,"path_taken":["M","M","?","?","M","R","E","$","T","R","?","?","E","?","R","BOSS","M","M","?","?","$","R","?","M","T","R","?","?","M","M","R","BOSS","M","?","?","?","?","$","R","?","T","M","M"],"build_version":"2018-11-12","purchased_purges":1,"victory":false,"max_hp_per_floor":[82,82,82,82,82,82,82,82,82,82,82,82,82,82,82,82,82,82,82,82,82,82,82,82,82,82,82,82,82,82,82,82,82,82,82,82,82,82,82,82,82,78,78,78,78],"card_choices":[{"not_picked":["Stack","Redo","Coolheaded"],"picked":"SKIP","floor":1},{"not_picked":["Coolheaded","Sweeping Beam"],"picked":"Ball Lightning","floor":2},{"not_picked":["Hologram","Conserve Battery"],"picked":"Doom and Gloom","floor":5},{"not_picked":["Heatsinks","Rebound"],"picked":"Leap","floor":7},{"not_picked":["Sunder","Compile Driver"],"picked":"Glacier","floor":10},{"not_picked":["Recycle","Genetic Algorithm"],"picked":"Beam Cell","floor":13},{"not_picked":["Rainbow","Reboot"],"picked":"Biased Cognition+1","floor":16},{"not_picked":["Aggregate+1","Darkness"],"picked":"Leap","floor":18},{"not_picked":["Cold Snap","Steam"],"picked":"Auto Shields","floor":19},{"not_picked":["Cold Snap","Self Repair+1"],"picked":"Glacier","floor":21},{"not_picked":["Hologram","Barrage"],"picked":"Go for the Eyes","floor":25},{"not_picked":["Tempest","Redo"],"picked":"Melter","floor":27},{"not_picked":["Redo","Chill"],"picked":"Static Discharge+1","floor":30},{"not_picked":["Darkness","Go for the Eyes"],"picked":"Double Energy","floor":31},{"not_picked":["Reboot","Thunder Strike"],"picked":"Core Surge","floor":33},{"not_picked":["Rebound+1","Go for the Eyes"],"picked":"Steam","floor":35},{"not_picked":["Darkness+1","Redo+1"],"picked":"Streamline+1","floor":36},{"not_picked":["Go for the Eyes","Streamline","Barrage"],"picked":"SKIP","floor":44}],"player_experience":537122,"relics_obtained":[{"floor":3,"key":"Bronze Scales"},{"floor":4,"key":"Dream Catcher"},{"floor":7,"key":"Bag of Marbles"},{"floor":9,"key":"The Courier"},{"floor":13,"key":"Frozen Egg 2"},{"floor":26,"key":"Juzu Bracelet"},{"floor":36,"key":"Shovel"},{"floor":37,"key":"Oddly Smooth Stone"},{"floor":43,"key":"Bottled Tornado"}],"event_choices":[{"damage_healed":0,"gold_gain":0,"player_choice":"Ignored","damage_taken":0,"max_hp_gain":0,"max_hp_loss":0,"event_name":"Liars Game","floor":11,"gold_loss":0},{"damage_healed":0,"gold_gain":0,"player_choice":"Ignored","damage_taken":0,"max_hp_gain":0,"max_hp_loss":0,"event_name":"Golden Idol","floor":14,"gold_loss":0},{"damage_healed":0,"gold_gain":0,"player_choice":"Bought 2 Potions","damage_taken":0,"max_hp_gain":0,"max_hp_loss":0,"event_name":"The Woman in Blue","floor":20,"gold_loss":0},{"damage_healed":0,"gold_gain":0,"player_choice":"Opened","damage_taken":0,"relics_obtained":["Art of War"],"max_hp_gain":0,"max_hp_loss":0,"event_name":"The Mausoleum","floor":24,"gold_loss":0,"cards_obtained":["Writhe"]},{"damage_healed":0,"gold_gain":0,"player_choice":"Obtained Relic","damage_taken":0,"relics_obtained":["Pen Nib"],"max_hp_gain":0,"max_hp_loss":0,"event_name":"Addict","floor":28,"gold_loss":85},{"damage_healed":0,"gold_gain":0,"player_choice":"Read","damage_taken":0,"max_hp_gain":0,"max_hp_loss":0,"event_name":"The Library","floor":29,"gold_loss":0,"cards_obtained":["Hello World"]},{"damage_healed":0,"gold_gain":0,"player_choice":"Fight","damage_taken":0,"max_hp_gain":0,"max_hp_loss":0,"event_name":"MindBloom","floor":36,"gold_loss":0},{"damage_healed":0,"gold_gain":0,"player_choice":"Ignored","damage_taken":0,"max_hp_gain":0,"max_hp_loss":0,"event_name":"Tomb of Lord Red Mask","floor":38,"gold_loss":0},{"damage_healed":0,"gold_gain":0,"player_choice":"Ignored","damage_taken":0,"max_hp_gain":0,"max_hp_loss":0,"event_name":"Mysterious Sphere","floor":39,"gold_loss":0},{"damage_healed":0,"gold_gain":0,"player_choice":"Max HP","damage_taken":0,"max_hp_gain":0,"max_hp_loss":4,"event_name":"Winding Halls","floor":42,"gold_loss":0}],"is_beta":true,"boss_relics":[{"not_picked":["Fusion Hammer","Velvet Choker","Runic Dome"]},{"not_picked":["Orrery","Tiny House"],"picked":"Sozu"}],"items_purged_floors":[22],"is_endless":false,"potions_floor_spawned":[7,30,31,36],"killed_by":"Jaw Worm Horde","ascension_level":5}