{"gold_per_floor":[111,111,129,129,145,145,159,159,183,183,198,29,41,71],"floor_reached":14,"playtime":1194,"items_purged":[],"score":90,"play_id":"ef638119-fb03-4e6b-b7be-4b9b023976c9","local_time":"20180711173233","is_ascension_mode":true,"campfire_choices":[{"data":"Dodge and Roll","floor":6,"key":"SMITH"},{"floor":8,"key":"REST"},{"data":"Neutralize","floor":10,"key":"SMITH"}],"neow_cost":"NONE","seed_source_timestamp":108855570223649,"circlet_count":0,"master_deck":["Defend_G","Defend_G","Defend_G+1","Defend_G+1","Defend_G","Strike_G","Strike_G","Strike_G","Strike_G","Strike_G","Survivor","Neutralize+1","Dodge and Roll+1","Regret","Deflect","Deflect+1","PiercingWail+1","Flying Knee","Deadly Poison+1"],"relics":["Busted Crown","Centennial Puzzle","Toxic Egg 2","Snake Skull","War Paint","Lantern"],"potions_floor_usage":[],"damage_taken":[{"damage":0,"enemies":"Jaw Worm","floor":1,"turns":4},{"damage":2,"enemies":"Small Slimes","floor":3,"turns":4},{"damage":5,"enemies":"Cultist","floor":5,"turns":6},{"damage":49,"enemies":"Gremlin Gang","floor":7,"turns":8},{"damage":7,"enemies":"Large Slime","floor":11,"turns":8},{"damage":8,"enemies":"Exordium Wildlife","floor":13,"turns":9},{"damage":20,"enemies":"Lagavulin Event","floor":14,"turns":6}],"seed_played":"-256672939795784087","potions_obtained":[{"floor":11,"key":"Explosive Potion"}],"is_trial":false,"path_per_floor":["M","?","M","?","M","R","M","R","T","R","M","$","M"],"character_chosen":"THE_SILENT","items_purchased":["War Paint","Flying Knee"],"campfire_rested":1,"item_purchase_floors":[12,12],"current_hp_per_floor":[70,70,68,65,60,60,11,32,32,32,25,25,17,0],"gold":71,"neow_bonus":"BOSS_RELIC","is_prod":false,"is_daily":false,"chose_seed":false,"campfire_upgraded":2,"win_rate":0,"timestamp":1531296153,"path_taken":["M","?","?","?","M","R","M","R","T","R","M","$","?","?"],"build_version":"2018-07-05","purchased_purges":0,"victory":false,"max_hp_per_floor":[70,70,70,70,70,70,70,70,70,70,70,70,70,70],"card_choices":[{"not_picked":[],"picked":"Dodge and Roll","floor":1},{"not_picked":[],"picked":"Deflect","floor":3},{"not_picked":[],"picked":"Deflect+1","floor":5},{"not_picked":["Underhanded Strike"],"picked":"SKIP","floor":7},{"not_picked":[],"picked":"PiercingWail+1","floor":11},{"not_picked":[],"picked":"Deadly Poison+1","floor":13}],"player_experience":97413,"relics_obtained":[{"floor":9,"key":"Snake Skull"}],"event_choices":[{"event_name":"Big Fish","player_choice":"Box","floor":2,"damage_taken":0},{"event_name":"Scrap Ooze","player_choice":"success","floor":4,"damage_taken":3},{"event_name":"Dead Adventurer","player_choice":"Searched \u00273\u0027 times","floor":14,"damage_taken":0}],"boss_relics":[],"items_purged_floors":[],"is_endless":false,"potions_floor_spawned":[11],"killed_by":"Lagavulin Event","ascension_level":2}