{"gold_per_floor":[215,215,215,238,19,19,60,60,60,96,120,270,570,589,589,685,685,709,724,743,97,116,116,116,116,166,91,114,114,137,187,187,285,285,304,319,178,196,209,209,252,252,252,276,296,296,330,31,31,31],"floor_reached":51,"playtime":3469,"items_purged":["Strike_B","Strike_B"],"score":1365,"play_id":"9389cbf3-202a-4584-9a70-a69b8dd901bd","local_time":"20190130085841","is_ascension_mode":true,"campfire_choices":[{"floor":6,"key":"REST"},{"floor":8,"key":"REST"},{"data":"Consume","floor":15,"key":"SMITH"},{"data":"Mayhem","floor":23,"key":"SMITH"},{"data":"Tempest","floor":25,"key":"SMITH"},{"floor":29,"key":"REST"},{"data":"Loop","floor":32,"key":"SMITH"},{"data":"Creative AI","floor":40,"key":"SMITH"},{"data":"BootSequence","floor":42,"key":"SMITH"},{"floor":46,"key":"REST"},{"data":"Go for the Eyes","floor":49,"key":"SMITH"}],"neow_cost":"NONE","seed_source_timestamp":503098993356123,"circlet_count":0,"master_deck":["AscendersBane","Strike_B+1","Strike_B+1","Defend_B","Defend_B","Defend_B","Defend_B","Zap","Dualcast","Ball Lightning","Glacier","Go for the Eyes","Tempest+1","Coolheaded","Consume+1","Seek","Cold Snap","Steam","Mayhem+1","Loop+1","BootSequence+1","Barrage","Creative AI+1","Conserve Battery+1","Hologram","Glacier","Conserve Battery","Redo+1","Coolheaded","Go for the Eyes+1","Coolheaded+1","Stack"],"relics":["FrozenCore","Golden Idol","Runic Capacitor","Whetstone","Dead Branch","Meat on the Bone","Old Coin","Sozu","FossilizedHelix","Regal Pillow","Blood Vial","Kunai","Shuriken","Bottled Tornado"],"potions_floor_usage":[7,10,18],"damage_taken":[{"damage":9,"enemies":"Jaw Worm","floor":1,"turns":4},{"damage":8,"enemies":"2 Louse","floor":4,"turns":2},{"damage":24,"enemies":"Lagavulin","floor":7,"turns":6},{"damage":20,"enemies":"3 Sentries","floor":10,"turns":5},{"damage":0,"enemies":"Small Slimes","floor":11,"turns":3},{"damage":11,"enemies":"Red Slaver","floor":14,"turns":4},{"damage":19,"enemies":"Hexaghost","floor":16,"turns":11},{"damage":6,"enemies":"2 Thieves","floor":18,"turns":4},{"damage":2,"enemies":"Chosen","floor":19,"turns":3},{"damage":27,"enemies":"Snake Plant","floor":20,"turns":4},{"damage":0,"enemies":"Snecko","floor":22,"turns":6},{"damage":8,"enemies":"Cultist and Chosen","floor":28,"turns":6},{"damage":6,"enemies":"Snake Plant","floor":30,"turns":4},{"damage":28,"enemies":"Collector","floor":33,"turns":10},{"damage":4,"enemies":"Orb Walker","floor":35,"turns":6},{"damage":0,"enemies":"3 Shapes","floor":36,"turns":5},{"damage":0,"enemies":"Spire Growth","floor":38,"turns":5},{"damage":0,"enemies":"Transient","floor":39,"turns":6},{"damage":0,"enemies":"Nemesis","floor":41,"turns":12},{"damage":15,"enemies":"Maw","floor":44,"turns":9},{"damage":0,"enemies":"Sphere and 2 Shapes","floor":45,"turns":7},{"damage":8,"enemies":"Giant Head","floor":47,"turns":10},{"damage":7,"enemies":"Awakened One","floor":50,"turns":25}],"seed_played":"-4856649000003046742","potions_obtained":[{"floor":1,"key":"Fire Potion"},{"floor":7,"key":"Regen Potion"},{"floor":11,"key":"AttackPotion"},{"floor":16,"key":"LiquidBronze"}],"is_trial":false,"path_per_floor":["M","?","?","M","$","R","E","R","T","E","M","?","?","M","R","B",null,"M","M","M","$","M","R","?","R","T","?","M","R","M","?","R","B",null,"M","M","$","M","M","R","E","R","T","M","M","R","E","$","R","B",null],"character_chosen":"DEFECT","items_purchased":["Runic Capacitor","FossilizedHelix","Mayhem","Loop","Glacier","Bottled Tornado","Stack"],"campfire_rested":4,"item_purchase_floors":[5,21,21,21,37,48,48],"current_hp_per_floor":[55,55,55,47,47,64,40,59,59,51,51,51,51,40,40,33,56,50,48,33,33,33,33,33,33,33,33,37,64,58,58,58,42,59,55,55,55,55,55,55,55,55,55,42,44,64,56,56,56,51],"gold":31,"neow_bonus":"HUNDRED_GOLD","is_prod":false,"is_daily":false,"chose_seed":false,"campfire_upgraded":7,"win_rate":0,"timestamp":1548856721,"path_taken":["M","?","?","M","$","R","E","R","T","E","M","?","?","?","R","BOSS","M","M","M","$","M","R","?","R","T","?","M","R","M","?","R","BOSS","M","M","$","M","M","R","E","R","T","M","?","R","E","$","R","BOSS"],"build_version":"2019-01-23","purchased_purges":2,"victory":true,"max_hp_per_floor":[71,64,64,64,64,64,64,64,64,64,64,64,64,64,64,64,64,64,64,64,64,64,64,64,64,64,64,64,64,64,64,64,64,64,64,64,64,64,64,64,64,64,64,64,64,64,64,64,64,64],"card_choices":[{"not_picked":["Undo","Leap"],"picked":"Ball Lightning","floor":1},{"not_picked":["Turbo","Chill"],"picked":"Glacier","floor":4},{"not_picked":["Steam Power","Conserve Battery"],"picked":"Go for the Eyes","floor":7},{"not_picked":["Stack","Blizzard"],"picked":"Tempest","floor":10},{"not_picked":["Leap","Reinforced Body"],"picked":"Coolheaded","floor":11},{"not_picked":["Capacitor","Leap"],"picked":"Consume","floor":14},{"not_picked":["Fission","Reboot"],"picked":"Seek","floor":16},{"not_picked":["FTL","Compile Driver"],"picked":"Cold Snap","floor":18},{"not_picked":["Stack+1","Redo"],"picked":"Steam","floor":19},{"not_picked":["Heatsinks","Compile Driver","FTL"],"picked":"SKIP","floor":20},{"not_picked":["Rebound","Scrape","Gash"],"picked":"SKIP","floor":22},{"not_picked":["Auto Shields","Steam"],"picked":"BootSequence","floor":28},{"not_picked":["Rebound","Fusion"],"picked":"Barrage","floor":30},{"not_picked":["Reboot","All For One"],"picked":"Creative AI","floor":33},{"not_picked":["Go for the Eyes","Barrage"],"picked":"Conserve Battery+1","floor":35},{"not_picked":["Turbo","Gash+1"],"picked":"Hologram","floor":36},{"not_picked":["Rebound+1","Biased Cognition"],"picked":"Conserve Battery","floor":38},{"not_picked":["FTL","Go for the Eyes"],"picked":"Redo+1","floor":39},{"not_picked":["Cold Snap","Ball Lightning"],"picked":"Coolheaded","floor":41},{"not_picked":["Leap","Cold Snap","Steam"],"picked":"SKIP","floor":44},{"not_picked":["Compile Driver","Cold Snap"],"picked":"Go for the Eyes","floor":45},{"not_picked":["Biased Cognition","Hologram"],"picked":"Coolheaded+1","floor":47}],"player_experience":2221523,"relics_obtained":[{"floor":7,"key":"Whetstone"},{"floor":9,"key":"Dead Branch"},{"floor":10,"key":"Meat on the Bone"},{"floor":26,"key":"Regal Pillow"},{"floor":41,"key":"Blood Vial"},{"floor":43,"key":"Kunai"},{"floor":47,"key":"Shuriken"}],"event_choices":[{"damage_healed":0,"gold_gain":0,"player_choice":"Lose Max HP","damage_taken":0,"relics_obtained":["Golden Idol"],"max_hp_gain":0,"max_hp_loss":7,"event_name":"Golden Idol","floor":2,"gold_loss":0},{"damage_healed":0,"gold_gain":0,"player_choice":"Ignored","damage_taken":0,"max_hp_gain":0,"max_hp_loss":0,"event_name":"Shining Light","floor":3,"gold_loss":0},{"damage_healed":0,"gold_gain":150,"player_choice":"AGREE","damage_taken":0,"max_hp_gain":0,"max_hp_loss":0,"event_name":"Liars Game","floor":12,"gold_loss":0,"cards_obtained":["Doubt"]},{"damage_healed":0,"gold_gain":0,"player_choice":"Gave Potion","damage_taken":0,"relics_obtained":["Old Coin"],"max_hp_gain":0,"max_hp_loss":0,"event_name":"WeMeetAgain","floor":13,"gold_loss":0},{"damage_healed":0,"gold_gain":0,"player_choice":"Ignored","damage_taken":0,"max_hp_gain":0,"max_hp_loss":0,"event_name":"Vampires","floor":24,"gold_loss":0},{"cards_removed":["Doubt"],"damage_healed":0,"gold_gain":0,"player_choice":"Gave Gold","damage_taken":0,"max_hp_gain":0,"max_hp_loss":0,"event_name":"Beggar","floor":27,"gold_loss":75},{"damage_healed":0,"gold_gain":100,"player_choice":"Bet on Murderer","damage_taken":0,"max_hp_gain":0,"max_hp_loss":0,"event_name":"The Joust","floor":31,"gold_loss":50}],"is_beta":false,"boss_relics":[{"not_picked":["Cursed Key","Empty Cage"],"picked":"Sozu"},{"not_picked":["Black Star","Runic Dome"],"picked":"FrozenCore"}],"items_purged_floors":[21,37],"is_endless":false,"potions_floor_spawned":[1,7,11,16,18,20,30,33,38,45,47],"ascension_level":18}