{"gold_per_floor":[111,61,80,95,112,143,143,158,158,158,158,158,158,172,172,172],"floor_reached":16,"playtime":591,"items_purged":[],"score":148,"play_id":"70c0e1ca-2251-4e51-b6ef-0c753639f81f","local_time":"20180730170018","is_ascension_mode":true,"campfire_choices":[{"data":"Seeing Red","floor":10,"key":"SMITH"},{"data":"Pummel","floor":13,"key":"SMITH"},{"floor":15,"key":"REST"}],"neow_cost":"NONE","seed_source_timestamp":430038623426222,"circlet_count":0,"master_deck":["Strike_R","Strike_R","Strike_R","Defend_R","Defend_R","Defend_R","Defend_R","Bash","Pummel+1","Flex","Iron Wave","Cleave","Seeing Red+1","Parasite","Shrug It Off","Metallicize","Disarm"],"special_seed":0,"relics":["Burning Blood","Regal Pillow","Paper Frog","Nunchaku","Darkstone Periapt"],"potions_floor_usage":[5,16],"damage_taken":[{"damage":6.0,"enemies":"Cultist","floor":1.0,"turns":4.0},{"damage":8.0,"enemies":"2 Louse","floor":3.0,"turns":3.0},{"damage":12.0,"enemies":"Small Slimes","floor":4.0,"turns":2.0},{"damage":5,"enemies":"Gremlin Gang","floor":5,"turns":3},{"damage":32,"enemies":"Gremlin Nob","floor":6,"turns":4},{"damage":11,"enemies":"Large Slime","floor":8,"turns":5},{"damage":16,"enemies":"Blue Slaver","floor":14,"turns":3},{"damage":86,"enemies":"Slime Boss","floor":16,"turns":9}],"seed_played":"5620602277534769194","potions_obtained":[{"floor":3.0,"key":"Explosive Potion"},{"floor":5,"key":"Ancient Potion"},{"floor":8,"key":"LiquidBronze"}],"is_trial":false,"path_per_floor":["M","?","M","M","M","E","?","M","T","R","?","?","R","M","R"],"character_chosen":"IRONCLAD","items_purchased":[],"campfire_rested":1,"item_purchase_floors":[],"current_hp_per_floor":[72,72,70,64,65,39,59,54,54,54,54,54,54,44,80,0],"gold":172,"neow_bonus":"RANDOM_COMMON_RELIC","is_prod":false,"is_daily":false,"chose_seed":false,"campfire_upgraded":2,"win_rate":0,"timestamp":1532984418,"path_taken":["M","?","M","M","?","E","?","M","T","R","?","?","R","M","R","BOSS"],"build_version":"2018-07-26","purchased_purges":0,"victory":false,"max_hp_per_floor":[80,80,80,80,80,80,80,80,80,80,80,80,80,80,80,80],"card_choices":[{"not_picked":["Cleave","Warcry"],"picked":"Pummel","floor":1.0},{"not_picked":["Twin Strike","Clothesline"],"picked":"Flex","floor":3.0},{"not_picked":["Entrench","Body Slam"],"picked":"Iron Wave","floor":4.0},{"not_picked":["Headbutt","Wild Strike"],"picked":"Cleave","floor":5},{"not_picked":["Havoc","Searing Blow"],"picked":"Seeing Red","floor":6},{"not_picked":["Anger","Clothesline"],"picked":"Shrug It Off","floor":8},{"not_picked":["Sword Boomerang","Perfected Strike"],"picked":"Disarm","floor":14}],"player_experience":1376192,"relics_obtained":[{"floor":6,"key":"Paper Frog"},{"floor":9,"key":"Nunchaku"}],"event_choices":[{"event_name":"The Cleric","player_choice":"Card Removal","floor":2.0,"damage_taken":0.0},{"event_name":"Mushrooms","player_choice":"Healed and dodged fight","floor":7,"damage_taken":0},{"event_name":"Dead Adventurer","player_choice":"Searched \u00271\u0027 times","floor":11,"damage_taken":0},{"event_name":"Transmorgrifier","player_choice":"Transform","floor":12,"damage_taken":0}],"is_beta":false,"boss_relics":[],"items_purged_floors":[],"is_endless":false,"potions_floor_spawned":[3,5,8],"killed_by":"Slime Boss","ascension_level":9}