{"gold_per_floor":[110,129,89,14,24,24,44,56,56,69,1,13,36,54,54,54],"floor_reached":16,"playtime":332,"items_purged":["Strike_G"],"score":96,"play_id":"3ea80478-d7c7-4d26-80eb-79d262763f20","local_time":"20180727232834","is_ascension_mode":false,"campfire_choices":[{"data":"Catalyst","floor":6,"key":"SMITH"},{"floor":15,"key":"REST"}],"neow_cost":"","seed_source_timestamp":39718616564207,"circlet_count":0,"master_deck":["Defend_G","Defend_G","Defend_G","Defend_G","Defend_G","Strike_G","Strike_G","Strike_G","Strike_G","Survivor","Neutralize","All Out Attack","Catalyst+1","Deadly Poison","Dash","Bane","Choke","Infinite Blades","Blade Dance+1","Dagger Spray"],"relics":["Ring of the Snake","Toxic Egg 2","Regal Pillow"],"potions_floor_usage":[14,16],"damage_taken":[{"damage":0,"enemies":"Cultist","floor":1,"turns":3},{"damage":11,"enemies":"Jaw Worm","floor":2,"turns":3},{"damage":0,"enemies":"2 Louse","floor":5,"turns":1},{"damage":24,"enemies":"Exordium Thugs","floor":7,"turns":5},{"damage":4,"enemies":"Blue Slaver","floor":8,"turns":3},{"damage":2,"enemies":"2 Fungi Beasts","floor":10,"turns":2},{"damage":13,"enemies":"Exordium Wildlife","floor":12,"turns":3},{"damage":3,"enemies":"Large Slime","floor":14,"turns":2},{"damage":56,"enemies":"Slime Boss","floor":16,"turns":7}],"seed_played":"1796242285042162446","potions_obtained":[{"floor":1,"key":"Poison Potion"},{"floor":3,"key":"SteroidPotion"},{"floor":3,"key":"SmokeBomb"},{"floor":14,"key":"SneckoOil"}],"is_trial":false,"path_per_floor":["M","M","?","$","M","R","M","M","T","M","$","M","T","M","R"],"character_chosen":"THE_SILENT","items_purchased":["Infinite Blades"],"campfire_rested":1,"item_purchase_floors":[11],"current_hp_per_floor":[70,59,59,59,59,59,35,31,31,29,29,16,16,13,49,0],"gold":54,"neow_bonus":"","is_prod":false,"is_daily":false,"chose_seed":false,"campfire_upgraded":1,"win_rate":0,"timestamp":1532699914,"path_taken":["M","?","?","?","M","R","M","M","T","M","$","M","?","M","R","BOSS"],"build_version":"2018-07-26","purchased_purges":1,"victory":false,"max_hp_per_floor":[70,70,70,70,70,70,70,70,70,70,70,70,70,70,70,70],"card_choices":[{"not_picked":["Predator","Flying Knee"],"picked":"All Out Attack","floor":1},{"not_picked":["Leg Sweep","Quick Slash"],"picked":"Catalyst","floor":2},{"not_picked":["Dagger Throw","Deflect"],"picked":"Deadly Poison","floor":5},{"not_picked":["Prepared","Outmaneuver"],"picked":"Dash","floor":7},{"not_picked":["Doppelganger","Prepared"],"picked":"Bane","floor":8},{"not_picked":["Underhanded Strike","PiercingWail+1"],"picked":"Choke","floor":10},{"not_picked":["Dodge and Roll+1","Sucker Punch"],"picked":"Blade Dance+1","floor":12},{"not_picked":["Sucker Punch","Calculated Gamble+1"],"picked":"Dagger Spray","floor":14}],"player_experience":272622,"relics_obtained":[{"floor":9,"key":"Toxic Egg 2"},{"floor":13,"key":"Regal Pillow"}],"event_choices":[{"event_name":"The Woman in Blue","player_choice":"Bought 3 Potions","floor":3,"damage_taken":0}],"is_beta":false,"boss_relics":[],"items_purged_floors":[4],"is_endless":false,"potions_floor_spawned":[1,8,14],"killed_by":"Slime Boss","ascension_level":0}