{"path_per_floor":["M","$","M","?","M","R","?","M","T","R","M","M","R","M","R","B",null,"M","M","$","M"],"character_chosen":"THE_SILENT","items_purchased":["Noxious Fumes","Bouncing Flask","After Image","Lantern"],"gold_per_floor":[110,1,17,17,36,36,1,26,72,72,96,110,110,133,133,261,261,274,297,14,28,28],"floor_reached":22,"campfire_rested":2,"playtime":1455,"item_purchase_floors":[2,2,20,20],"current_hp_per_floor":[65,65,57,57,56,56,70,60,60,60,51,38,59,42,63,38,70,50,31,31,17,0],"items_purged":[],"gold":28,"score":180,"play_id":"24ab30e3-1716-48f6-9574-b07306e7e68f","local_time":"20180524221055","is_prod":false,"is_daily":false,"chose_seed":false,"is_ascension_mode":false,"campfire_upgraded":2,"win_rate":0.0,"timestamp":1527214255,"campfire_choices":[{"data":"Bouncing Flask","floor":6,"key":"SMITH"},{"data":"Noxious Fumes","floor":10,"key":"SMITH"},{"floor":13,"key":"REST"},{"floor":15,"key":"REST"}],"path_taken":["M","$","M","?","M","R","?","?","T","R","M","M","R","M","R","BOSS","M","M","$","M","M"],"build_version":"2018-05-24","seed_source_timestamp":325685237242951,"purchased_purges":0,"victory":false,"master_deck":["Defend_G","Defend_G","Defend_G","Defend_G","Defend_G","Strike_G","Strike_G","Strike_G","Strike_G","Survivor","Neutralize","Underhanded Strike","Noxious Fumes+1","Bouncing Flask+1","Bane","Injury","Backflip","Deadly Poison","Deadly Poison","Acrobatics","Poisoned Stab","A Thousand Cuts","Poisoned Stab","Poisoned Stab","After Image","Bane"],"max_hp_per_floor":[70,70,70,70,70,70,70,70,70,70,70,70,70,70,70,70,70,70,70,70,70,70],"relics":["Ring of the Snake","Golden Idol","Bronze Scales","Cursed Key","Lantern"],"card_choices":[{"not_picked":["Dodge and Roll","Bane"],"picked":"Underhanded Strike","floor":1},{"not_picked":["Dash","Sucker Punch"],"picked":"Bane","floor":3},{"not_picked":["Dagger Throw","Quick Slash"],"picked":"Backflip","floor":5},{"not_picked":["PiercingWail","Predator"],"picked":"Deadly Poison","floor":8},{"not_picked":["Adrenaline","Blur"],"picked":"Deadly Poison","floor":11},{"not_picked":["Accuracy","Dagger Spray"],"picked":"Acrobatics","floor":12},{"not_picked":["Dodge and Roll","Prepared"],"picked":"Poisoned Stab","floor":14},{"not_picked":["Wraith Form v2","Storm of Steel"],"picked":"A Thousand Cuts","floor":16},{"not_picked":["Terror","Expertise"],"picked":"Poisoned Stab","floor":18},{"not_picked":["Finisher","Outmaneuver+1"],"picked":"Poisoned Stab","floor":19},{"not_picked":["Poisoned Stab+1","Underhanded Strike+1"],"picked":"Bane","floor":21}],"player_experience":116590,"potions_floor_usage":[16,16,18,21],"damage_taken":[{"damage":5,"enemies":"Small Slimes","floor":1,"turns":5},{"damage":8,"enemies":"Jaw Worm","floor":3,"turns":3},{"damage":1,"enemies":"Cultist","floor":5,"turns":3},{"damage":10,"enemies":"Looter","floor":8,"turns":3},{"damage":9,"enemies":"Blue Slaver","floor":11,"turns":3},{"damage":13,"enemies":"2 Fungi Beasts","floor":12,"turns":3},{"damage":17,"enemies":"Gremlin Gang","floor":14,"turns":3},{"damage":25,"enemies":"The Guardian","floor":16,"turns":7},{"damage":29,"enemies":"2 Thieves","floor":18,"turns":3},{"damage":19,"enemies":"Shell Parasite","floor":19,"turns":3},{"damage":14,"enemies":"Chosen and Byrds","floor":21,"turns":5},{"damage":19,"enemies":"Slaver and Parasite","floor":22,"turns":1}],"relics_obtained":[{"floor":9,"key":"Bronze Scales"}],"event_choices":[{"event_name":"Golden Idol","player_choice":"Take Wound","floor":4,"damage_taken":0},{"event_name":"The Cleric","player_choice":"Healed","floor":7,"damage_taken":0}],"boss_relics":[{"not_picked":["Ectoplasm","Runic Dome"],"picked":"Cursed Key"}],"items_purged_floors":[],"potions_floor_spawned":[3,5,8,16,18],"seed_played":"-597240660203892938","killed_by":"Slaver and Parasite","ascension_level":0,"potions_obtained":[{"floor":3,"key":"SpeedPotion"},{"floor":5,"key":"Ancient Potion"},{"floor":8,"key":"Explosive Potion"},{"floor":16,"key":"Regen Potion"},{"floor":18,"key":"SkillPotion"}],"is_trial":false}