{"gold_per_floor":[110,122,122,143,157,157,181,181,181,181,204,224,238,238],"floor_reached":14,"playtime":500,"items_purged":[],"score":130,"play_id":"ee5d85ad-c88e-4b68-8962-dd003c37b3c3","local_time":"20180713124349","is_ascension_mode":true,"campfire_choices":[{"floor":6,"key":"REST"},{"data":"Echo Form","floor":8,"key":"SMITH"}],"neow_cost":"NONE","seed_source_timestamp":206128092693390,"circlet_count":0,"master_deck":["Strike_B","Strike_B","Strike_B","Defend_B","Defend_B","Defend_B","Defend_B","Zap","Dualcast","AscendersBane","Gash","Melter","Cold Snap","Go for the Eyes","Echo Form+1","Streamline","Steam"],"relics":["Cracked Core","Golden Idol","Regal Pillow","Dream Catcher"],"potions_floor_usage":[12],"damage_taken":[{"damage":1,"enemies":"Cultist","floor":1,"turns":3},{"damage":4,"enemies":"Small Slimes","floor":2,"turns":3},{"damage":7,"enemies":"Jaw Worm","floor":4,"turns":2},{"damage":9,"enemies":"Red Slaver","floor":5,"turns":3},{"damage":8,"enemies":"Blue Slaver","floor":7,"turns":4},{"damage":10,"enemies":"Exordium Thugs","floor":12,"turns":3},{"damage":16,"enemies":"Lots of Slimes","floor":13,"turns":4},{"damage":20,"enemies":"3 Sentries","floor":14,"turns":2}],"seed_played":"-6549846643621639625","potions_obtained":[{"floor":4,"key":"SkillPotion"},{"floor":5,"key":"PowerPotion"},{"floor":10,"key":"Fire Potion"}],"is_trial":false,"path_per_floor":["M","M","?","M","M","R","M","R","T","?","T","M","M"],"character_chosen":"DEFECT","items_purchased":[],"campfire_rested":1,"item_purchase_floors":[],"current_hp_per_floor":[67,63,45,38,29,51,43,43,43,43,43,33,17,0],"gold":238,"neow_bonus":"REMOVE_CARD","is_prod":false,"is_daily":false,"chose_seed":false,"campfire_upgraded":1,"win_rate":0,"timestamp":1531500229,"path_taken":["M","M","?","M","M","R","M","R","T","?","?","M","?","E"],"build_version":"2018-07-12","purchased_purges":0,"victory":false,"max_hp_per_floor":[75,75,75,75,75,75,75,75,75,75,75,75,75,75],"card_choices":[{"not_picked":["Steam","Leap"],"picked":"Gash","floor":1},{"not_picked":["Self Repair","Barrage"],"picked":"Melter","floor":2},{"not_picked":["Consume","Chaos"],"picked":"Cold Snap","floor":4},{"not_picked":["Consume","Steam"],"picked":"Go for the Eyes","floor":5},{"not_picked":["Cold Snap","Stack"],"picked":"Echo Form","floor":7},{"not_picked":["Heatsinks","Leap"],"picked":"Streamline","floor":12},{"not_picked":["Consume","Stack"],"picked":"Steam","floor":13}],"player_experience":1073624,"relics_obtained":[{"floor":9,"key":"Regal Pillow"},{"floor":11,"key":"Dream Catcher"}],"event_choices":[{"event_name":"Golden Idol","player_choice":"Take Damage","floor":3,"damage_taken":0},{"event_name":"The Lab","player_choice":"Got Potions","floor":10,"damage_taken":0}],"boss_relics":[],"items_purged_floors":[],"is_endless":false,"potions_floor_spawned":[4,5,7],"killed_by":"3 Sentries","ascension_level":11}