{"gold_per_floor":[109,109,109,59,79,79,97,97,97,126,51,126,145,64,64,161,161,173,173,173,173,173,201,219,219,296,19,30,46,61,61],"floor_reached":31,"playtime":727,"items_purged":["Strike_G"],"score":253,"play_id":"a0a7c26f-72ba-44ca-bb4f-52fbe2c53f51","local_time":"20180726190910","is_ascension_mode":false,"campfire_choices":[{"data":"Neutralize","floor":6,"key":"SMITH"},{"floor":15,"key":"REST"},{"floor":25,"key":"REST"}],"neow_cost":"NONE","seed_source_timestamp":234791827250697,"circlet_count":0,"master_deck":["Defend_G+1","Defend_G+1","Defend_G+1","Defend_G+1","Defend_G+1","Strike_G+1","Strike_G+1","Strike_G+1","Strike_G+1","Survivor","Neutralize+1","Dodge and Roll","Dagger Spray+1","Flying Knee","Corpse Explosion","Backstab","Bullet Time","Poisoned Stab","Catalyst","Die Die Die","Deadly Poison","Catalyst","RitualDagger","Noxious Fumes+1","Backflip+1","Apotheosis","Bouncing Flask","Slice","Dash"],"relics":["Velvet Choker","Ninja Scroll","Strawberry","Shuriken","Pantograph","Orrery","Vajra","The Courier"],"potions_floor_usage":[16,16,31,31],"damage_taken":[{"damage":0,"enemies":"Small Slimes","floor":1,"turns":4},{"damage":0,"enemies":"2 Louse","floor":5,"turns":3},{"damage":8,"enemies":"Jaw Worm","floor":7,"turns":2},{"damage":12,"enemies":"Gremlin Nob","floor":10,"turns":4},{"damage":5,"enemies":"Looter","floor":13,"turns":2},{"damage":16,"enemies":"Hexaghost","floor":16,"turns":8},{"damage":15,"enemies":"Shell Parasite","floor":18,"turns":4},{"damage":24,"enemies":"Book of Stabbing","floor":23,"turns":4},{"damage":4,"enemies":"2 Thieves","floor":24,"turns":2},{"damage":12,"enemies":"Sentry and Sphere","floor":28,"turns":5},{"damage":2,"enemies":"Chosen and Byrds","floor":29,"turns":3},{"damage":20,"enemies":"Slaver and Parasite","floor":30,"turns":5},{"damage":23,"enemies":"Snake Plant","floor":31,"turns":2}],"seed_played":"-4251233936346605380","potions_obtained":[{"floor":10,"key":"Regen Potion"},{"floor":13,"key":"Poison Potion"},{"floor":18,"key":"FairyPotion"},{"floor":23,"key":"Poison Potion"}],"is_trial":false,"path_per_floor":["M","?","?","?","M","R","M","?","T","E","$","?","M","$","R","B",null,"M","?","?","?","?","E","M","R","T","$","M","M","M"],"character_chosen":"THE_SILENT","items_purchased":["Backstab","Apotheosis","Bouncing Flask","EssenceOfSteel"],"campfire_rested":2,"item_purchase_floors":[14,27,27,27],"current_hp_per_floor":[70,52,59,59,59,59,51,51,51,39,39,28,23,23,46,70,77,62,48,42,42,42,18,14,38,38,38,26,24,4,0],"gold":61,"neow_bonus":"BOSS_RELIC","is_prod":false,"is_daily":false,"chose_seed":false,"campfire_upgraded":1,"win_rate":0,"timestamp":1532597950,"path_taken":["M","?","?","?","?","R","M","?","T","E","?","?","M","$","R","BOSS","M","?","?","?","?","E","?","R","T","$","?","M","M","M"],"build_version":"2018-07-19v2","purchased_purges":1,"victory":false,"max_hp_per_floor":[70,70,77,77,77,77,77,77,77,77,77,77,77,77,77,77,77,77,82,82,82,82,82,82,82,82,82,82,82,82,82],"card_choices":[{"not_picked":["Slice","Acrobatics"],"picked":"Dodge and Roll","floor":1},{"not_picked":["Distraction","Escape Plan"],"picked":"Dagger Spray","floor":5},{"not_picked":["Sucker Punch","Setup"],"picked":"Flying Knee","floor":7},{"not_picked":["Noxious Fumes","Finisher"],"picked":"Corpse Explosion","floor":10},{"not_picked":["Slice","Bane","Expertise"],"picked":"SKIP","floor":13},{"not_picked":["Phantasmal Killer","Envenom"],"picked":"Bullet Time","floor":16},{"not_picked":["Expertise","Acrobatics"],"picked":"Poisoned Stab","floor":17},{"not_picked":["Poisoned Stab","Distraction"],"picked":"Catalyst","floor":17},{"not_picked":["Bane","Deadly Poison"],"picked":"Die Die Die","floor":17},{"not_picked":["PiercingWail","Backflip"],"picked":"Deadly Poison","floor":17},{"not_picked":["Dodge and Roll","Flying Knee"],"picked":"Catalyst","floor":18},{"not_picked":["Tactician","Dagger Throw+1"],"picked":"Noxious Fumes+1","floor":23},{"not_picked":["Tactician","Well Laid Plans"],"picked":"Backflip+1","floor":24},{"not_picked":["Flying Knee","Poisoned Stab"],"picked":"Slice","floor":28},{"not_picked":["Endless Agony","PiercingWail+1"],"picked":"Dash","floor":29},{"not_picked":["Heel Hook","Outmaneuver","Deflect"],"picked":"SKIP","floor":30}],"player_experience":261527,"relics_obtained":[{"floor":9,"key":"Shuriken"},{"floor":10,"key":"Pantograph"},{"floor":23,"key":"Vajra"},{"floor":26,"key":"The Courier"}],"event_choices":[{"event_name":"Scrap Ooze","player_choice":"success","floor":2,"damage_taken":18},{"event_name":"Big Fish","player_choice":"Box","floor":3,"damage_taken":0},{"event_name":"The Cleric","player_choice":"Card Removal","floor":4,"damage_taken":0},{"event_name":"Living Wall","player_choice":"Grow","floor":8,"damage_taken":0},{"event_name":"World of Goop","player_choice":"Gather Gold","floor":12,"damage_taken":0},{"event_name":"Forgotten Altar","player_choice":"Shed Blood","floor":19,"damage_taken":0},{"event_name":"Nest","player_choice":"Joined the Cult","floor":20,"damage_taken":0},{"event_name":"Vampires","player_choice":"Ignored","floor":21,"damage_taken":0},{"event_name":"Back to Basics","player_choice":"Simplicity","floor":22,"damage_taken":0}],"is_beta":false,"boss_relics":[{"not_picked":["HoveringKite","Eternal Feather"],"picked":"Orrery"}],"items_purged_floors":[11],"is_endless":false,"potions_floor_spawned":[10,13,18,23,28,29],"killed_by":"Snake Plant","ascension_level":0}