{"gold_per_floor":[109,122,197,197,210,210,240,260,284,330,350,366,41,41],"floor_reached":14,"playtime":530,"items_purged":[],"score":148,"play_id":"287c0c7d-ee47-4598-ab0d-48940108ed59","local_time":"20181214073521","is_ascension_mode":true,"campfire_choices":[{"floor":6,"key":"RECALL"}],"neow_cost":"NONE","seed_source_timestamp":129491090732746,"circlet_count":0,"master_deck":["AscendersBane","Strike_B","Strike_B","Strike_B","Defend_B","Defend_B","Defend_B","Zap","Dualcast","Self Repair","Defragment","Recycle","Conserve Battery","FTL","FTL","Leap"],"relics":["Empty Cage","Regal Pillow","DataDisk","Mummified Hand"],"potions_floor_usage":[8,8,14],"damage_taken":[{"damage":0,"enemies":"2 Louse","floor":1,"turns":2},{"damage":9,"enemies":"Jaw Worm","floor":2,"turns":4},{"damage":4,"enemies":"Small Slimes","floor":5,"turns":4},{"damage":24,"enemies":"Exordium Thugs","floor":8,"turns":3},{"damage":20,"enemies":"Large Slime","floor":11,"turns":7},{"damage":10,"enemies":"Exordium Wildlife","floor":12,"turns":4},{"damage":40,"enemies":"Gremlin Nob","floor":14,"turns":4}],"seed_played":"2110702327620092108","potions_obtained":[{"floor":1,"key":"Explosive Potion"},{"floor":5,"key":"FearPotion"},{"floor":8,"key":"Ancient Potion"}],"is_trial":false,"path_per_floor":["M","M","?","?","M","R","?","M","T","T","M","M","$","E"],"character_chosen":"DEFECT","items_purchased":["Leap","Mummified Hand"],"campfire_rested":0,"item_purchase_floors":[13,13],"current_hp_per_floor":[64,62,51,71,71,71,71,54,54,54,41,38,38,0],"gold":41,"neow_bonus":"BOSS_RELIC","is_prod":false,"is_daily":false,"chose_seed":false,"campfire_upgraded":0,"win_rate":0,"timestamp":1544790921,"path_taken":["M","M","?","?","M","R","?","M","T","?","M","M","$","E"],"build_version":"2018-12-13","purchased_purges":0,"victory":false,"max_hp_per_floor":[71,71,71,71,71,71,71,71,71,71,71,71,71,71],"card_choices":[{"not_picked":["Chill","Consume"],"picked":"Self Repair","floor":1},{"not_picked":["Hologram","Lockon"],"picked":"Defragment","floor":2},{"not_picked":["Conserve Battery","Double Energy"],"picked":"Recycle","floor":5},{"not_picked":["Darkness","Redo"],"picked":"Conserve Battery","floor":8},{"not_picked":["Heatsinks","Conserve Battery"],"picked":"FTL","floor":11},{"not_picked":["Blizzard","Barrage"],"picked":"FTL","floor":12}],"player_experience":1903361,"relics_obtained":[{"floor":9,"key":"Regal Pillow"},{"floor":10,"key":"DataDisk"}],"event_choices":[{"damage_healed":0,"gold_gain":75,"player_choice":"Gather Gold","damage_taken":11,"max_hp_gain":0,"max_hp_loss":0,"event_name":"World of Goop","floor":3,"gold_loss":0},{"damage_healed":23,"gold_gain":0,"player_choice":"Banana","damage_taken":0,"max_hp_gain":0,"max_hp_loss":0,"event_name":"Big Fish","floor":4,"gold_loss":0},{"damage_healed":0,"gold_gain":30,"player_choice":"Searched \u00271\u0027 times","damage_taken":0,"max_hp_gain":0,"max_hp_loss":0,"event_name":"Dead Adventurer","floor":7,"gold_loss":0}],"is_beta":false,"boss_relics":[],"items_purged_floors":[],"is_endless":false,"potions_floor_spawned":[1,5,8],"killed_by":"Gremlin Nob","ascension_level":16}