{"gold_per_floor":[116,127,127,146,2,2,2,2,2,43,116,132,1,1,1,94,94,118,118,118,168,192,192,213,213,213,213],"floor_reached":27,"playtime":1179,"items_purged":[],"score":397,"play_id":"d0474385-46d6-4065-8673-2e46e2c21077","local_time":"20181224233013","is_ascension_mode":true,"campfire_choices":[{"data":"Static Discharge","floor":6,"key":"SMITH"},{"floor":15,"key":"REST"},{"floor":23,"key":"REST"}],"neow_cost":"NONE","seed_source_timestamp":417210548041903,"circlet_count":0,"master_deck":["AscendersBane","Strike_B","Strike_B","Strike_B","Defend_B","Defend_B","Defend_B","Defend_B","Zap","Dualcast","White Noise","Leap","Cold Snap","All For One","Static Discharge+1","Streamline","Beam Cell","BootSequence","Ball Lightning","Loop","Compile Driver","Parasite","Electrodynamics","Hologram","Scrape","Self Repair"],"relics":["Cracked Core","NeowsBlessing","Golden Idol","Blue Candle","Bottled Lightning","FossilizedHelix","Sozu","MutagenicStrength","Mercury Hourglass"],"potions_floor_usage":[10,11],"damage_taken":[{"damage":0,"enemies":"Small Slimes","floor":1,"turns":1},{"damage":0,"enemies":"Jaw Worm","floor":2,"turns":1},{"damage":0,"enemies":"2 Louse","floor":4,"turns":1},{"damage":39,"enemies":"Gremlin Nob","floor":10,"turns":3},{"damage":17,"enemies":"Lagavulin Event","floor":11,"turns":5},{"damage":2,"enemies":"Large Slime","floor":12,"turns":6},{"damage":8,"enemies":"The Guardian","floor":16,"turns":10},{"damage":19,"enemies":"Spheric Guardian","floor":18,"turns":3},{"damage":25,"enemies":"Colosseum Slavers","floor":20,"turns":4},{"damage":10,"enemies":"2 Thieves","floor":22,"turns":4},{"damage":23,"enemies":"Sentry and Sphere","floor":24,"turns":5},{"damage":13,"enemies":"Snecko","floor":27,"turns":3}],"seed_played":"-7255113421725703542","potions_obtained":[{"floor":4,"key":"Fire Potion"},{"floor":10,"key":"Ancient Potion"}],"is_trial":false,"path_per_floor":["M","M","?","M","$","R","?","?","T","E","?","M","$","?","R","B",null,"M","?","?","?","M","R","M","?","T","M"],"character_chosen":"DEFECT","items_purchased":["Static Discharge","Streamline","Loop","Compile Driver"],"campfire_rested":2,"item_purchase_floors":[5,5,13,13],"current_hp_per_floor":[64,64,64,64,64,64,69,69,69,30,13,11,11,28,48,40,62,43,43,18,18,8,28,5,5,5,0],"gold":213,"neow_bonus":"THREE_ENEMY_KILL","is_prod":false,"is_daily":false,"chose_seed":false,"campfire_upgraded":1,"win_rate":0,"timestamp":1545712213,"path_taken":["M","M","?","M","$","R","?","?","T","E","?","M","$","?","R","BOSS","M","?","?","?","M","R","M","?","T","M"],"build_version":"2018-12-20","purchased_purges":0,"victory":false,"max_hp_per_floor":[71,71,71,71,71,71,76,69,69,69,69,69,69,69,69,69,69,69,69,69,69,69,69,69,69,69,69],"card_choices":[{"not_picked":["Turbo","Hologram"],"picked":"White Noise","floor":1},{"not_picked":["Go for the Eyes","Steam"],"picked":"Leap","floor":2},{"not_picked":["Hologram","Go for the Eyes"],"picked":"All For One","floor":4},{"not_picked":["Leap","Ball Lightning"],"picked":"Beam Cell","floor":10},{"not_picked":["Reprogram","Undo"],"picked":"BootSequence","floor":11},{"not_picked":["Compile Driver","Rip and Tear"],"picked":"Ball Lightning","floor":12},{"not_picked":["Creative AI","Thunder Strike"],"picked":"Electrodynamics","floor":16},{"not_picked":["Chaos","Barrage"],"picked":"Hologram","floor":18},{"not_picked":["Skim","Recycle"],"picked":"Scrape","floor":22},{"not_picked":["Steam Power","Barrage"],"picked":"Self Repair","floor":24}],"player_experience":1955343,"relics_obtained":[{"floor":9,"key":"Blue Candle"},{"floor":10,"key":"Bottled Lightning"},{"floor":11,"key":"FossilizedHelix"},{"floor":26,"key":"Mercury Hourglass"}],"event_choices":[{"damage_healed":0,"gold_gain":0,"cards_transformed":["Strike_B"],"player_choice":"Change","damage_taken":0,"max_hp_gain":0,"max_hp_loss":0,"event_name":"Living Wall","floor":3,"gold_loss":0,"cards_obtained":["Cold Snap"]},{"damage_healed":0,"gold_gain":0,"player_choice":"Donut","damage_taken":0,"max_hp_gain":5,"max_hp_loss":0,"event_name":"Big Fish","floor":7,"gold_loss":0},{"damage_healed":0,"gold_gain":0,"player_choice":"Lose Max HP","damage_taken":0,"relics_obtained":["Golden Idol"],"max_hp_gain":0,"max_hp_loss":7,"event_name":"Golden Idol","floor":8,"gold_loss":0},{"damage_healed":0,"gold_gain":0,"player_choice":"Searched \u00271\u0027 times","damage_taken":0,"max_hp_gain":0,"max_hp_loss":0,"event_name":"Dead Adventurer","floor":11,"gold_loss":0},{"damage_healed":17,"gold_gain":0,"player_choice":"Healed and dodged fight","damage_taken":0,"max_hp_gain":0,"max_hp_loss":0,"event_name":"Mushrooms","floor":14,"gold_loss":0,"cards_obtained":["Parasite"]},{"damage_healed":0,"gold_gain":0,"player_choice":"Inject Mutagens","damage_taken":0,"relics_obtained":["MutagenicStrength"],"max_hp_gain":0,"max_hp_loss":0,"event_name":"Drug Dealer","floor":19,"gold_loss":0},{"damage_healed":0,"gold_gain":0,"player_choice":"Fight","damage_taken":0,"max_hp_gain":0,"max_hp_loss":0,"event_name":"Colosseum","floor":20,"gold_loss":0},{"damage_healed":0,"gold_gain":0,"player_choice":"Fled From Nobs","damage_taken":0,"max_hp_gain":0,"max_hp_loss":0,"event_name":"Colosseum","floor":20,"gold_loss":0},{"damage_healed":0,"gold_gain":50,"player_choice":"Stole From Cult","damage_taken":0,"max_hp_gain":0,"max_hp_loss":0,"event_name":"Nest","floor":21,"gold_loss":0},{"damage_healed":0,"gold_gain":0,"player_choice":"Ignored","damage_taken":0,"max_hp_gain":0,"max_hp_loss":0,"event_name":"Ghosts","floor":25,"gold_loss":0}],"is_beta":false,"boss_relics":[{"not_picked":["Runic Dome","Philosopher\u0027s Stone"],"picked":"Sozu"}],"items_purged_floors":[],"is_endless":false,"potions_floor_spawned":[4,10,24],"killed_by":"Snecko","ascension_level":18}