{"gold_per_floor":[112,132,26,36,111,111,145,145,145,158,158,158,168,24,24,128,128,143,143,143,43,53,53,70,90,90,106,1,15,15,29,29,124,124,142,142,156,31,45,45,57,72,72,72,85,5,5,17,17,17],"floor_reached":51,"playtime":2623,"items_purged":["Strike_G","Strike_G","Strike_G"],"score":889,"play_id":"bf55845e-8ff5-463d-a896-c3d130991c79","local_time":"20180802163654","is_ascension_mode":true,"campfire_choices":[{"data":"Infinite Blades","floor":6,"key":"SMITH"},{"data":"Cloak And Dagger","floor":8,"key":"SMITH"},{"data":"Accuracy","floor":12,"key":"SMITH"},{"floor":15,"key":"REST"},{"floor":23,"key":"REST"},{"floor":32,"key":"REST"},{"floor":40,"key":"REST"},{"floor":47,"key":"REST"},{"floor":49,"key":"REST"}],"neow_cost":"NONE","seed_source_timestamp":685754337225210,"circlet_count":0,"master_deck":["Defend_G","Defend_G","Defend_G","Defend_G","Defend_G","Strike_G","Survivor","Neutralize","Blade Dance","PiercingWail","Infinite Blades+1","Cloak And Dagger+1","Crippling Poison","Accuracy+1","Cloak And Dagger+1","Finisher","Accuracy","Envenom","Dodge and Roll+1","Blade Dance+1","Backflip+1","Footwork","Cloak And Dagger+1","Dash+1","Tools of the Trade","Cloak And Dagger+1","Infinite Blades","Caltrops","Footwork+1"],"special_seed":0,"relics":["Sozu","Toxic Egg 2","Ornamental Fan","Fusion Hammer","Bird Faced Urn","Dream Catcher","WristBlade","Dodecahedron"],"potions_floor_usage":[],"damage_taken":[{"damage":1,"enemies":"2 Louse","floor":1,"turns":2},{"damage":0,"enemies":"Small Slimes","floor":2,"turns":5},{"damage":0,"enemies":"Cultist","floor":4,"turns":4},{"damage":17,"enemies":"Lagavulin","floor":7,"turns":8},{"damage":3,"enemies":"Looter","floor":10,"turns":3},{"damage":0,"enemies":"2 Fungi Beasts","floor":13,"turns":3},{"damage":28,"enemies":"Slime Boss","floor":16,"turns":6},{"damage":4,"enemies":"Shell Parasite","floor":18,"turns":4},{"damage":0,"enemies":"Chosen","floor":22,"turns":4},{"damage":0,"enemies":"Snecko","floor":24,"turns":4},{"damage":13,"enemies":"Chosen and Byrds","floor":25,"turns":4},{"damage":29,"enemies":"Slaver and Parasite","floor":27,"turns":5},{"damage":3,"enemies":"Centurion and Healer","floor":29,"turns":5},{"damage":7,"enemies":"3 Cultists","floor":31,"turns":5},{"damage":18,"enemies":"Automaton","floor":33,"turns":8},{"damage":0,"enemies":"Flame Bruiser 1 Orb","floor":35,"turns":6},{"damage":5,"enemies":"3 Shapes","floor":37,"turns":6},{"damage":18,"enemies":"Spire Growth","floor":39,"turns":4},{"damage":6,"enemies":"Transient","floor":41,"turns":5},{"damage":0,"enemies":"Flame Bruiser 2 Orb","floor":42,"turns":6},{"damage":0,"enemies":"Sphere and 2 Shapes","floor":45,"turns":4},{"damage":2,"enemies":"4 Shapes","floor":48,"turns":6},{"damage":79,"enemies":"Time Eater","floor":50,"turns":10}],"seed_played":"1121139523910811110","potions_obtained":[],"is_trial":false,"path_per_floor":["M","M","$","M","?","R","E","R","T","M","?","R","M","$","R","B",null,"M","?","?","$","M","R","M","M","T","M","$","M","?","M","R","B",null,"M","?","M","$","M","R","M","M","T","?","M","$","R","M","R","B"],"character_chosen":"THE_SILENT","items_purchased":["Infinite Blades","Cloak And Dagger","Accuracy","Backflip+1","Footwork","Infinite Blades"],"campfire_rested":6,"item_purchase_floors":[3,3,14,28,28,46],"current_hp_per_floor":[62,62,62,62,51,51,34,34,34,31,31,31,31,31,52,24,59,55,42,42,42,42,64,64,51,51,30,30,37,37,40,62,54,70,75,75,72,72,59,75,75,75,75,75,75,75,75,75,75,8],"gold":17,"neow_bonus":"BOSS_RELIC","is_prod":false,"is_daily":false,"chose_seed":false,"campfire_upgraded":3,"win_rate":0,"timestamp":1533242214,"path_taken":["M","M","$","M","?","R","E","R","T","M","?","R","M","$","R","BOSS","M","?","?","$","M","R","M","M","T","M","$","M","?","M","R","BOSS","M","?","?","?","M","R","M","M","T","?","M","$","R","?","R","BOSS"],"build_version":"2018-07-26","purchased_purges":3,"victory":true,"max_hp_per_floor":[70,70,70,70,70,70,70,70,70,70,70,70,70,70,70,70,70,70,75,75,75,75,75,75,75,75,75,75,75,75,75,75,75,75,75,75,75,75,75,75,75,75,75,75,75,75,75,75,75,75],"card_choices":[{"not_picked":["Backflip","Dagger Spray"],"picked":"Blade Dance","floor":1},{"not_picked":["Underhanded Strike","Poisoned Stab"],"picked":"PiercingWail","floor":2},{"not_picked":["Acrobatics","Outmaneuver"],"picked":"Crippling Poison","floor":4},{"not_picked":["Distraction","Footwork"],"picked":"Accuracy","floor":7},{"not_picked":["Backflip+1","Deflect+1"],"picked":"Cloak And Dagger+1","floor":10},{"not_picked":["Skewer","Riddle With Holes"],"picked":"Finisher","floor":13},{"not_picked":["Phantasmal Killer+1","Unload"],"picked":"Envenom","floor":16},{"not_picked":["Concentrate+1","Sucker Punch"],"picked":"Dodge and Roll+1","floor":18},{"not_picked":["Flying Knee","Underhanded Strike+1","Reflex+1"],"picked":"SKIP","floor":22},{"not_picked":["Dodge and Roll+1","Finisher"],"picked":"Blade Dance+1","floor":24},{"not_picked":["Flying Knee","Endless Agony","Finisher+1"],"picked":"SKIP","floor":25},{"not_picked":["Deadly Poison+1","Catalyst+1","Slice"],"picked":"SKIP","floor":27},{"not_picked":["All Out Attack","Prepared+1"],"picked":"Cloak And Dagger+1","floor":29},{"not_picked":["Doppelganger+1","Backflip+1"],"picked":"Dash+1","floor":31},{"not_picked":["Storm of Steel+1","Venomology+1"],"picked":"Tools of the Trade","floor":33},{"not_picked":["Dagger Throw","Catalyst+1","Sucker Punch+1"],"picked":"SKIP","floor":35},{"not_picked":["Acrobatics+1","Quick Slash+1","Skewer+1"],"picked":"SKIP","floor":37},{"not_picked":["Bane","Masterful Stab+1","Burst+1"],"picked":"SKIP","floor":39},{"not_picked":["Calculated Gamble+1","Acrobatics+1","Slice+1"],"picked":"SKIP","floor":41},{"not_picked":["Dagger Throw+1","Flying Knee"],"picked":"Cloak And Dagger+1","floor":42},{"not_picked":["Outmaneuver+1","PiercingWail+1","Endless Agony+1"],"picked":"SKIP","floor":45},{"not_picked":["Slice+1","Dagger Spray"],"picked":"Caltrops","floor":47},{"not_picked":["Dagger Throw+1","Quick Slash"],"picked":"Footwork+1","floor":48}],"player_experience":1406280,"relics_obtained":[{"floor":7,"key":"Toxic Egg 2"},{"floor":9,"key":"Ornamental Fan"},{"floor":26,"key":"Bird Faced Urn"},{"floor":43,"key":"Dodecahedron"}],"event_choices":[{"event_name":"World of Goop","player_choice":"Gather Gold","floor":5,"damage_taken":0},{"event_name":"Liars Game","player_choice":"disagreed","floor":11,"damage_taken":0},{"event_name":"Forgotten Altar","player_choice":"Shed Blood","floor":19,"damage_taken":0},{"event_name":"Vampires","player_choice":"Ignored","floor":20,"damage_taken":0},{"event_name":"The Mausoleum","player_choice":"Yes","floor":30,"damage_taken":0},{"event_name":"Mysterious Sphere","player_choice":"Ignore","floor":36,"damage_taken":0},{"event_name":"Falling","player_choice":"Removed Attack","floor":44,"damage_taken":0}],"is_beta":false,"boss_relics":[{"not_picked":["Runic Pyramid","Orrery"],"picked":"Fusion Hammer"},{"not_picked":["Runic Dome","HoveringKite"],"picked":"WristBlade"}],"items_purged_floors":[14,21,38],"is_endless":false,"potions_floor_spawned":[1,2,4,13,16,18,24,29,37,42,45],"ascension_level":7}