{"gold_per_floor":[114,129,144,214,229,229,259,50,50,50,65,140,155,170,170,270,270,285,384,399,399,414,444,459,459,459,474,504,534,210,485,485,585,585,600,125,125,101,201,201,231,231,231,231,231,231,261,276,276,276],"floor_reached":51,"playtime":3546,"items_purged":["Warcry"],"score":888,"play_id":"eddb8940-f67a-4ea4-8742-06c05cd2e75a","local_time":"20181122102253","daily_mods":["Draft","Diverse","Lethality"],"is_ascension_mode":false,"campfire_choices":[{"data":"Dagger Spray","floor":6,"key":"SMITH"},{"data":"Go for the Eyes","floor":15,"key":"SMITH"},{"data":"Sword Boomerang","floor":25,"key":"SMITH"},{"data":"Defragment","floor":32,"key":"SMITH"},{"data":"Pummel","floor":40,"key":"SMITH"},{"floor":42,"key":"REST"},{"data":"Well Laid Plans","floor":49,"key":"SMITH"}],"neow_cost":"","seed_source_timestamp":0,"circlet_count":0,"master_deck":["Backstab","Pommel Strike","Dagger Spray+1","Conserve Battery","Sweeping Beam","PiercingWail","Deadly Poison","Go for the Eyes+1","Sword Boomerang+1","Gash","Leap","Ball Lightning","Go for the Eyes","Ball Lightning","Sword Boomerang","Stack+1","Well Laid Plans+1","Conserve Battery+1","Finesse+1","Glacier+1","Pummel+1","Backstab","Burst+1","PiercingWail+1","Defragment+1","Crippling Poison+1","Cold Snap","Cloak And Dagger+1","Conserve Battery+1","Backflip+1","Hologram+1","Regret","Limit Break+1","Compile Driver+1","Flex+1","Body Slam","Uppercut+1","Decay","Pain","Finesse+1","Finesse+1","Apotheosis+1","Seeing Red+1"],"special_seed":17857,"relics":["Cracked Core","Toxic Egg 2","Juzu Bracelet","Meat on the Bone","Philosopher\u0027s Stone","Pantograph","Darkstone Periapt","WingedGreaves","Blue Candle","StoneCalendar","Cursed Key","Matryoshka","Unceasing Top","Emotion Chip","Mummified Hand","Potion Belt","WarpedTongs","The Courier"],"potions_floor_usage":[23,23,23,23,27,28,29,33,50,50],"damage_taken":[{"damage":0,"enemies":"Small Slimes","floor":1,"turns":1},{"damage":0,"enemies":"2 Louse","floor":2,"turns":1},{"damage":0,"enemies":"Jaw Worm","floor":3,"turns":1},{"damage":0,"enemies":"3 Louse","floor":5,"turns":1},{"damage":21,"enemies":"Lagavulin","floor":7,"turns":4},{"damage":0,"enemies":"Blue Slaver","floor":11,"turns":2},{"damage":0,"enemies":"Red Slaver","floor":13,"turns":1},{"damage":0,"enemies":"Lots of Slimes","floor":14,"turns":1},{"damage":0,"enemies":"The Guardian","floor":16,"turns":8},{"damage":11,"enemies":"Chosen","floor":18,"turns":2},{"damage":4,"enemies":"2 Thieves","floor":20,"turns":2},{"damage":4,"enemies":"Shelled Parasite and Fungi","floor":22,"turns":2},{"damage":2,"enemies":"Slavers","floor":23,"turns":2},{"damage":2,"enemies":"Snecko","floor":24,"turns":4},{"damage":12,"enemies":"Cultist and Chosen","floor":27,"turns":3},{"damage":19,"enemies":"Gremlin Leader","floor":28,"turns":5},{"damage":13,"enemies":"Slavers","floor":29,"turns":2},{"damage":21,"enemies":"Collector","floor":33,"turns":10},{"damage":0,"enemies":"3 Shapes","floor":35,"turns":3},{"damage":1,"enemies":"Mind Bloom Boss Battle","floor":39,"turns":4},{"damage":22,"enemies":"Nemesis","floor":41,"turns":5},{"damage":3,"enemies":"Giant Head","floor":47,"turns":4},{"damage":9,"enemies":"Orb Walker","floor":48,"turns":2},{"damage":8,"enemies":"Donu and Deca","floor":50,"turns":5}],"seed_played":"8592410561029907651","potions_obtained":[{"floor":1,"key":"PowerPotion"},{"floor":11,"key":"EntropicBrew"},{"floor":13,"key":"FocusPotion"},{"floor":24,"key":"Weak Potion"},{"floor":28,"key":"SmokeBomb"},{"floor":29,"key":"FearPotion"},{"floor":48,"key":"Fire Potion"}],"is_trial":false,"path_per_floor":["M","M","M","?","M","R","E","$","T","?","M","?","M","M","R","B",null,"M","?","M","?","M","E","M","R","T","M","E","E","$","?","R","B",null,"M","$","?","$","?","R","E","R","T","?","?","?","E","M","R","B",null],"character_chosen":"DEFECT","items_purchased":["Well Laid Plans","Conserve Battery+1","Finesse+1","Hologram+1","StoneCalendar","FocusPotion","FocusPotion","Matryoshka","Body Slam"],"campfire_rested":1,"item_purchase_floors":[8,8,8,30,30,36,36,36,38],"current_hp_per_floor":[75,75,75,75,75,75,54,54,54,47,47,36,48,48,48,48,75,64,64,60,60,56,54,52,52,52,40,33,32,32,38,38,42,81,81,81,81,81,80,80,58,81,87,87,93,83,80,71,71,85],"gold":276,"neow_bonus":"","is_prod":false,"is_daily":true,"chose_seed":false,"campfire_upgraded":6,"win_rate":0,"timestamp":1542878573,"path_taken":["M","M","M","?","M","R","E","$","T","?","M","?","M","M","R","BOSS","M","?","M","?","M","E","M","R","T","M","E","E","$","?","R","BOSS","M","$","?","$","?","R","E","R","T","?","?","?","E","M","R","BOSS"],"build_version":"2018-11-15","purchased_purges":1,"victory":true,"max_hp_per_floor":[75,75,75,75,75,75,75,75,75,75,75,75,75,75,75,75,75,75,75,75,75,75,75,75,75,75,75,75,75,75,81,81,81,81,81,81,81,81,81,81,81,81,87,87,93,93,93,93,93,93],"card_choices":[{"not_picked":["Ball Lightning","Chill"],"picked":"Backstab","floor":0},{"not_picked":["Rage","Flex"],"picked":"Deflect","floor":0},{"not_picked":["True Grit","Clash"],"picked":"Pommel Strike","floor":0},{"not_picked":["Hologram","Heavy Blade"],"picked":"Dagger Spray","floor":0},{"not_picked":["Steam","Doom and Gloom"],"picked":"Conserve Battery","floor":0},{"not_picked":["Darkness","Anger"],"picked":"Sweeping Beam","floor":0},{"not_picked":["Aggregate","Heavy Blade"],"picked":"Warcry","floor":0},{"not_picked":["Gash","Riddle With Holes"],"picked":"PiercingWail","floor":0},{"not_picked":["Wild Strike","Rampage"],"picked":"Deadly Poison","floor":0},{"not_picked":["Conserve Battery","Sweeping Beam"],"picked":"Go for the Eyes","floor":0},{"not_picked":["Choke","Beam Cell"],"picked":"Sword Boomerang","floor":0},{"not_picked":["Heel Hook","Choke"],"picked":"Gash","floor":0},{"not_picked":["Entrench","Havoc"],"picked":"Leap","floor":0},{"not_picked":["Well Laid Plans","Eviscerate"],"picked":"Ball Lightning","floor":0},{"not_picked":["Dual Wield","Wild Strike"],"picked":"Go for the Eyes","floor":0},{"not_picked":["Flechettes","Cleave"],"picked":"Ball Lightning","floor":1},{"not_picked":["Entrench","Noxious Fumes"],"picked":"Sword Boomerang","floor":2},{"not_picked":["Turbo","Accuracy","Sword Boomerang"],"picked":"SKIP","floor":3},{"not_picked":["Second Wind","Choke","Clash"],"picked":"SKIP","floor":5},{"not_picked":["Bane","Heel Hook"],"picked":"Stack","floor":7},{"not_picked":["Cloak And Dagger+1","Clothesline"],"picked":"Glacier+1","floor":11},{"not_picked":["Gash","Bullet Time+1"],"picked":"Pummel","floor":13},{"not_picked":["Gash","Deflect+1"],"picked":"Backstab","floor":14},{"not_picked":["Phantasmal Killer+1","Bullet Time+1"],"picked":"Burst+1","floor":16},{"not_picked":["Body Slam","Underhanded Strike"],"picked":"PiercingWail+1","floor":18},{"not_picked":["Finisher","Stack+1"],"picked":"Defragment","floor":20},{"not_picked":["Choke","Quick Slash"],"picked":"Crippling Poison+1","floor":22},{"not_picked":["Bane","Sucker Punch","Tactician+1"],"picked":"SKIP","floor":23},{"not_picked":["Redo+1","Turbo+1"],"picked":"Cold Snap","floor":24},{"not_picked":["Deadly Poison+1","Sentinel+1"],"picked":"Cloak And Dagger+1","floor":27},{"not_picked":["After Image","Corruption"],"picked":"Conserve Battery+1","floor":28},{"not_picked":["Anger+1","Dodge and Roll+1"],"picked":"Backflip+1","floor":29},{"not_picked":["Reboot+1","Rainbow+1"],"picked":"Limit Break+1","floor":33},{"not_picked":["Auto Shields+1","Warcry+1"],"picked":"Compile Driver+1","floor":35},{"not_picked":["Wild Strike+1","Compile Driver"],"picked":"Uppercut+1","floor":39},{"not_picked":["Havoc+1","Dagger Spray","Iron Wave+1"],"picked":"SKIP","floor":41},{"not_picked":["Enlightenment+1","Chrysalis+1"],"picked":"Finesse+1","floor":46},{"not_picked":["Panacea+1","Flash of Steel"],"picked":"Finesse+1","floor":46},{"not_picked":["HandOfGreed","Deep Breath+1"],"picked":"Apotheosis+1","floor":46},{"not_picked":["Seeing Red+1","Dagger Throw","Dagger Spray"],"picked":"SKIP","floor":47},{"not_picked":["All Out Attack","Rage+1"],"picked":"Seeing Red+1","floor":48}],"player_experience":1728735,"relics_obtained":[{"floor":7,"key":"Toxic Egg 2"},{"floor":9,"key":"Juzu Bracelet"},{"floor":23,"key":"Pantograph"},{"floor":26,"key":"Darkstone Periapt"},{"floor":28,"key":"WingedGreaves"},{"floor":29,"key":"Blue Candle"},{"floor":39,"key":"Unceasing Top"},{"floor":41,"key":"Emotion Chip"},{"floor":43,"key":"Mummified Hand"},{"floor":43,"key":"Potion Belt"},{"floor":47,"key":"The Courier"}],"event_choices":[{"damage_healed":0,"gold_gain":70,"player_choice":"Gained Gold","damage_taken":0,"max_hp_gain":0,"max_hp_loss":0,"event_name":"Golden Wing","floor":4,"gold_loss":0},{"damage_healed":0,"gold_gain":0,"player_choice":"Success","damage_taken":7,"relics_obtained":["Meat on the Bone"],"max_hp_gain":0,"max_hp_loss":0,"event_name":"Scrap Ooze","floor":10,"gold_loss":0},{"damage_healed":0,"gold_gain":75,"player_choice":"Gather Gold","damage_taken":11,"max_hp_gain":0,"max_hp_loss":0,"event_name":"World of Goop","floor":12,"gold_loss":0},{"damage_healed":0,"gold_gain":99,"player_choice":"Stole From Cult","damage_taken":0,"max_hp_gain":0,"max_hp_loss":0,"event_name":"Nest","floor":19,"gold_loss":0},{"damage_healed":0,"gold_gain":0,"player_choice":"Got Potions","damage_taken":0,"max_hp_gain":0,"max_hp_loss":0,"event_name":"Lab","floor":21,"gold_loss":0},{"damage_healed":0,"gold_gain":275,"player_choice":"Desecrate","damage_taken":0,"max_hp_gain":0,"max_hp_loss":0,"event_name":"Golden Shrine","floor":31,"gold_loss":0,"cards_obtained":["Regret"]},{"damage_healed":0,"gold_gain":0,"cards_transformed":["Deflect"],"player_choice":"Transformed","damage_taken":0,"max_hp_gain":0,"max_hp_loss":0,"event_name":"Transmorgrifier","floor":37,"gold_loss":0,"cards_obtained":["Flex"]},{"damage_healed":0,"gold_gain":0,"player_choice":"Fight","damage_taken":0,"max_hp_gain":0,"max_hp_loss":0,"event_name":"MindBloom","floor":39,"gold_loss":0},{"damage_healed":0,"gold_gain":0,"player_choice":"Ignored","damage_taken":0,"max_hp_gain":0,"max_hp_loss":0,"event_name":"Tomb of Lord Red Mask","floor":44,"gold_loss":0},{"damage_healed":0,"gold_gain":0,"player_choice":"Rummage","damage_taken":0,"relics_obtained":["WarpedTongs"],"max_hp_gain":0,"max_hp_loss":0,"event_name":"Accursed Blacksmith","floor":45,"gold_loss":0,"cards_obtained":["Pain"]},{"damage_healed":0,"gold_gain":0,"player_choice":"Memory 3","damage_taken":10,"max_hp_gain":0,"max_hp_loss":0,"event_name":"SensoryStone","floor":46,"gold_loss":0}],"is_beta":false,"boss_relics":[{"not_picked":["Eternal Feather","Snecko Eye"],"picked":"Philosopher\u0027s Stone"},{"not_picked":["Busted Crown","FrozenCore"],"picked":"Cursed Key"}],"items_purged_floors":[36],"is_endless":false,"potions_floor_spawned":[1,11,13,14,16,18,24,28,29,39,48],"ascension_level":0}