{"gold_per_floor":[117,292,11,26,44,44,63,78,147,147,173,191,209,209,209,311,311,331,79,98,51,51,51,78,78,78,78,89,100,128,142,142,142],"floor_reached":33,"playtime":1473,"items_purged":["Doubt"],"score":347,"play_id":"66b97010-878e-410f-8543-7d2304c22d4b","local_time":"20181030124623","is_ascension_mode":true,"campfire_choices":[{"data":"Zap","floor":6,"key":"SMITH"},{"data":"Discovery","floor":10,"key":"SMITH"},{"data":"Tempest","floor":15,"key":"SMITH"},{"data":"Sunder","floor":23,"key":"SMITH"},{"data":"Go for the Eyes","floor":25,"key":"SMITH"},{"floor":32,"key":"REST"}],"neow_cost":"NONE","seed_source_timestamp":854395385599783,"circlet_count":0,"master_deck":["Strike_B","Strike_B","Strike_B","Strike_B","Defend_B","Defend_B","Defend_B","Defend_B","Zap+1","Dualcast","Creative AI+1","Coolheaded","Cold Snap","Doom and Gloom","Discovery+1","Go for the Eyes+1","Leap","Melter","Sunder+1","Rebound","Tempest+1","Gash","Core Surge","Rip and Tear+1","Master of Strategy","Capacitor","Cold Snap+1","Leap","Melter+1","Redo+1","Core Surge","Storm"],"relics":["Cracked Core","Sundial","Thread and Needle","Nuclear Battery","Anchor","Ornamental Fan","Bottled Lightning"],"potions_floor_usage":[18,24,24,28,28,30],"damage_taken":[{"damage":1,"enemies":"Cultist","floor":1,"turns":3},{"damage":0,"enemies":"Small Slimes","floor":4,"turns":3},{"damage":0,"enemies":"Jaw Worm","floor":5,"turns":3},{"damage":3,"enemies":"Red Slaver","floor":7,"turns":3},{"damage":1,"enemies":"Blue Slaver","floor":8,"turns":4},{"damage":3,"enemies":"3 Sentries","floor":11,"turns":5},{"damage":8,"enemies":"Lots of Slimes","floor":12,"turns":3},{"damage":1,"enemies":"Gremlin Gang","floor":13,"turns":4},{"damage":30,"enemies":"Hexaghost","floor":16,"turns":12},{"damage":11,"enemies":"2 Thieves","floor":18,"turns":3},{"damage":0,"enemies":"Chosen","floor":20,"turns":3},{"damage":15,"enemies":"Slavers","floor":24,"turns":5},{"damage":6,"enemies":"3 Cultists","floor":28,"turns":5},{"damage":11,"enemies":"Centurion and Healer","floor":29,"turns":5},{"damage":11,"enemies":"Gremlin Leader","floor":30,"turns":8},{"damage":0,"enemies":"Sentry and Sphere","floor":31,"turns":2},{"damage":62,"enemies":"Automaton","floor":33,"turns":6}],"seed_played":"8570801526620159795","potions_obtained":[{"floor":1,"key":"GamblersBrew"},{"floor":5,"key":"SneckoOil"},{"floor":12,"key":"Poison Potion"},{"floor":18,"key":"LiquidBronze"},{"floor":24,"key":"Regen Potion"},{"floor":29,"key":"Dexterity Potion"}],"is_trial":false,"path_per_floor":["M","?","$","M","M","R","M","M","T","R","E","M","M","?","R","B",null,"M","$","M","$","?","R","E","R","T","?","M","M","E","M","R"],"character_chosen":"DEFECT","items_purchased":["Cold Snap","Doom and Gloom","Discovery","Master of Strategy","Capacitor","Leap"],"campfire_rested":1,"item_purchase_floors":[3,3,3,19,19,21],"current_hp_per_floor":[74,74,74,74,74,74,71,70,70,70,67,59,58,58,58,28,75,64,64,64,64,64,64,49,49,49,49,57,46,35,35,57,0],"gold":142,"neow_bonus":"ONE_RANDOM_RARE_CARD","is_prod":false,"is_daily":false,"chose_seed":false,"campfire_upgraded":5,"win_rate":0,"timestamp":1540921583,"path_taken":["M","?","$","M","M","R","M","M","T","R","E","?","M","?","R","BOSS","M","?","?","$","?","R","E","R","T","?","M","M","E","M","R","BOSS"],"build_version":"2018-10-29v2","purchased_purges":1,"victory":false,"max_hp_per_floor":[75,75,75,75,75,75,75,75,75,75,75,75,75,75,75,75,75,75,75,75,75,75,75,75,75,75,75,75,75,75,75,75,75],"card_choices":[{"not_picked":["White Noise","Beam Cell"],"picked":"Coolheaded","floor":1},{"not_picked":["Doom and Gloom","Conserve Battery"],"picked":"Go for the Eyes","floor":4},{"not_picked":["Gash","Redo"],"picked":"Leap","floor":5},{"not_picked":["Genetic Algorithm","Leap"],"picked":"Melter","floor":7},{"not_picked":["Stack","Meteor Strike"],"picked":"Sunder","floor":8},{"not_picked":["Go for the Eyes","Blizzard"],"picked":"Rebound","floor":11},{"not_picked":["Stack","Coolheaded"],"picked":"Tempest","floor":12},{"not_picked":["Streamline","Compile Driver"],"picked":"Gash","floor":13},{"not_picked":["Reboot","Biased Cognition"],"picked":"Core Surge","floor":16},{"not_picked":["Turbo","Force Field"],"picked":"Rip and Tear+1","floor":18},{"not_picked":["Sunder","Streamline+1"],"picked":"Cold Snap+1","floor":20},{"not_picked":["Rebound","Cold Snap+1"],"picked":"Melter+1","floor":24},{"not_picked":["Beam Cell","Coolheaded","Fusion"],"picked":"SKIP","floor":28},{"not_picked":["Conserve Battery+1","Static Discharge"],"picked":"Redo+1","floor":29},{"not_picked":["Sweeping Beam","Tempest"],"picked":"Core Surge","floor":30},{"not_picked":["Turbo","Lockon"],"picked":"Storm","floor":31}],"player_experience":494501,"relics_obtained":[{"floor":9,"key":"Sundial"},{"floor":11,"key":"Thread and Needle"},{"floor":24,"key":"Anchor"},{"floor":26,"key":"Ornamental Fan"},{"floor":30,"key":"Bottled Lightning"}],"event_choices":[{"damage_healed":0,"gold_gain":175,"player_choice":"AGREE","damage_taken":0,"max_hp_gain":0,"max_hp_loss":0,"event_name":"Liars Game","floor":2,"gold_loss":0,"cards_obtained":["Doubt"]},{"damage_healed":0,"gold_gain":0,"player_choice":"Upgraded","damage_taken":0,"max_hp_gain":0,"max_hp_loss":0,"event_name":"Upgrade Shrine","floor":14,"gold_loss":0,"cards_upgraded":["Creative AI"]},{"damage_healed":0,"gold_gain":0,"player_choice":"Ignored","damage_taken":0,"max_hp_gain":0,"max_hp_loss":0,"event_name":"Vampires","floor":22,"gold_loss":0},{"damage_healed":0,"gold_gain":0,"player_choice":"Ignored","damage_taken":0,"max_hp_gain":0,"max_hp_loss":0,"event_name":"Cursed Tome","floor":27,"gold_loss":0}],"is_beta":true,"boss_relics":[{"not_picked":["Lizard Tail","Eternal Feather"],"picked":"Nuclear Battery"}],"items_purged_floors":[3],"is_endless":false,"potions_floor_spawned":[1,5,12,13,18,24,29],"killed_by":"Automaton","ascension_level":4}