{"gold_per_floor":[114,129,144,159,174,204,204,234,234,8,23,55,55,70,70,170,170,185,104,104,89,104,134,134,149,149,179,194,194,209,59,59,159,159,174,174,174,189,53,71,71,86,86,86,116,116,146,0,0,0],"floor_reached":51,"playtime":4525,"items_purged":[],"score":932,"play_id":"c91a8333-bbbf-4ad4-8438-793f05646b49","local_time":"20181015135509","daily_mods":["Insanity","Diverse","Binary"],"is_ascension_mode":false,"campfire_choices":[{"data":"Seek","floor":15,"key":"SMITH"},{"data":"Double Energy","floor":24,"key":"SMITH"},{"data":"Zap","floor":29,"key":"SMITH"},{"data":"Buffer","floor":32,"key":"SMITH"},{"data":"Apotheosis","floor":41,"key":"SMITH"},{"data":"Barricade","floor":44,"key":"SMITH"},{"data":"Juggernaut","floor":46,"key":"SMITH"},{"floor":49,"key":"REST"}],"neow_cost":"","seed_source_timestamp":0,"circlet_count":0,"master_deck":["Force Field","Chill+1","Reboot","Gash","Amplify","All For One","Double Energy","Hologram","BootSequence","Stack","Compile Driver","Electrodynamics","Strike_B","Electrodynamics","Redo","Doom and Gloom","Buffer+1","Loop","Seek+1","Zap+1","Double Energy+1","Self Repair","Fusion","Leap","Thunder Strike","Compile Driver","Go for the Eyes","Zap","Reboot","Self Repair","Sweeping Beam","Redo","Steam","Strike_B","Heatsinks","Machine Learning","Machine Learning","Compile Driver","Undo","Core Surge","Zap","Scrape","Fusion","Aggregate","Reinforced Body","Rip and Tear","Compile Driver","True Grit","Pommel Strike","Beam Cell","Cold Snap","Flame Barrier","Quick Slash","Chill","Footwork","Shrug It Off","Barricade+1","Tools of the Trade+1","Deadly Poison+1","Corpse Explosion+1","Whirlwind","Steam Power+1","Double Energy+1","Backflip+1","White Noise","Creative AI","Shame","Regret","Normality","Ball Lightning+1","Apotheosis+1","Secret Technique","Panache","Juggernaut+1","Compile Driver+1"],"special_seed":17819,"relics":["Cracked Core","Calipers","Pantograph","Singing Bowl","Bronze Scales","Happy Flower","Astrolabe","Vajra","Emotion Chip","WingedGreaves","PreservedInsect","Calling Bell","Blood Vial","Molten Egg 2","Bird Faced Urn","FaceOfCleric","Mango","Ornamental Fan","Incense Burner","Mummified Hand","Red Mask"],"potions_floor_usage":[23,27,50,50],"damage_taken":[{"damage":0,"enemies":"2 Louse","floor":1,"turns":3},{"damage":0,"enemies":"Jaw Worm","floor":2,"turns":3},{"damage":0,"enemies":"Small Slimes","floor":3,"turns":2},{"damage":10,"enemies":"Looter","floor":4,"turns":3},{"damage":7,"enemies":"3 Louse","floor":5,"turns":4},{"damage":0,"enemies":"3 Sentries","floor":6,"turns":4},{"damage":12,"enemies":"Gremlin Nob","floor":8,"turns":4},{"damage":0,"enemies":"Blue Slaver","floor":11,"turns":2},{"damage":3,"enemies":"Lagavulin Event","floor":12,"turns":8},{"damage":0,"enemies":"Red Slaver","floor":14,"turns":3},{"damage":8,"enemies":"Slime Boss","floor":16,"turns":7},{"damage":0,"enemies":"Spheric Guardian","floor":18,"turns":6},{"damage":3,"enemies":"2 Thieves","floor":21,"turns":4},{"damage":32,"enemies":"Sentry and Sphere","floor":22,"turns":6},{"damage":19,"enemies":"Slavers","floor":23,"turns":5},{"damage":0,"enemies":"Snake Plant","floor":25,"turns":4},{"damage":6,"enemies":"Book of Stabbing","floor":27,"turns":5},{"damage":0,"enemies":"Shelled Parasite and Fungi","floor":28,"turns":3},{"damage":10,"enemies":"Cultist and Chosen","floor":30,"turns":4},{"damage":0,"enemies":"Automaton","floor":33,"turns":11},{"damage":16,"enemies":"3 Shapes","floor":35,"turns":4},{"damage":35,"enemies":"3 Darklings","floor":38,"turns":4},{"damage":0,"enemies":"Mysterious Sphere","floor":40,"turns":5},{"damage":19,"enemies":"Transient","floor":42,"turns":5},{"damage":0,"enemies":"Nemesis","floor":45,"turns":6},{"damage":26,"enemies":"2 Orb Walkers","floor":47,"turns":3},{"damage":11,"enemies":"Donu and Deca","floor":50,"turns":5}],"seed_played":"-777354122141944198","potions_obtained":[{"floor":3,"key":"LiquidBronze"},{"floor":6,"key":"Fire Potion"},{"floor":11,"key":"Weak Potion"},{"floor":12,"key":"Strength Potion"},{"floor":25,"key":"Poison Potion"},{"floor":27,"key":"Ancient Potion"}],"is_trial":false,"path_per_floor":["M","M","M","M","M","E","?","E","T","$","M","?","?","M","R","B",null,"M","$","?","M","M","E","R","M","T","E","M","R","M","$","R","B",null,"M","?","?","M","$","?","R","M","T","R","E","R","E","?","R","B"],"character_chosen":"DEFECT","items_purchased":["Bronze Scales","Footwork","Whirlwind","PreservedInsect","Juggernaut"],"campfire_rested":1,"item_purchase_floors":[10,10,19,31,39],"current_hp_per_floor":[75,75,75,65,65,75,75,63,63,63,63,77,77,79,79,79,79,81,81,81,81,56,51,51,53,53,54,63,63,55,55,55,87,87,80,80,70,48,48,98,98,110,110,110,113,113,92,92,114,115],"gold":0,"neow_bonus":"","is_prod":false,"is_daily":true,"chose_seed":false,"campfire_upgraded":7,"win_rate":0,"timestamp":1539604509,"path_taken":["M","M","M","M","M","E","?","E","T","$","M","?","?","?","R","BOSS","M","$","?","M","M","E","R","M","T","E","M","R","M","?","R","BOSS","M","?","?","?","$","?","R","M","T","R","E","R","E","?","R","BOSS"],"build_version":"2018-10-11","purchased_purges":0,"victory":true,"max_hp_per_floor":[75,75,75,75,75,75,75,75,75,75,75,77,77,79,79,79,79,81,81,81,81,81,81,81,83,83,83,85,85,87,87,87,87,87,87,87,87,90,90,107,107,110,110,110,113,113,114,114,114,115],"card_choices":[{"not_picked":["Deflect"],"picked":"True Grit","floor":1},{"not_picked":["Thunderclap"],"picked":"Pommel Strike","floor":2},{"not_picked":["Pommel Strike"],"picked":"Beam Cell","floor":3},{"not_picked":["Wild Strike"],"picked":"Cold Snap","floor":4},{"not_picked":["True Grit"],"picked":"Flame Barrier","floor":5},{"not_picked":["Bludgeon"],"picked":"Quick Slash","floor":6},{"not_picked":["Clash"],"picked":"Chill","floor":8},{"not_picked":["Force Field"],"picked":"Shrug It Off","floor":11},{"not_picked":["Infernal Blade","Armaments"],"picked":"Singing Bowl","floor":12},{"not_picked":["Choke","Hologram"],"picked":"Singing Bowl","floor":14},{"not_picked":["Seek"],"picked":"Barricade","floor":16},{"not_picked":["Concentrate","Intimidate"],"picked":"Singing Bowl","floor":18},{"not_picked":["Barrage"],"picked":"Steam Power+1","floor":21},{"not_picked":["Turbo"],"picked":"Double Energy+1","floor":22},{"not_picked":["Quick Slash"],"picked":"Backflip+1","floor":23},{"not_picked":["Underhanded Strike","Terror"],"picked":"Singing Bowl","floor":25},{"not_picked":["Dual Wield"],"picked":"White Noise","floor":27},{"not_picked":["Dagger Spray","Blade Dance"],"picked":"Singing Bowl","floor":28},{"not_picked":["Pommel Strike","Escape Plan"],"picked":"Singing Bowl","floor":30},{"not_picked":["Fiend Fire"],"picked":"Creative AI","floor":33},{"not_picked":["Thunderclap+1"],"picked":"Ball Lightning+1","floor":35},{"not_picked":["Forethought"],"picked":"Apotheosis","floor":37},{"not_picked":["HandOfGreed+1"],"picked":"Secret Technique","floor":37},{"not_picked":["Purity"],"picked":"Panache","floor":37},{"not_picked":["Quick Slash+1","Heavy Blade+1"],"picked":"Singing Bowl","floor":38},{"not_picked":["Dagger Throw+1","Outmaneuver"],"picked":"Singing Bowl","floor":40},{"not_picked":["Cloak And Dagger","Burning Pact"],"picked":"Singing Bowl","floor":42},{"not_picked":["Fire Breathing","Storm of Steel"],"picked":"Singing Bowl","floor":45},{"not_picked":["Wild Strike+1"],"picked":"Compile Driver+1","floor":47}],"player_experience":1533243,"relics_obtained":[{"floor":6,"key":"Calipers"},{"floor":8,"key":"Pantograph"},{"floor":9,"key":"Singing Bowl"},{"floor":12,"key":"Happy Flower"},{"floor":23,"key":"Vajra"},{"floor":26,"key":"Emotion Chip"},{"floor":27,"key":"WingedGreaves"},{"floor":34,"key":"Blood Vial"},{"floor":34,"key":"Molten Egg 2"},{"floor":34,"key":"Bird Faced Urn"},{"floor":40,"key":"Mango"},{"floor":43,"key":"Ornamental Fan"},{"floor":45,"key":"Incense Burner"},{"floor":47,"key":"Mummified Hand"}],"event_choices":[{"event_name":"Living Wall","player_choice":"Grow","floor":7,"damage_taken":0},{"event_name":"Dead Adventurer","player_choice":"Searched \u00271\u0027 times","floor":12,"damage_taken":0},{"event_name":"The Cleric","player_choice":"Leave","floor":13,"damage_taken":0},{"event_name":"The Woman in Blue","player_choice":"Bought 0 Potions","floor":20,"damage_taken":0},{"event_name":"FaceTrader","player_choice":"Trade","floor":36,"damage_taken":0},{"event_name":"SensoryStone","player_choice":"Memory 3","floor":37,"damage_taken":0},{"event_name":"Mysterious Sphere","player_choice":"Fight","floor":40,"damage_taken":0},{"event_name":"Tomb of Lord Red Mask","player_choice":"Paid","floor":48,"damage_taken":0}],"is_beta":false,"boss_relics":[{"not_picked":["Tiny House","Lizard Tail"],"picked":"Astrolabe"},{"not_picked":["Pandora\u0027s Box","FrozenCore"],"picked":"Calling Bell"}],"items_purged_floors":[],"is_endless":false,"potions_floor_spawned":[3,6,11,12,12,14,16,22,25,27,28,33,35,38,47],"ascension_level":0}