{"gold_per_floor":[111,122,74,74,74,102,102,177,200,200,200,239,252,272,272,365,365,355,355,355,355],"floor_reached":21,"playtime":663,"items_purged":[],"score":393,"play_id":"d5146cf8-388f-4bcf-a431-094daea17a12","local_time":"20180907103642","is_ascension_mode":true,"campfire_choices":[{"floor":15,"key":"REST"}],"neow_cost":"NONE","seed_source_timestamp":1506540092553150,"circlet_count":0,"master_deck":["Defend_B","Defend_B","Defend_B","Defend_B","Zap+1","Dualcast","AscendersBane","Beam Cell","Melter","Streamline","Darkness","FTL","Leap","Streamline","Echo Form","Go for the Eyes","Bite","Bite","Bite","Bite","Bite"],"relics":["FrozenCore","NeowsBlessing","Oddly Smooth Stone","Golden Idol","Turnip"],"potions_floor_usage":[12,12],"damage_taken":[{"damage":0,"enemies":"Small Slimes","floor":1,"turns":1},{"damage":0,"enemies":"Jaw Worm","floor":2,"turns":1},{"damage":0,"enemies":"3 Sentries","floor":6,"turns":1},{"damage":28,"enemies":"Lagavulin","floor":12,"turns":4},{"damage":0,"enemies":"2 Louse","floor":13,"turns":2},{"damage":18,"enemies":"Large Slime","floor":14,"turns":4},{"damage":22,"enemies":"The Guardian","floor":16,"turns":9},{"damage":32,"enemies":"2 Thieves","floor":18,"turns":4},{"damage":47,"enemies":"Masked Bandits","floor":21,"turns":3}],"seed_played":"9170064230038772061","potions_obtained":[{"floor":1,"key":"AttackPotion"},{"floor":6,"key":"Regen Potion"}],"is_trial":false,"path_per_floor":["M","M","$","?","$","E","?","?","T","?","?","E","M","M","R","B",null,"M","?","?"],"character_chosen":"DEFECT","items_purchased":["Streamline"],"campfire_rested":1,"item_purchase_floors":[3],"current_hp_per_floor":[64,64,64,64,64,64,64,53,53,53,53,39,41,25,44,24,54,24,24,37,0],"gold":355,"neow_bonus":"THREE_ENEMY_KILL","is_prod":false,"is_daily":false,"chose_seed":false,"campfire_upgraded":0,"win_rate":0,"timestamp":1536331002,"path_taken":["M","M","$","?","$","E","?","?","T","?","?","E","?","M","R","BOSS","M","?","?","?"],"build_version":"2018-09-06","purchased_purges":0,"victory":false,"max_hp_per_floor":[71,71,71,71,71,71,71,71,71,64,64,64,64,64,64,64,64,64,64,64,64],"card_choices":[{"not_picked":["Redo","Chaos"],"picked":"Beam Cell","floor":1},{"not_picked":["Rebound","Conserve Battery"],"picked":"Melter","floor":2},{"not_picked":["Conserve Battery","Self Repair"],"picked":"Darkness","floor":6},{"not_picked":["Blizzard","Heatsinks"],"picked":"FTL","floor":12},{"not_picked":["Turbo","Conserve Battery"],"picked":"Leap","floor":13},{"not_picked":["Redo","Ball Lightning"],"picked":"Streamline","floor":14},{"not_picked":["Reboot","Amplify"],"picked":"Echo Form","floor":16},{"not_picked":["Force Field+1","Streamline"],"picked":"Go for the Eyes","floor":18}],"player_experience":1520453,"relics_obtained":[{"floor":6,"key":"Blood Vial"},{"floor":9,"key":"Oddly Smooth Stone"},{"floor":12,"key":"Turnip"}],"event_choices":[{"event_name":"The Cleric","player_choice":"Leave","floor":4,"damage_taken":0},{"event_name":"Living Wall","player_choice":"Grow","floor":7,"damage_taken":0},{"event_name":"World of Goop","player_choice":"Gather Gold","floor":8,"damage_taken":0},{"event_name":"Golden Idol","player_choice":"Lose Max HP","floor":10,"damage_taken":0},{"event_name":"Liars Game","player_choice":"disagreed","floor":11,"damage_taken":0},{"event_name":"Vampires","player_choice":"Became a vampire (Vial)","floor":19,"damage_taken":0},{"event_name":"The Library","player_choice":"Heal","floor":20,"damage_taken":0},{"event_name":"Masked Bandits","player_choice":"Fought Bandits","floor":21,"damage_taken":0}],"is_beta":false,"boss_relics":[{"not_picked":["Runic Dome","Velvet Choker"],"picked":"FrozenCore"}],"items_purged_floors":[],"is_endless":false,"potions_floor_spawned":[1,6],"killed_by":"Masked Bandits","ascension_level":15}