{"gold_per_floor":[111,36,56,76,95,95,106,106,130,142,6,26,26,59,59,59],"floor_reached":16,"playtime":757,"items_purged":["Strike_R","Strike_R"],"score":102,"play_id":"65e84a9e-724c-4da6-8d33-9057fb0aa7a3","local_time":"20190209143853","is_ascension_mode":false,"campfire_choices":[{"data":"Heavy Blade","floor":6,"key":"SMITH"},{"data":"Flex","floor":8,"key":"SMITH"},{"data":"Metallicize","floor":10,"key":"SMITH"},{"data":"Cleave","floor":13,"key":"SMITH"},{"data":"Ghostly Armor","floor":15,"key":"SMITH"}],"neow_cost":"NONE","seed_source_timestamp":2179732999759,"circlet_count":0,"master_deck":["Strike_R","Strike_R","Strike_R","Defend_R","Defend_R","Defend_R","Defend_R","Bash","Reaper","Heavy Blade+1","Metallicize+1","Flex+1","Pommel Strike","Shrug It Off","Cleave+1","Ghostly Armor+1"],"relics":["Burning Blood","MawBank","Regal Pillow"],"potions_floor_usage":[5,16,16],"damage_taken":[{"damage":5,"enemies":"Cultist","floor":1,"turns":4},{"damage":15,"enemies":"Jaw Worm","floor":3,"turns":4},{"damage":2,"enemies":"Small Slimes","floor":4,"turns":4},{"damage":26,"enemies":"Gremlin Gang","floor":5,"turns":9},{"damage":10,"enemies":"Looter","floor":7,"turns":3},{"damage":22,"enemies":"Exordium Wildlife","floor":12,"turns":7},{"damage":22,"enemies":"Gremlin Nob","floor":14,"turns":4},{"damage":50,"enemies":"Slime Boss","floor":16,"turns":10}],"seed_played":"3203644185793432796","potions_obtained":[{"floor":4,"key":"Block Potion"},{"floor":7,"key":"SpeedPotion"},{"floor":12,"key":"SteroidPotion"},{"floor":14,"key":"SkillPotion"}],"is_trial":false,"path_per_floor":["M","$","M","M","M","R","M","R","T","R","$","M","R","E","R","B"],"character_chosen":"IRONCLAD","items_purchased":["Shrug It Off"],"campfire_rested":0,"item_purchase_floors":[11],"current_hp_per_floor":[80,80,77,80,69,69,65,65,65,65,65,57,57,41,41,0],"gold":59,"neow_bonus":"ONE_RANDOM_RARE_CARD","is_prod":false,"is_daily":false,"chose_seed":false,"campfire_upgraded":5,"win_rate":0.0,"timestamp":1549719533,"path_taken":["M","$","M","M","M","R","M","R","T","R","$","M","R","E","R","BOSS"],"build_version":"2019-01-23","purchased_purges":2,"victory":false,"max_hp_per_floor":[80,80,80,80,80,80,80,80,80,80,80,80,80,80,80,80],"card_choices":[{"not_picked":["Clothesline","Flex","Sword Boomerang"],"picked":"SKIP","floor":1},{"not_picked":["Thunderclap","Burning Pact"],"picked":"Heavy Blade","floor":3},{"not_picked":["Iron Wave","Corruption"],"picked":"Metallicize","floor":4},{"not_picked":["True Grit","Combust"],"picked":"Flex","floor":5},{"not_picked":["Shockwave","Searing Blow"],"picked":"Pommel Strike","floor":7},{"not_picked":["Dropkick","Shrug It Off"],"picked":"Cleave","floor":12},{"not_picked":["Thunderclap","Flame Barrier"],"picked":"Ghostly Armor","floor":14}],"player_experience":30698,"relics_obtained":[{"floor":9,"key":"MawBank"},{"floor":14,"key":"Regal Pillow"}],"event_choices":[],"is_beta":false,"boss_relics":[],"items_purged_floors":[2,11],"is_endless":false,"potions_floor_spawned":[4,7,12,14],"killed_by":"Slime Boss","ascension_level":0}