{"gold_per_floor":[115,131,306,324,324,324,336,346,346,346,358,358,328,339,339,434,434,418,452,32,44,57,57,69,86,113,125,137,149,177,206,218,335,347,377,299,32,32,46,46,57,57,103,103,116,116,131,143,143,143],"floor_reached":51,"playtime":2279,"items_purged":["Doubt"],"score":695,"play_id":"74cf8481-47e8-448e-a85d-d7706f8eb83f","local_time":"20190215123454","is_ascension_mode":false,"campfire_choices":[{"data":"Neutralize","floor":6,"key":"SMITH"},{"data":"Footwork","floor":10,"key":"SMITH"},{"data":"Infinite Blades","floor":12,"key":"SMITH"},{"data":"Accuracy","floor":15,"key":"SMITH"},{"data":"Crippling Poison","floor":23,"key":"SMITH"},{"data":"Malaise","floor":27,"key":"SMITH"},{"data":"Skewer","floor":29,"key":"SMITH"},{"floor":32,"key":"REST"},{"data":"Night Terror","floor":40,"key":"SMITH"},{"data":"Footwork","floor":42,"key":"SMITH"},{"data":"Infinite Blades","floor":44,"key":"SMITH"},{"data":"Infinite Blades","floor":46,"key":"SMITH"},{"data":"Caltrops","floor":49,"key":"SMITH"}],"neow_cost":"TEN_PERCENT_HP_LOSS","seed_source_timestamp":1272369165276,"circlet_count":0,"master_deck":["Defend_G","Defend_G","Defend_G","Defend_G","Defend_G","Survivor","Neutralize+1","Escape Plan","Escape Plan","Infinite Blades+1","Crippling Poison+1","Footwork+1","Leg Sweep","Accuracy+1","Well Laid Plans","Envenom+1","Poisoned Stab+1","Well Laid Plans","Malaise+1","PiercingWail","Skewer+1","Bouncing Flask+1","Ghostly","Ghostly","Ghostly","Ghostly","Ghostly","Terror+1","Infinite Blades+1","Night Terror+1","Crippling Poison+1","Bouncing Flask+1","Wraith Form v2+1","Footwork+1","Infinite Blades+1","Blade Dance","Caltrops+1","Dash+1"],"relics":["Ring of the Snake","Mango","Mummified Hand","Runic Dome","Red Mask","ClockworkSouvenir","MawBank","Astrolabe","Snake Skull","Centennial Puzzle"],"potions_floor_usage":[8,14,14,18,37,50,50],"damage_taken":[{"damage":2,"enemies":"Small Slimes","floor":1,"turns":5},{"damage":0,"enemies":"Cultist","floor":2,"turns":4},{"damage":0,"enemies":"2 Louse","floor":4,"turns":4},{"damage":0,"enemies":"Looter","floor":7,"turns":4},{"damage":2,"enemies":"2 Fungi Beasts","floor":8,"turns":4},{"damage":13,"enemies":"Exordium Thugs","floor":11,"turns":7},{"damage":0,"enemies":"Looter","floor":13,"turns":4},{"damage":0,"enemies":"Gremlin Gang","floor":14,"turns":4},{"damage":29,"enemies":"Slime Boss","floor":16,"turns":17},{"damage":12,"enemies":"2 Thieves","floor":18,"turns":4},{"damage":17,"enemies":"Masked Bandits","floor":19,"turns":7},{"damage":0,"enemies":"Chosen","floor":21,"turns":6},{"damage":1,"enemies":"Snake Plant","floor":22,"turns":6},{"damage":0,"enemies":"Shelled Parasite and Fungi","floor":24,"turns":8},{"damage":0,"enemies":"Chosen and Byrds","floor":25,"turns":5},{"damage":0,"enemies":"Cultist and Chosen","floor":30,"turns":8},{"damage":15,"enemies":"Sentry and Sphere","floor":31,"turns":4},{"damage":2,"enemies":"Champ","floor":33,"turns":9},{"damage":0,"enemies":"Orb Walker","floor":35,"turns":4},{"damage":1,"enemies":"3 Shapes","floor":39,"turns":6},{"damage":0,"enemies":"3 Darklings","floor":41,"turns":5},{"damage":1,"enemies":"Writhing Mass","floor":45,"turns":4},{"damage":2,"enemies":"Maw","floor":47,"turns":7},{"damage":0,"enemies":"Jaw Worm Horde","floor":48,"turns":4},{"damage":5,"enemies":"Awakened One","floor":50,"turns":11}],"seed_played":"7220290193694432588","potions_obtained":[{"floor":1,"key":"Fire Potion"},{"floor":2,"key":"Energy Potion"},{"floor":4,"key":"FearPotion"},{"floor":16,"key":"Fire Potion"},{"floor":21,"key":"GhostInAJar"},{"floor":24,"key":"Fire Potion"},{"floor":30,"key":"GamblersBrew"},{"floor":39,"key":"Regen Potion"}],"is_trial":false,"path_per_floor":["M","M","?","M","?","R","M","M","T","R","M","R","M","M","R","B",null,"M","?","$","M","M","R","M","M","T","R","?","R","M","M","R","B",null,"M","?","$","?","M","R","M","R","T","R","M","R","M","M","R","B",null],"character_chosen":"THE_SILENT","items_purchased":["Well Laid Plans","Malaise","ClockworkSouvenir","Snake Skull","Footwork","Fruit Juice"],"campfire_rested":1,"item_purchase_floors":[20,20,20,37,37,37],"current_hp_per_floor":[75,75,75,75,75,75,75,73,73,73,60,60,60,60,60,31,77,65,48,48,48,47,47,47,47,47,47,38,38,38,23,34,32,38,38,38,43,43,42,42,42,42,42,42,41,41,39,39,39,43],"gold":143,"neow_bonus":"ONE_RARE_RELIC","is_prod":false,"is_daily":false,"chose_seed":false,"campfire_upgraded":12,"win_rate":0,"timestamp":1550255694,"path_taken":["M","M","?","M","?","R","M","M","T","R","M","R","?","M","R","BOSS","M","?","$","M","M","R","M","M","T","R","?","R","M","M","R","BOSS","M","?","?","?","M","R","M","R","T","R","M","R","M","?","R","BOSS"],"build_version":"2019-01-23","purchased_purges":1,"victory":true,"max_hp_per_floor":[77,77,77,77,77,77,77,77,77,77,77,77,77,77,77,77,77,77,77,77,77,77,77,77,77,77,77,38,38,38,38,38,38,38,38,38,43,43,43,43,43,43,43,43,43,43,43,43,43,43],"card_choices":[{"not_picked":["Heel Hook","Eviscerate"],"picked":"Escape Plan","floor":1},{"not_picked":["Catalyst","Concentrate"],"picked":"Escape Plan","floor":2},{"not_picked":["Sucker Punch","PiercingWail"],"picked":"Infinite Blades","floor":4},{"not_picked":["Distraction","Dagger Throw"],"picked":"Crippling Poison","floor":7},{"not_picked":["Backflip","PiercingWail"],"picked":"Footwork","floor":8},{"not_picked":["Deadly Poison","Dodge and Roll"],"picked":"Leg Sweep","floor":11},{"not_picked":["Unload","Dodge and Roll"],"picked":"Accuracy","floor":13},{"not_picked":["Outmaneuver","Choke"],"picked":"Well Laid Plans","floor":14},{"not_picked":["Bullet Time","Grand Finale"],"picked":"Envenom","floor":16},{"not_picked":["Bane","Calculated Gamble","Slice"],"picked":"SKIP","floor":18},{"not_picked":["Sucker Punch","Bane"],"picked":"Poisoned Stab+1","floor":19},{"not_picked":["Bane","Slice"],"picked":"PiercingWail","floor":21},{"not_picked":["Prepared","Underhanded Strike+1"],"picked":"Skewer","floor":22},{"not_picked":["Calculated Gamble+1","Cloak And Dagger"],"picked":"Bouncing Flask+1","floor":24},{"not_picked":["Quick Slash+1","Flying Knee","Bane"],"picked":"SKIP","floor":25},{"not_picked":["Prepared+1","Cloak And Dagger"],"picked":"Terror+1","floor":30},{"not_picked":["Adrenaline","Deflect"],"picked":"Infinite Blades","floor":31},{"not_picked":["Die Die Die","Venomology"],"picked":"Night Terror","floor":33},{"not_picked":["Reflex","Backstab+1","Concentrate+1"],"picked":"SKIP","floor":35},{"not_picked":["Riddle With Holes","Underhanded Strike"],"picked":"Infinite Blades","floor":39},{"not_picked":["Terror","Deadly Poison"],"picked":"Blade Dance","floor":41},{"not_picked":["Slice","Reflex","Dagger Spray+1"],"picked":"SKIP","floor":45},{"not_picked":["Quick Slash","Dagger Spray"],"picked":"Caltrops","floor":47},{"not_picked":["Bane","Flying Knee"],"picked":"Dash+1","floor":48}],"player_experience":819662,"relics_obtained":[{"floor":9,"key":"Mummified Hand"},{"floor":19,"key":"Red Mask"},{"floor":26,"key":"MawBank"},{"floor":43,"key":"Centennial Puzzle"}],"event_choices":[{"damage_healed":0,"gold_gain":175,"player_choice":"AGREE","damage_taken":0,"max_hp_gain":0,"max_hp_loss":0,"event_name":"Liars Game","floor":3,"gold_loss":0,"cards_obtained":["Doubt"]},{"damage_healed":0,"gold_gain":0,"player_choice":"Bought 0 Potions","damage_taken":0,"max_hp_gain":0,"max_hp_loss":0,"event_name":"The Woman in Blue","floor":5,"gold_loss":0},{"damage_healed":0,"gold_gain":0,"player_choice":"Fought Bandits","damage_taken":0,"max_hp_gain":0,"max_hp_loss":0,"event_name":"Masked Bandits","floor":19,"gold_loss":0},{"damage_healed":0,"gold_gain":0,"player_choice":"Became a Ghost","damage_taken":0,"max_hp_gain":0,"max_hp_loss":39,"event_name":"Ghosts","floor":28,"gold_loss":0,"cards_obtained":["Ghostly","Ghostly","Ghostly","Ghostly","Ghostly"]},{"cards_removed":["Strike_G"],"damage_healed":0,"gold_gain":0,"player_choice":"Upgrade and Remove","damage_taken":0,"max_hp_gain":0,"max_hp_loss":0,"event_name":"Designer","floor":36,"gold_loss":90,"cards_upgraded":["Envenom"]},{"cards_removed":["Strike_G"],"damage_healed":0,"gold_gain":0,"player_choice":"Purged","damage_taken":0,"max_hp_gain":0,"max_hp_loss":0,"event_name":"Purifier","floor":38,"gold_loss":0}],"is_beta":false,"boss_relics":[{"not_picked":["Tiny House","Eternal Feather"],"picked":"Runic Dome"},{"not_picked":["Black Star","Runic Pyramid"],"picked":"Astrolabe"}],"items_purged_floors":[20],"is_endless":false,"potions_floor_spawned":[1,2,4,16,21,24,30,39,47,48],"ascension_level":0}