{"gold_per_floor":[115,115,130,147,147,147,161,171,194,194,194,211,36,55,55,160,160,172,184,99,124,124],"floor_reached":22,"playtime":1150,"items_purged":["Strike_B"],"score":240,"play_id":"784088a8-3e10-480d-8ba1-9d931a0e498d","local_time":"20180702125718","is_ascension_mode":true,"campfire_choices":[{"floor":6,"key":"REST"},{"data":"Zap","floor":10,"key":"SMITH"},{"floor":15,"key":"REST"}],"neow_cost":"NONE","seed_source_timestamp":666486262054667,"circlet_count":0,"master_deck":["Strike_B","Strike_B","Defend_B","Defend_B","Defend_B","Defend_B","Zap+1","Dualcast","Cold Snap","Static Discharge","White Noise","Seek","Coolheaded","Doom and Gloom","Sweeping Beam","Heatsinks","Creative AI","Chill"],"relics":["Cracked Core","Orichalcum","Singing Bowl","Regal Pillow","Runic Pyramid","Potion Belt","Lantern"],"potions_floor_usage":[16,16,19],"damage_taken":[{"damage":9,"enemies":"2 Louse","floor":1,"turns":3},{"damage":0,"enemies":"Cultist","floor":3,"turns":4},{"damage":7,"enemies":"Small Slimes","floor":4,"turns":3},{"damage":0,"enemies":"2 Fungi Beasts","floor":7,"turns":3},{"damage":13,"enemies":"Large Slime","floor":8,"turns":7},{"damage":6,"enemies":"3 Louse","floor":12,"turns":2},{"damage":0,"enemies":"2 Fungi Beasts","floor":14,"turns":2},{"damage":36,"enemies":"Hexaghost","floor":16,"turns":7},{"damage":31,"enemies":"Shell Parasite","floor":18,"turns":10},{"damage":16,"enemies":"3 Byrds","floor":19,"turns":5},{"damage":28,"enemies":"Snecko","floor":22,"turns":5}],"seed_played":"-8809370368966666916","potions_obtained":[{"floor":4,"key":"Fire Potion"},{"floor":7,"key":"SkillPotion"},{"floor":16,"key":"SteroidPotion"},{"floor":18,"key":"Fire Potion"}],"is_trial":false,"path_per_floor":["M","?","M","M","?","R","M","M","T","R","?","M","$","M","R","B",null,"M","M","?","T"],"character_chosen":"DEFECT","items_purchased":["Doom and Gloom","Sweeping Beam"],"campfire_rested":2,"item_purchase_floors":[13,13],"current_hp_per_floor":[59,59,59,52,40,62,64,51,51,51,51,45,45,45,77,41,68,37,23,23,23,0],"gold":124,"neow_bonus":"RANDOM_COMMON_RELIC","is_prod":false,"is_daily":false,"chose_seed":false,"campfire_upgraded":1,"win_rate":0,"timestamp":1530550638,"path_taken":["M","?","M","M","?","R","M","M","T","R","?","M","$","M","R","BOSS","M","?","?","?","M"],"build_version":"2018-06-28","purchased_purges":1,"victory":false,"max_hp_per_floor":[75,75,75,75,75,75,77,77,77,77,77,77,77,77,77,77,77,77,79,79,79,79],"card_choices":[{"not_picked":["Compile Driver","Redo"],"picked":"Cold Snap","floor":1},{"not_picked":["Stack","Reprogram"],"picked":"Static Discharge","floor":3},{"not_picked":["Skim","Aggregate"],"picked":"White Noise","floor":4},{"not_picked":["Aggregate","Steam","Compile Driver"],"picked":"Singing Bowl","floor":7},{"not_picked":["FTL","Gash"],"picked":"Seek","floor":8},{"not_picked":["Conserve Battery","Steam Power"],"picked":"Coolheaded","floor":12},{"not_picked":["Gash","Coolheaded"],"picked":"Heatsinks","floor":14},{"not_picked":["Thunder Strike","Core Surge"],"picked":"Creative AI","floor":16},{"not_picked":["Streamline","Beam Cell"],"picked":"Chill","floor":18},{"not_picked":["Cold Snap","Gash+1","Go for the Eyes"],"picked":"Singing Bowl","floor":19}],"player_experience":910883,"relics_obtained":[{"floor":9,"key":"Regal Pillow"},{"floor":21,"key":"Lantern"}],"event_choices":[{"event_name":"Wheel of Change","player_choice":"Card Removal","floor":2,"damage_taken":0},{"event_name":"Scrap Ooze","player_choice":"success","floor":5,"damage_taken":12},{"event_name":"Accursed Blacksmith","player_choice":"Ignore","floor":11,"damage_taken":0},{"event_name":"Addict","player_choice":"Obtained Relic","floor":20,"damage_taken":0}],"boss_relics":[{"not_picked":["Calling Bell","Astrolabe"],"picked":"Runic Pyramid"}],"items_purged_floors":[13],"is_endless":false,"potions_floor_spawned":[4,7,14,16,18],"killed_by":"Snecko","ascension_level":7}