{"gold_per_floor":[109,109,55,55,67,100,100,100,125,139,139,139,169,169,169,169],"floor_reached":16,"playtime":541,"items_purged":[],"score":117,"play_id":"ffaaabbc-b17b-4722-b225-1f98e386729f","local_time":"20190212174842","is_ascension_mode":true,"campfire_choices":[{"floor":8,"key":"DIG"},{"floor":11,"key":"DIG"},{"floor":12,"key":"DIG"},{"floor":15,"key":"REST"}],"neow_cost":"TEN_PERCENT_HP_LOSS","seed_source_timestamp":112341896858362,"circlet_count":0,"master_deck":["Strike_B+1","Strike_B","Strike_B","Defend_B","Defend_B","Defend_B","Defend_B","Zap+1","Dualcast","Skim","Go for the Eyes","Glacier","Loop","Parasite"],"relics":["Cracked Core","Shovel","Ancient Tea Set","Orichalcum","Girya","Lantern","WingedGreaves","Juzu Bracelet","Shuriken"],"potions_floor_usage":[6,13,16],"damage_taken":[{"damage":1,"enemies":"Cultist","floor":1,"turns":3},{"damage":0,"enemies":"Small Slimes","floor":5,"turns":3},{"damage":4,"enemies":"Gremlin Nob","floor":6,"turns":3},{"damage":0,"enemies":"2 Louse","floor":10,"turns":2},{"damage":14,"enemies":"3 Sentries","floor":13,"turns":7},{"damage":52,"enemies":"Hexaghost","floor":16,"turns":14}],"seed_played":"-2737309530206836165","potions_obtained":[{"floor":5,"key":"AttackPotion"},{"floor":10,"key":"AttackPotion"},{"floor":13,"key":"Poison Potion"}],"is_trial":false,"path_per_floor":["M","?","$","?","M","E","?","R","T","M","R","R","E","?","R","B"],"character_chosen":"DEFECT","items_purchased":["Go for the Eyes"],"campfire_rested":1,"item_purchase_floors":[3],"current_hp_per_floor":[67,42,42,28,28,24,24,24,24,24,24,24,10,27,47,0],"gold":169,"neow_bonus":"ONE_RARE_RELIC","is_prod":false,"is_daily":false,"chose_seed":false,"campfire_upgraded":0,"win_rate":0,"timestamp":1550022522,"path_taken":["M","?","$","?","M","E","?","R","T","M","R","R","E","?","R","BOSS"],"build_version":"2019-01-23","purchased_purges":0,"victory":false,"max_hp_per_floor":[68,68,68,68,68,68,68,68,68,68,68,68,68,68,68,68],"card_choices":[{"not_picked":["Steam","Hello World"],"picked":"Skim","floor":1},{"not_picked":["Aggregate","Rebound","Redo"],"picked":"SKIP","floor":5},{"not_picked":["Ball Lightning","Go for the Eyes"],"picked":"Glacier","floor":6},{"not_picked":["Hologram","Stack"],"picked":"Loop","floor":10},{"not_picked":["Aggregate","Streamline","Redo"],"picked":"SKIP","floor":13}],"player_experience":341675,"relics_obtained":[{"floor":6,"key":"Orichalcum"},{"floor":8,"key":"Girya"},{"floor":9,"key":"Lantern"},{"floor":11,"key":"WingedGreaves"},{"floor":12,"key":"Juzu Bracelet"},{"floor":13,"key":"Shuriken"}],"event_choices":[{"damage_healed":0,"gold_gain":0,"player_choice":"Success","damage_taken":25,"relics_obtained":["Ancient Tea Set"],"max_hp_gain":0,"max_hp_loss":0,"event_name":"Scrap Ooze","floor":2,"gold_loss":0},{"damage_healed":0,"gold_gain":0,"player_choice":"Entered Light","damage_taken":14,"max_hp_gain":0,"max_hp_loss":0,"event_name":"Shining Light","floor":4,"gold_loss":0,"cards_upgraded":["Strike_B","Zap"]},{"cards_removed":["Strike_B"],"damage_healed":0,"gold_gain":0,"player_choice":"Forget","damage_taken":0,"max_hp_gain":0,"max_hp_loss":0,"event_name":"Living Wall","floor":7,"gold_loss":0},{"damage_healed":17,"gold_gain":0,"player_choice":"Healed and dodged fight","damage_taken":0,"max_hp_gain":0,"max_hp_loss":0,"event_name":"Mushrooms","floor":14,"gold_loss":0,"cards_obtained":["Parasite"]}],"is_beta":false,"boss_relics":[],"items_purged_floors":[],"is_endless":false,"potions_floor_spawned":[5,10,13],"killed_by":"Hexaghost","ascension_level":2}