{"gold_per_floor":[12,26,44,59,72,101,116,116,168,168,168,197,217,234,234,330,330,341,341,341,49,63,97,97,160,160,160,186,206,109,129,129,228,228,238,238,30,30,50,50,77,77,131,131,150,150,150,7,7,7],"floor_reached":51,"playtime":1786,"items_purged":[],"score":1084,"play_id":"8e054e2b-1dde-4e2d-ba10-3adb0d349667","local_time":"20190119234412","is_ascension_mode":true,"campfire_choices":[{"data":"Shrug It Off","floor":8,"key":"SMITH"},{"data":"Clothesline","floor":10,"key":"SMITH"},{"data":"Whirlwind","floor":15,"key":"SMITH"},{"data":"Limit Break","floor":24,"key":"SMITH"},{"data":"Shrug It Off","floor":27,"key":"SMITH"},{"data":"Pommel Strike","floor":32,"key":"SMITH"},{"data":"Perfected Strike","floor":40,"key":"SMITH"},{"data":"Hemokinesis","floor":42,"key":"SMITH"},{"data":"Defend_R","floor":49,"key":"SMITH"}],"neow_cost":"NO_GOLD","seed_source_timestamp":80120813382960,"circlet_count":0,"master_deck":["Strike_R","Strike_R","Strike_R","Strike_R","Strike_R","Defend_R","Defend_R+1","Defend_R+1","Defend_R+1","Bash","Hemokinesis+1","Shrug It Off+1","Perfected Strike+1","Clothesline+1","Parasite","Whirlwind+1","Limit Break+1","Pommel Strike+1","J.A.X.+1","Heavy Blade+1","Shrug It Off+1","Injury","Metallicize+1","Pummel","Impervious","Clumsy","Feel No Pain+1"],"relics":["Burning Blood","StoneCalendar","PreservedInsect","War Paint","Du-Vu Doll","Cursed Key","Pocketwatch","Ornamental Fan","Tiny Chest","Gremlin Horn","Bronze Scales","Black Star","TheAbacus","Smiling Mask","Lantern","Bag of Preparation","Bag of Marbles"],"potions_floor_usage":[3,4,6,23,28,33,33,33,33,33,33,41,45,50],"damage_taken":[{"damage":4,"enemies":"Small Slimes","floor":1,"turns":4},{"damage":12,"enemies":"Jaw Worm","floor":2,"turns":4},{"damage":0,"enemies":"2 Louse","floor":3,"turns":3},{"damage":0,"enemies":"Lots of Slimes","floor":4,"turns":2},{"damage":7,"enemies":"2 Fungi Beasts","floor":5,"turns":4},{"damage":12,"enemies":"3 Sentries","floor":6,"turns":7},{"damage":11,"enemies":"Looter","floor":7,"turns":2},{"damage":6,"enemies":"Gremlin Nob","floor":12,"turns":3},{"damage":13,"enemies":"Gremlin Gang","floor":13,"turns":4},{"damage":5,"enemies":"2 Fungi Beasts","floor":14,"turns":3},{"damage":3,"enemies":"Slime Boss","floor":16,"turns":7},{"damage":8,"enemies":"Chosen","floor":18,"turns":4},{"damage":13,"enemies":"Shell Parasite","floor":22,"turns":4},{"damage":0,"enemies":"Gremlin Leader","floor":23,"turns":3},{"damage":17,"enemies":"Book of Stabbing","floor":25,"turns":4},{"damage":3,"enemies":"Slavers","floor":28,"turns":3},{"damage":3,"enemies":"Centurion and Healer","floor":29,"turns":3},{"damage":3,"enemies":"Snake Plant","floor":31,"turns":2},{"damage":12,"enemies":"Collector","floor":33,"turns":4},{"damage":3,"enemies":"Orb Walker","floor":35,"turns":3},{"damage":12,"enemies":"3 Shapes","floor":39,"turns":3},{"damage":12,"enemies":"Reptomancer","floor":41,"turns":5},{"damage":0,"enemies":"Sphere and 2 Shapes","floor":45,"turns":3},{"damage":59,"enemies":"Time Eater","floor":50,"turns":6}],"seed_played":"7990392980570540580","potions_obtained":[{"floor":2,"key":"Fire Potion"},{"floor":3,"key":"Explosive Potion"},{"floor":5,"key":"AttackPotion"},{"floor":14,"key":"PowerPotion"},{"floor":25,"key":"Energy Potion"},{"floor":29,"key":"SteroidPotion"},{"floor":31,"key":"GamblersBrew"},{"floor":39,"key":"PowerPotion"},{"floor":44,"key":"SneckoOil"},{"floor":44,"key":"Block Potion"},{"floor":44,"key":"SteroidPotion"},{"floor":45,"key":"Ancient Potion"}],"is_trial":false,"path_per_floor":["M","M","M","M","M","E","M","R","T","R","?","E","M","M","R","B",null,"M","?","?","$","M","E","R","E","T","R","E","M","$","M","R","B",null,"M","?","$","?","M","R","E","R","T","?","M","?","?","$","R","B",null],"character_chosen":"IRONCLAD","items_purchased":["Pocketwatch","EntropicBrew","TheAbacus","Bag of Marbles"],"campfire_rested":0,"item_purchase_floors":[21,30,37,48],"current_hp_per_floor":[74,68,74,80,79,73,68,68,68,68,80,80,76,80,80,83,85,83,83,83,83,79,85,85,74,74,74,77,80,80,83,83,77,86,89,89,89,85,82,82,76,76,76,76,85,85,85,85,85,32],"gold":7,"neow_bonus":"ONE_RARE_RELIC","is_prod":false,"is_daily":false,"chose_seed":false,"campfire_upgraded":9,"win_rate":0,"timestamp":1547963052,"path_taken":["M","M","M","M","M","E","M","R","T","R","?","E","M","M","R","BOSS","M","?","?","$","M","E","R","E","T","R","E","M","$","?","R","BOSS","M","?","$","?","M","R","E","R","T","?","?","?","?","?","R","BOSS"],"build_version":"2019-01-17","purchased_purges":0,"victory":true,"max_hp_per_floor":[80,80,80,80,80,80,80,80,80,80,80,80,83,86,86,86,86,86,86,86,86,89,89,89,89,89,89,89,89,89,89,89,89,89,89,89,89,85,88,88,88,88,88,88,91,91,91,91,91,91],"card_choices":[{"not_picked":["Heavy Blade","Shockwave"],"picked":"Hemokinesis","floor":1},{"not_picked":["Power Through","Sword Boomerang"],"picked":"Shrug It Off","floor":2},{"not_picked":["Body Slam","Clash","Sword Boomerang"],"picked":"SKIP","floor":3},{"not_picked":["Clash","Wild Strike"],"picked":"Perfected Strike","floor":4},{"not_picked":["Pummel","Clash","Body Slam"],"picked":"SKIP","floor":5},{"not_picked":["Second Wind","Anger"],"picked":"Feed","floor":6},{"not_picked":["Carnage","Shrug It Off"],"picked":"Clothesline","floor":7},{"not_picked":["Reckless Charge","Anger","Entrench"],"picked":"SKIP","floor":12},{"not_picked":["Feel No Pain","Headbutt"],"picked":"Whirlwind","floor":13},{"not_picked":["Heavy Blade","Sentinel","Sever Soul"],"picked":"SKIP","floor":14},{"not_picked":["Dark Embrace","Feed"],"picked":"Limit Break","floor":16},{"not_picked":["Cleave","Thunderclap"],"picked":"Pommel Strike","floor":18},{"not_picked":["Seeing Red","Brutality"],"picked":"Heavy Blade+1","floor":22},{"not_picked":["Cleave","Headbutt+1","Pommel Strike"],"picked":"SKIP","floor":23},{"not_picked":["Flex","Combust"],"picked":"Shrug It Off","floor":25},{"not_picked":["Thunderclap","Cleave"],"picked":"Metallicize+1","floor":28},{"not_picked":["Wild Strike","Reckless Charge"],"picked":"Pummel","floor":29},{"not_picked":["Second Wind","Sentinel","Perfected Strike"],"picked":"SKIP","floor":31},{"not_picked":["Demon Form","Barricade"],"picked":"Impervious","floor":33},{"not_picked":["Carnage+1","Fire Breathing","Twin Strike"],"picked":"SKIP","floor":35},{"not_picked":["Cleave+1","Warcry+1","Thunderclap"],"picked":"SKIP","floor":39},{"not_picked":["Sword Boomerang+1","Clothesline","Carnage"],"picked":"SKIP","floor":41},{"not_picked":["Inflame+1","Havoc+1"],"picked":"Feel No Pain+1","floor":45}],"player_experience":614294,"relics_obtained":[{"floor":6,"key":"PreservedInsect"},{"floor":9,"key":"War Paint"},{"floor":12,"key":"Du-Vu Doll"},{"floor":23,"key":"Ornamental Fan"},{"floor":25,"key":"Tiny Chest"},{"floor":26,"key":"Gremlin Horn"},{"floor":28,"key":"Bronze Scales"},{"floor":41,"key":"Smiling Mask"},{"floor":41,"key":"Lantern"},{"floor":43,"key":"Bag of Preparation"}],"event_choices":[{"damage_healed":20,"gold_gain":0,"player_choice":"Healed and dodged fight","damage_taken":0,"max_hp_gain":0,"max_hp_loss":0,"event_name":"Mushrooms","floor":11,"gold_loss":0,"cards_obtained":["Parasite"]},{"damage_healed":0,"gold_gain":0,"player_choice":"Obtain J.A.X.","damage_taken":0,"max_hp_gain":0,"max_hp_loss":0,"event_name":"Drug Dealer","floor":19,"gold_loss":0,"cards_obtained":["J.A.X."]},{"damage_healed":0,"gold_gain":0,"player_choice":"Forge","damage_taken":0,"max_hp_gain":0,"max_hp_loss":0,"event_name":"Accursed Blacksmith","floor":20,"gold_loss":0,"cards_upgraded":["J.A.X."]},{"damage_healed":0,"gold_gain":0,"player_choice":"Ignored","damage_taken":0,"max_hp_gain":0,"max_hp_loss":0,"event_name":"Tomb of Lord Red Mask","floor":36,"gold_loss":0},{"damage_healed":0,"gold_gain":0,"player_choice":"Max HP","damage_taken":0,"max_hp_gain":0,"max_hp_loss":4,"event_name":"Winding Halls","floor":38,"gold_loss":0},{"damage_healed":0,"gold_gain":0,"player_choice":"Got Potions","damage_taken":0,"max_hp_gain":0,"max_hp_loss":0,"event_name":"Lab","floor":44,"gold_loss":0},{"damage_healed":0,"gold_gain":0,"player_choice":"Ignored","damage_taken":0,"max_hp_gain":0,"max_hp_loss":0,"event_name":"Mysterious Sphere","floor":46,"gold_loss":0},{"cards_removed":["Feed"],"damage_healed":0,"gold_gain":0,"player_choice":"Removed Attack","damage_taken":0,"max_hp_gain":0,"max_hp_loss":0,"event_name":"Falling","floor":47,"gold_loss":0}],"is_beta":true,"boss_relics":[{"not_picked":["Orrery","Pandora\u0027s Box"],"picked":"Cursed Key"},{"not_picked":["Philosopher\u0027s Stone","Fusion Hammer"],"picked":"Black Star"}],"items_purged_floors":[],"is_endless":false,"potions_floor_spawned":[2,3,5,14,25,29,31,39,45],"ascension_level":6}