{"gold_per_floor":[115,115,190,210,285,285,19,30,30,55,55,72,72,22,22,121,121,121,121,46,46,46,46,46,46,46,46,46,46,46,46,46,46],"floor_reached":33,"playtime":1885,"items_purged":["Strike_G"],"score":245,"play_id":"321bf74b-ddf6-4ea1-b605-b1cb8de2c495","local_time":"20190129115905","is_ascension_mode":false,"campfire_choices":[{"data":"Backflip","floor":6,"key":"SMITH"},{"data":"Metamorphosis","floor":11,"key":"SMITH"},{"data":"Blur","floor":13,"key":"SMITH"},{"data":"Survivor","floor":15,"key":"SMITH"},{"data":"Finisher","floor":23,"key":"SMITH"},{"data":"Dodge and Roll","floor":27,"key":"SMITH"},{"data":"Footwork","floor":32,"key":"SMITH"}],"neow_cost":"NONE","seed_source_timestamp":1535341961997976,"circlet_count":0,"master_deck":["Defend_G+1","Defend_G","Defend_G","Defend_G","Defend_G","Strike_G","Strike_G","Strike_G+1","Survivor+1","Neutralize","Backflip+1","Flying Knee","Underhanded Strike","Metamorphosis+1","Terror","Finisher+1","Blur+1","Bullet Time","Dodge and Roll+1","Footwork+1"],"relics":["Ring of the Snake","Boot","Bag of Preparation","Ectoplasm","The Courier"],"potions_floor_usage":[10,12,25],"damage_taken":[{"damage":0,"enemies":"Small Slimes","floor":1,"turns":4},{"damage":3,"enemies":"Jaw Worm","floor":4,"turns":5},{"damage":0,"enemies":"2 Louse","floor":8,"turns":2},{"damage":9,"enemies":"Lagavulin","floor":10,"turns":6},{"damage":0,"enemies":"2 Fungi Beasts","floor":12,"turns":2},{"damage":31,"enemies":"The Guardian","floor":16,"turns":10},{"damage":10,"enemies":"3 Byrds","floor":18,"turns":7},{"damage":16,"enemies":"Colosseum Slavers","floor":19,"turns":8},{"damage":0,"enemies":"Spheric Guardian","floor":22,"turns":3},{"damage":11,"enemies":"Snecko","floor":24,"turns":3},{"damage":44,"enemies":"Shelled Parasite and Fungi","floor":25,"turns":6},{"damage":1,"enemies":"3 Cultists","floor":29,"turns":5},{"damage":0,"enemies":"Snake Plant","floor":31,"turns":2},{"damage":4,"enemies":"Collector","floor":33,"turns":2}],"seed_played":"4926297588101471792","potions_obtained":[{"floor":1,"key":"EssenceOfSteel"},{"floor":10,"key":"Regen Potion"},{"floor":24,"key":"Regen Potion"},{"floor":25,"key":"Energy Potion"},{"floor":29,"key":"Block Potion"}],"is_trial":false,"path_per_floor":["M","?","?","M","?","R","$","M","T","E","R","M","R","?","R","B",null,"M","?","$","?","M","R","M","M","T","R","?","M","?","M","R","B"],"character_chosen":"THE_SILENT","items_purchased":["Metamorphosis","Terror"],"campfire_rested":0,"item_purchase_floors":[7,7],"current_hp_per_floor":[70,56,45,42,42,42,42,42,42,33,33,38,38,38,38,7,70,60,44,44,44,44,44,33,4,4,4,4,3,3,3,3,0],"gold":46,"neow_bonus":"THREE_CARDS","is_prod":false,"is_daily":false,"chose_seed":false,"campfire_upgraded":7,"win_rate":0.0,"timestamp":1548791945,"path_taken":["M","?","?","M","?","R","$","M","T","E","R","?","R","?","R","BOSS","M","?","$","?","M","R","M","M","T","R","?","M","?","M","R","BOSS"],"build_version":"2019-01-23","purchased_purges":1,"victory":false,"max_hp_per_floor":[70,70,70,70,70,70,70,70,70,70,70,70,70,70,70,70,70,70,70,70,70,70,70,70,70,70,70,70,70,70,70,70,70],"card_choices":[{"not_picked":["Outmaneuver","Slice"],"picked":"Backflip","floor":0},{"not_picked":["Predator","Dagger Spray"],"picked":"Flying Knee","floor":1},{"not_picked":["Slice","Bouncing Flask"],"picked":"Underhanded Strike","floor":4},{"not_picked":["Quick Slash","Underhanded Strike"],"picked":"Finisher","floor":8},{"not_picked":["Eviscerate","Underhanded Strike"],"picked":"Blur","floor":10},{"not_picked":["Eviscerate","Catalyst","Slice"],"picked":"SKIP","floor":12},{"not_picked":["Malaise","Die Die Die"],"picked":"Bullet Time","floor":16},{"not_picked":["Infinite Blades","Acrobatics+1","Dagger Spray+1"],"picked":"SKIP","floor":18},{"not_picked":["Setup","Flechettes","Blade Dance"],"picked":"SKIP","floor":22},{"not_picked":["Acrobatics","Flechettes","Tactician"],"picked":"SKIP","floor":24},{"not_picked":["Quick Slash","Glass Knife"],"picked":"Dodge and Roll","floor":25},{"not_picked":["Bane+1","Skewer"],"picked":"Footwork","floor":29},{"not_picked":["Quick Slash+1","Caltrops","Backflip"],"picked":"SKIP","floor":31}],"player_experience":168855,"relics_obtained":[{"floor":9,"key":"Boot"},{"floor":10,"key":"Bag of Preparation"},{"floor":26,"key":"The Courier"}],"event_choices":[{"damage_healed":0,"gold_gain":0,"player_choice":"Entered Light","damage_taken":14,"max_hp_gain":0,"max_hp_loss":0,"event_name":"Shining Light","floor":2,"gold_loss":0,"cards_upgraded":["Strike_G","Defend_G"]},{"damage_healed":0,"gold_gain":75,"player_choice":"Gather Gold","damage_taken":11,"max_hp_gain":0,"max_hp_loss":0,"event_name":"World of Goop","floor":3,"gold_loss":0},{"damage_healed":0,"gold_gain":75,"player_choice":"Gained Gold","damage_taken":0,"max_hp_gain":0,"max_hp_loss":0,"event_name":"Golden Wing","floor":5,"gold_loss":0},{"cards_removed":["Strike_G"],"damage_healed":0,"gold_gain":0,"player_choice":"Card Removal","damage_taken":0,"max_hp_gain":0,"max_hp_loss":0,"event_name":"The Cleric","floor":14,"gold_loss":50},{"damage_healed":0,"gold_gain":0,"player_choice":"Fight","damage_taken":0,"max_hp_gain":0,"max_hp_loss":0,"event_name":"Colosseum","floor":19,"gold_loss":0},{"damage_healed":0,"gold_gain":0,"player_choice":"Fled From Nobs","damage_taken":0,"max_hp_gain":0,"max_hp_loss":0,"event_name":"Colosseum","floor":19,"gold_loss":0},{"damage_healed":0,"gold_gain":0,"player_choice":"Ignored","damage_taken":0,"max_hp_gain":0,"max_hp_loss":0,"event_name":"Ghosts","floor":21,"gold_loss":0},{"damage_healed":0,"gold_gain":0,"player_choice":"Ignored","damage_taken":0,"max_hp_gain":0,"max_hp_loss":0,"event_name":"Cursed Tome","floor":28,"gold_loss":0},{"damage_healed":0,"gold_gain":0,"player_choice":"Ignored","damage_taken":0,"max_hp_gain":0,"max_hp_loss":0,"event_name":"Vampires","floor":30,"gold_loss":0}],"is_beta":false,"boss_relics":[{"not_picked":["Philosopher\u0027s Stone","Coffee Dripper"],"picked":"Ectoplasm"}],"items_purged_floors":[20],"is_endless":false,"potions_floor_spawned":[1,10,19,24,25,29],"killed_by":"Collector","ascension_level":0}