{"path_per_floor":["M","M","?","?","M","E","M","$","T","T","R","M","M","M","R","B",null,"M","$","M","?","M","R","?","R","T","M","M","M","M","?","R"],"character_chosen":"IRONCLAD","items_purchased":["Meat on the Bone","Armaments"],"gold_per_floor":[118,132,132,207,227,257,270,23,47,47,47,59,74,90,90,188,188,207,85,99,24,37,37,37,37,37,49,59,78,89,89,89,89],"floor_reached":33,"campfire_rested":1,"playtime":2859,"item_purchase_floors":[8,19],"current_hp_per_floor":[80,79,84,73,78,35,41,41,48,48,48,58,57,62,62,46,92,92,92,79,79,78,78,78,78,78,68,59,51,34,34,61,0],"items_purged":["Strike_R"],"gold":89,"score":253,"play_id":"c9df1b9f-1681-4a70-8513-a3f1674563fe","local_time":"20180623205345","is_prod":false,"is_daily":false,"chose_seed":false,"is_ascension_mode":false,"campfire_upgraded":4,"win_rate":0.0,"timestamp":1529805225,"campfire_choices":[{"data":"Demon Form","floor":11,"key":"SMITH"},{"data":"Whirlwind","floor":15,"key":"SMITH"},{"data":"Armaments","floor":23,"key":"SMITH"},{"data":"Cleave","floor":25,"key":"SMITH"},{"floor":32,"key":"REST"}],"path_taken":["M","M","?","?","M","E","?","$","T","?","R","M","M","M","R","BOSS","M","$","M","?","M","R","?","R","T","M","M","M","M","?","R","BOSS"],"build_version":"2018-06-21","seed_source_timestamp":372484567438301,"purchased_purges":1,"circlet_count":0,"victory":false,"master_deck":["Strike_R","Strike_R","Strike_R","Defend_R","Defend_R","Defend_R","Defend_R","Bash+1","Dropkick","Thunderclap","Whirlwind+1","Demon Form+1","Cleave+1","Thunderclap","Shrug It Off","Berserk","Seeing Red+1","Armaments+1","Armaments+1","Burning Pact+1","Normality","Burning Pact+1","Heavy Blade"],"max_hp_per_floor":[80,80,85,85,85,85,85,85,92,92,92,92,92,92,92,92,92,92,92,92,92,92,92,92,92,92,92,92,92,92,92,92,92],"relics":["Burning Blood","Pen Nib","Meat on the Bone","Strawberry","Shuriken","Velvet Choker","Bronze Scales","Centennial Puzzle"],"card_choices":[{"not_picked":["Anger","Heavy Blade"],"picked":"Dropkick","floor":1},{"not_picked":["Headbutt","Sword Boomerang"],"picked":"Thunderclap","floor":2},{"not_picked":["Blood for Blood","Carnage","Sword Boomerang"],"picked":"SKIP","floor":5},{"not_picked":["Entrench","Flame Barrier"],"picked":"Whirlwind","floor":6},{"not_picked":["Pummel","Clothesline"],"picked":"Demon Form","floor":7},{"not_picked":["Flex","Burning Pact"],"picked":"Cleave","floor":12},{"not_picked":["Clash","Whirlwind"],"picked":"Thunderclap","floor":13},{"not_picked":["Impervious","Seeing Red"],"picked":"Shrug It Off","floor":14},{"not_picked":["Reaper","Demon Form"],"picked":"Berserk","floor":16},{"not_picked":["Rupture+1","True Grit"],"picked":"Seeing Red+1","floor":18},{"not_picked":["Thunderclap+1","Iron Wave"],"picked":"Armaments+1","floor":20},{"not_picked":["Clash","Ghostly Armor+1"],"picked":"Burning Pact+1","floor":22},{"not_picked":["Hemokinesis","Sword Boomerang"],"picked":"Burning Pact+1","floor":27},{"not_picked":["Berserk","Fire Breathing","Blood for Blood"],"picked":"SKIP","floor":28},{"not_picked":["Flex","Warcry"],"picked":"Heavy Blade","floor":29},{"not_picked":["Flex","Headbutt","Corruption"],"picked":"SKIP","floor":30}],"player_experience":20122,"potions_floor_usage":[],"damage_taken":[{"damage":0,"enemies":"2 Louse","floor":1,"turns":2},{"damage":7,"enemies":"Small Slimes","floor":2,"turns":5},{"damage":1,"enemies":"Jaw Worm","floor":5,"turns":4},{"damage":49,"enemies":"Gremlin Nob","floor":6,"turns":6},{"damage":0,"enemies":"Exordium Wildlife","floor":7,"turns":3},{"damage":8,"enemies":"Exordium Thugs","floor":12,"turns":2},{"damage":7,"enemies":"2 Fungi Beasts","floor":13,"turns":2},{"damage":13,"enemies":"Exordium Wildlife","floor":14,"turns":3},{"damage":34,"enemies":"Hexaghost","floor":16,"turns":7},{"damage":0,"enemies":"Chosen","floor":18,"turns":3},{"damage":19,"enemies":"Shell Parasite","floor":20,"turns":3},{"damage":7,"enemies":"Snecko","floor":22,"turns":4},{"damage":16,"enemies":"Centurion and Healer","floor":27,"turns":3},{"damage":27,"enemies":"Snake Plant","floor":28,"turns":4},{"damage":26,"enemies":"Chosen and Byrds","floor":29,"turns":5},{"damage":35,"enemies":"Sentry and Sphere","floor":30,"turns":4},{"damage":67,"enemies":"Collector","floor":33,"turns":7}],"relics_obtained":[{"floor":6,"key":"Pen Nib"},{"floor":9,"key":"Strawberry"},{"floor":10,"key":"Shuriken"},{"floor":26,"key":"Centennial Puzzle"}],"event_choices":[{"event_name":"Big Fish","player_choice":"Donut","floor":3,"damage_taken":0},{"event_name":"World of Goop","player_choice":"Gather Gold","floor":4,"damage_taken":0},{"event_name":"Beggar","player_choice":"Gave Gold","floor":21,"damage_taken":0},{"event_name":"Accursed Blacksmith","player_choice":"Rummage","floor":24,"damage_taken":0},{"event_name":"The Mausoleum","player_choice":"No","floor":31,"damage_taken":0}],"boss_relics":[{"not_picked":["Orrery","Calling Bell"],"picked":"Velvet Choker"}],"items_purged_floors":[19],"is_endless":false,"potions_floor_spawned":[5,7,16,27,28,29,30],"seed_played":"6177239800558581937","killed_by":"Collector","ascension_level":0,"potions_obtained":[{"floor":5,"key":"GamblersBrew"},{"floor":7,"key":"Energy Potion"},{"floor":16,"key":"SkillPotion"},{"floor":27,"key":"AttackPotion"},{"floor":28,"key":"Block Potion"}],"is_trial":false}