{"gold_per_floor":[209,209,225,21,40,40,55,5,5,16,16,33,33,50,50,50],"floor_reached":16,"playtime":799,"items_purged":[],"score":94,"play_id":"6de8277a-13c0-4760-ac50-3fa918d91674","local_time":"20190123132443","is_ascension_mode":false,"campfire_choices":[{"data":"Acrobatics","floor":11,"key":"SMITH"},{"data":"Acrobatics","floor":13,"key":"SMITH"},{"floor":15,"key":"REST"}],"neow_cost":"NONE","seed_source_timestamp":1023124493381028,"circlet_count":0,"master_deck":["Defend_G","Defend_G","Defend_G","Defend_G","Defend_G","Strike_G","Strike_G","Strike_G","Survivor","Neutralize","Poisoned Stab","All Out Attack","Underhanded Strike","Acrobatics+1","Acrobatics+1","Underhanded Strike"],"relics":["Ring of the Snake","Membership Card","Ornamental Fan"],"potions_floor_usage":[16],"damage_taken":[{"damage":2,"enemies":"2 Louse","floor":1,"turns":3},{"damage":1,"enemies":"Cultist","floor":3,"turns":3},{"damage":0,"enemies":"Small Slimes","floor":5,"turns":2},{"damage":12,"enemies":"Exordium Thugs","floor":7,"turns":5},{"damage":0,"enemies":"Exordium Wildlife","floor":10,"turns":2},{"damage":7,"enemies":"Large Slime","floor":12,"turns":4},{"damage":9,"enemies":"Lots of Slimes","floor":14,"turns":3},{"damage":63,"enemies":"Hexaghost","floor":16,"turns":14}],"seed_played":"2183414579570569303","potions_obtained":[{"floor":10,"key":"Swift Potion"},{"floor":12,"key":"GhostInAJar"},{"floor":14,"key":"SteroidPotion"}],"is_trial":false,"path_per_floor":["M","?","M","$","M","?","M","?","T","M","R","M","R","M","R","B"],"character_chosen":"THE_SILENT","items_purchased":["Membership Card"],"campfire_rested":1,"item_purchase_floors":[4],"current_hp_per_floor":[68,68,67,67,67,67,55,55,55,55,55,48,48,39,60,0],"gold":50,"neow_bonus":"HUNDRED_GOLD","is_prod":false,"is_daily":false,"chose_seed":false,"campfire_upgraded":2,"win_rate":0.0,"timestamp":1548278683,"path_taken":["M","?","M","$","?","?","?","?","T","M","R","M","R","M","R","BOSS"],"build_version":"2019-01-23","purchased_purges":0,"victory":false,"max_hp_per_floor":[70,70,70,70,70,70,70,70,70,70,70,70,70,70,70,70],"card_choices":[{"not_picked":["Deadly Poison","Sucker Punch"],"picked":"Poisoned Stab","floor":1},{"not_picked":["Skewer","Prepared"],"picked":"All Out Attack","floor":3},{"not_picked":["A Thousand Cuts","Blade Dance"],"picked":"Underhanded Strike","floor":5},{"not_picked":["Deflect","Dagger Throw"],"picked":"Acrobatics","floor":7},{"not_picked":["Crippling Poison","Dagger Throw"],"picked":"Acrobatics","floor":10},{"not_picked":["Dagger Throw","Deadly Poison"],"picked":"Underhanded Strike","floor":12},{"not_picked":["Terror","Deadly Poison","Sucker Punch"],"picked":"SKIP","floor":14}],"player_experience":146662,"relics_obtained":[{"floor":9,"key":"Ornamental Fan"}],"event_choices":[{"cards_removed":["Strike_G"],"damage_healed":0,"gold_gain":0,"player_choice":"Card Removal","damage_taken":0,"max_hp_gain":0,"max_hp_loss":0,"event_name":"Wheel of Change","floor":2,"gold_loss":0},{"damage_healed":0,"gold_gain":0,"player_choice":"Ignored","damage_taken":0,"max_hp_gain":0,"max_hp_loss":0,"event_name":"Upgrade Shrine","floor":6,"gold_loss":0},{"cards_removed":["Strike_G"],"damage_healed":0,"gold_gain":0,"player_choice":"Card Removal","damage_taken":0,"max_hp_gain":0,"max_hp_loss":0,"event_name":"The Cleric","floor":8,"gold_loss":50}],"is_beta":false,"boss_relics":[],"items_purged_floors":[],"is_endless":false,"potions_floor_spawned":[10,12,14],"killed_by":"Hexaghost","ascension_level":0}