{"path_per_floor":["M","M","M","T","$","R","E","R","T","R","M","?","?","?","R","B",null,"M"],"character_chosen":"THE_SILENT","items_purchased":["Backflip","Blade Dance"],"gold_per_floor":[109,128,140,213,37,37,66,66,66,66,80,80,80,80,80,201,201,215,215],"floor_reached":19,"campfire_rested":3,"playtime":1313,"item_purchase_floors":[5,5],"current_hp_per_floor":[54,51,51,51,51,70,40,61,61,61,50,50,43,26,47,34,70,42,0],"items_purged":["Defend_G"],"gold":215,"score":198,"play_id":"0dce579d-ad95-48ad-abef-e71d8a1a4e4e","local_time":"20180622123341","is_prod":false,"is_daily":false,"chose_seed":false,"is_ascension_mode":true,"campfire_upgraded":1,"win_rate":0,"timestamp":1529685221,"campfire_choices":[{"floor":6,"key":"REST"},{"floor":8,"key":"REST"},{"data":"Blade Dance","floor":10,"key":"SMITH"},{"floor":15,"key":"REST"}],"path_taken":["M","M","M","?","$","R","E","R","T","R","M","?","?","?","R","BOSS","M","M"],"build_version":"2018-06-21","seed_source_timestamp":723193030748247,"purchased_purges":1,"circlet_count":0,"victory":false,"master_deck":["Defend_G","Defend_G","Defend_G","Strike_G","Strike_G","Survivor","Neutralize","Terror","Predator","Backflip","Backflip","Blade Dance+1","Footwork+1","Terror","Tools of the Trade+1","Cloak And Dagger"],"max_hp_per_floor":[70,70,70,70,70,70,70,70,70,70,70,70,70,70,70,70,70,70,70],"relics":["Empty Cage","Frozen Egg 2","Kunai","Paper Crane","Golden Idol","Runic Pyramid"],"card_choices":[{"not_picked":["Underhanded Strike","Quick Slash"],"picked":"Terror","floor":1},{"not_picked":["Prepared","Cloak And Dagger"],"picked":"Predator","floor":2},{"not_picked":["Outmaneuver","Prepared"],"picked":"Backflip","floor":3},{"not_picked":["Underhanded Strike","Quick Slash"],"picked":"Footwork+1","floor":7},{"not_picked":["Dagger Spray","Slice"],"picked":"Terror","floor":11},{"not_picked":["Corpse Explosion","Die Die Die"],"picked":"Tools of the Trade+1","floor":16},{"not_picked":["Dagger Spray+1","Dagger Throw"],"picked":"Cloak And Dagger","floor":18}],"player_experience":711119,"potions_floor_usage":[16,18],"damage_taken":[{"damage":16,"enemies":"Cultist","floor":1,"turns":6},{"damage":3,"enemies":"2 Louse","floor":2,"turns":4},{"damage":0,"enemies":"Small Slimes","floor":3,"turns":3},{"damage":30,"enemies":"3 Sentries","floor":7,"turns":10},{"damage":11,"enemies":"Looter","floor":11,"turns":3},{"damage":13,"enemies":"Hexaghost","floor":16,"turns":10},{"damage":28,"enemies":"2 Thieves","floor":18,"turns":4},{"damage":44,"enemies":"3 Byrds","floor":19,"turns":6}],"relics_obtained":[{"floor":4,"key":"Frozen Egg 2"},{"floor":7,"key":"Kunai"},{"floor":9,"key":"Paper Crane"}],"event_choices":[{"event_name":"Bonfire Elementals","player_choice":"BASIC","floor":12,"damage_taken":0},{"event_name":"Golden Wing","player_choice":"Card Removal","floor":13,"damage_taken":0},{"event_name":"Golden Idol","player_choice":"Take Damage","floor":14,"damage_taken":0}],"boss_relics":[{"not_picked":["Black Star","Snecko Eye"],"picked":"Runic Pyramid"}],"items_purged_floors":[5],"is_endless":false,"potions_floor_spawned":[1,3,16],"seed_played":"-8285126567784053151","killed_by":"3 Byrds","ascension_level":4,"potions_obtained":[{"floor":1,"key":"GhostInAJar"},{"floor":3,"key":"Swift Potion"},{"floor":16,"key":"Strength Potion"}],"is_trial":false}