{"gold_per_floor":[112,37,37,51,51,85,98,98,98,108,108,118,132,149,149,254,254,270,270,284,299,299],"floor_reached":22,"playtime":819,"items_purged":[],"score":219,"play_id":"12187b47-5c5b-46b5-b9e0-ba85ef6f127b","local_time":"20181025115912","is_ascension_mode":true,"campfire_choices":[{"floor":15,"key":"REST"}],"neow_cost":"NONE","seed_source_timestamp":420202890880867,"circlet_count":0,"master_deck":["Defend_G","Defend_G","Defend_G","Defend_G","Defend_G","Strike_G","Strike_G","Strike_G","Strike_G","Strike_G","Survivor","Neutralize","Skewer","Accuracy","Noxious Fumes","Choke","Footwork","Quick Slash","Cloak And Dagger","Flying Knee","Backstab","Burst","Noxious Fumes+1","Deadly Poison","Dodge and Roll+1"],"relics":["Ring of the Snake","Darkstone Periapt","Dodecahedron","Sozu"],"potions_floor_usage":[12,16,16,18],"damage_taken":[{"damage":0,"enemies":"Cultist","floor":1,"turns":4},{"damage":7,"enemies":"Small Slimes","floor":4,"turns":4},{"damage":38,"enemies":"Gremlin Nob","floor":6,"turns":5},{"damage":4,"enemies":"Jaw Worm","floor":7,"turns":4},{"damage":1,"enemies":"Looter","floor":10,"turns":5},{"damage":0,"enemies":"Lots of Slimes","floor":12,"turns":3},{"damage":0,"enemies":"3 Louse","floor":13,"turns":3},{"damage":0,"enemies":"2 Fungi Beasts","floor":14,"turns":5},{"damage":28,"enemies":"Hexaghost","floor":16,"turns":14},{"damage":0,"enemies":"Spheric Guardian","floor":18,"turns":3},{"damage":0,"enemies":"Shell Parasite","floor":20,"turns":5},{"damage":33,"enemies":"Snecko","floor":21,"turns":6},{"damage":42,"enemies":"Shelled Parasite and Fungi","floor":22,"turns":4}],"seed_played":"-5149822658622603651","potions_obtained":[{"floor":7,"key":"Dexterity Potion"},{"floor":10,"key":"Fire Potion"},{"floor":13,"key":"Ancient Potion"},{"floor":14,"key":"Poison Potion"},{"floor":16,"key":"AttackPotion"}],"is_trial":false,"path_per_floor":["M","$","?","M","?","E","M","?","T","M","?","M","M","M","R","B",null,"M","?","M","M"],"character_chosen":"THE_SILENT","items_purchased":["Noxious Fumes"],"campfire_rested":1,"item_purchase_floors":[2],"current_hp_per_floor":[70,70,70,63,63,25,21,21,21,20,20,20,20,20,41,13,70,70,70,70,37,0],"gold":299,"neow_bonus":"THREE_CARDS","is_prod":false,"is_daily":false,"chose_seed":false,"campfire_upgraded":0,"win_rate":0,"timestamp":1540486752,"path_taken":["M","$","?","M","?","E","M","?","T","M","?","M","M","?","R","BOSS","M","?","M","?","M"],"build_version":"2018-10-24","purchased_purges":0,"victory":false,"max_hp_per_floor":[70,70,70,70,70,70,70,70,70,70,70,70,70,70,70,70,70,70,70,70,70,70],"card_choices":[{"not_picked":["Dodge and Roll","Deflect"],"picked":"Skewer","floor":0},{"not_picked":["Underhanded Strike","PiercingWail"],"picked":"Accuracy","floor":1},{"not_picked":["Prepared","Deflect"],"picked":"Choke","floor":4},{"not_picked":["Dagger Spray","Well Laid Plans"],"picked":"Footwork","floor":6},{"not_picked":["Predator","Flechettes"],"picked":"Quick Slash","floor":7},{"not_picked":["Concentrate","Setup","Underhanded Strike"],"picked":"SKIP","floor":10},{"not_picked":["Dash","Prepared"],"picked":"Cloak And Dagger","floor":12},{"not_picked":["Eviscerate","Dagger Throw"],"picked":"Flying Knee","floor":13},{"not_picked":["Dagger Spray","Leg Sweep"],"picked":"Backstab","floor":14},{"not_picked":["Phantasmal Killer","Tools of the Trade"],"picked":"Burst","floor":16},{"not_picked":["Endless Agony","Underhanded Strike"],"picked":"Noxious Fumes+1","floor":18},{"not_picked":["Deadly Poison","Dash"],"picked":"Dodge and Roll+1","floor":20},{"not_picked":["Dagger Throw","PiercingWail+1","Dagger Spray"],"picked":"SKIP","floor":21}],"player_experience":468465,"relics_obtained":[{"floor":6,"key":"Darkstone Periapt"},{"floor":9,"key":"Dodecahedron"}],"event_choices":[{"damage_healed":0,"gold_gain":0,"player_choice":"Ignored","damage_taken":0,"max_hp_gain":0,"max_hp_loss":0,"event_name":"Liars Game","floor":3,"gold_loss":0},{"damage_healed":0,"gold_gain":0,"player_choice":"Ignored","damage_taken":0,"max_hp_gain":0,"max_hp_loss":0,"event_name":"Golden Idol","floor":5,"gold_loss":0},{"damage_healed":0,"gold_gain":0,"player_choice":"Fled","damage_taken":0,"max_hp_gain":0,"max_hp_loss":0,"event_name":"Scrap Ooze","floor":8,"gold_loss":0},{"damage_healed":0,"gold_gain":0,"player_choice":"Ignored","damage_taken":0,"max_hp_gain":0,"max_hp_loss":0,"event_name":"Shining Light","floor":11,"gold_loss":0},{"damage_healed":0,"gold_gain":0,"player_choice":"Read","damage_taken":0,"max_hp_gain":0,"max_hp_loss":0,"event_name":"The Library","floor":19,"gold_loss":0,"cards_obtained":["Deadly Poison"]}],"is_beta":true,"boss_relics":[{"not_picked":["Velvet Choker","Empty Cage"],"picked":"Sozu"}],"items_purged_floors":[],"is_endless":false,"potions_floor_spawned":[7,10,13,14,16,18,21],"killed_by":"Shelled Parasite and Fungi","ascension_level":3}