{"gold_per_floor":[112,124,55,68,82,82,100,129,129,129,129,144,144,162,162,286,286,311,335,239,260,210,210,210,228,228,228,228,249,263,282,282,401,401,417,542,542,184,199,199],"floor_reached":40,"playtime":3539,"items_purged":["Defend_B","Strike_B","Defend_B"],"score":417,"play_id":"4d257f27-f222-42e5-a627-4c56093d3616","local_time":"20190208205042","is_ascension_mode":false,"campfire_choices":[{"data":"Go for the Eyes","floor":6,"key":"SMITH"},{"data":"Dualcast","floor":13,"key":"SMITH"},{"data":"Loop","floor":15,"key":"SMITH"},{"floor":23,"key":"REST"},{"data":"Barrage","floor":28,"key":"SMITH"},{"data":"Chaos","floor":32,"key":"SMITH"}],"neow_cost":"NONE","seed_source_timestamp":16652993470972,"circlet_count":0,"master_deck":["Strike_B","Defend_B","Zap+1","Dualcast+1","Cold Snap","Glacier","Go for the Eyes+1","Loop+1","Self Repair","Ball Lightning","Barrage+1","Coolheaded+1","Thunder Strike","Go for the Eyes","Chaos+1","Echo Form","Hologram+1","Turbo"],"relics":["Cracked Core","Smiling Mask","Bottled Flame","Golden Idol","Inserter","Darkstone Periapt","Philosopher\u0027s Stone","Prayer Wheel","Torii"],"potions_floor_usage":[8,33,33],"damage_taken":[{"damage":2,"enemies":"2 Louse","floor":1,"turns":2},{"damage":6,"enemies":"Jaw Worm","floor":2,"turns":3},{"damage":0,"enemies":"Cultist","floor":4,"turns":4},{"damage":2,"enemies":"2 Fungi Beasts","floor":5,"turns":5},{"damage":5,"enemies":"3 Louse","floor":7,"turns":3},{"damage":0,"enemies":"3 Sentries","floor":8,"turns":12},{"damage":0,"enemies":"Large Slime","floor":12,"turns":7},{"damage":0,"enemies":"Blue Slaver","floor":14,"turns":3},{"damage":45,"enemies":"Slime Boss","floor":16,"turns":18},{"damage":23,"enemies":"2 Thieves","floor":18,"turns":5},{"damage":10,"enemies":"Chosen","floor":19,"turns":7},{"damage":27,"enemies":"3 Cultists","floor":21,"turns":5},{"damage":11,"enemies":"Cultist and Chosen","floor":25,"turns":8},{"damage":8,"enemies":"Centurion and Healer","floor":29,"turns":6},{"damage":8,"enemies":"Snake Plant","floor":30,"turns":4},{"damage":20,"enemies":"Shelled Parasite and Fungi","floor":31,"turns":6},{"damage":18,"enemies":"Collector","floor":33,"turns":10},{"damage":15,"enemies":"3 Shapes","floor":35,"turns":5},{"damage":19,"enemies":"Mind Bloom Boss Battle","floor":36,"turns":6},{"damage":34,"enemies":"3 Darklings","floor":39,"turns":6},{"damage":50,"enemies":"Nemesis","floor":40,"turns":12}],"seed_played":"3617326174597054789","potions_obtained":[{"floor":1,"key":"EssenceOfSteel"},{"floor":2,"key":"Block Potion"},{"floor":8,"key":"FocusPotion"},{"floor":14,"key":"FearPotion"},{"floor":16,"key":"EssenceOfSteel"},{"floor":31,"key":"PowerPotion"},{"floor":36,"key":"AttackPotion"}],"is_trial":false,"path_per_floor":["M","M","$","M","M","R","M","E","T","?","?","M","R","M","R","B",null,"M","M","$","M","$","R","?","M","T","?","R","M","M","M","R","B",null,"M","?","?","$","M","E"],"character_chosen":"DEFECT","items_purchased":["Glacier","Barrage","Torii"],"campfire_rested":1,"item_purchase_floors":[3,20,38],"current_hp_per_floor":[73,67,67,67,65,65,60,60,60,60,53,53,53,53,53,15,69,53,50,50,23,23,43,79,75,75,75,75,67,66,53,53,42,79,78,66,66,66,39,0],"gold":199,"neow_bonus":"UPGRADE_CARD","is_prod":false,"is_daily":false,"chose_seed":false,"campfire_upgraded":5,"win_rate":0.0,"timestamp":1549655442,"path_taken":["M","M","$","M","M","R","M","E","T","?","?","M","R","M","R","BOSS","M","M","$","M","$","R","?","?","T","?","R","M","M","M","R","BOSS","M","?","?","$","M","E"],"build_version":"2019-01-23","purchased_purges":3,"victory":false,"max_hp_per_floor":[75,75,75,75,75,75,75,75,75,69,69,69,69,69,69,69,69,69,69,69,69,69,69,79,79,79,79,79,79,79,79,79,79,79,79,79,79,79,79,79],"card_choices":[{"not_picked":["Steam Power","Leap","Skim"],"picked":"SKIP","floor":1},{"not_picked":["Defragment","Force Field"],"picked":"Cold Snap","floor":2},{"not_picked":["Coolheaded","Lockon","Leap"],"picked":"SKIP","floor":4},{"not_picked":["Gash","Conserve Battery"],"picked":"Go for the Eyes","floor":5},{"not_picked":["Skim","Cold Snap","Fusion"],"picked":"SKIP","floor":7},{"not_picked":["Stack","Skim"],"picked":"Loop","floor":8},{"not_picked":["Steam","Auto Shields","Hello World"],"picked":"SKIP","floor":12},{"not_picked":["Reprogram","Electrodynamics"],"picked":"Self Repair","floor":14},{"not_picked":["Reboot","Buffer"],"picked":"Thunder Strike","floor":16},{"not_picked":["Steam+1","Steam Power","Beam Cell"],"picked":"SKIP","floor":18},{"not_picked":["Stack","Hologram"],"picked":"Ball Lightning","floor":19},{"not_picked":["Conserve Battery","Hologram+1"],"picked":"Coolheaded+1","floor":21},{"not_picked":["Coolheaded+1","Go for the Eyes"],"picked":"Thunder Strike","floor":25},{"not_picked":["Gash","Cold Snap"],"picked":"Go for the Eyes","floor":29},{"not_picked":["Self Repair","Capacitor"],"picked":"Chaos","floor":30},{"not_picked":["Sweeping Beam","Rebound+1","Streamline+1"],"picked":"SKIP","floor":31},{"not_picked":["Buffer","Amplify"],"picked":"Echo Form","floor":33},{"not_picked":["Rebound+1","Hologram","Conserve Battery+1"],"picked":"SKIP","floor":35},{"not_picked":["Gash+1","Beam Cell"],"picked":"Hologram+1","floor":36},{"not_picked":["Beam Cell","Hologram+1"],"picked":"Turbo","floor":39},{"not_picked":["Steam","Beam Cell","Melter"],"picked":"SKIP","floor":39}],"player_experience":15060,"relics_obtained":[{"floor":8,"key":"Smiling Mask"},{"floor":9,"key":"Bottled Flame"},{"floor":26,"key":"Darkstone Periapt"},{"floor":36,"key":"Prayer Wheel"}],"event_choices":[{"damage_healed":0,"gold_gain":0,"player_choice":"Lose Max HP","damage_taken":0,"relics_obtained":["Golden Idol"],"max_hp_gain":0,"max_hp_loss":6,"event_name":"Golden Idol","floor":10,"gold_loss":0},{"cards_removed":["Strike_B"],"damage_healed":0,"gold_gain":0,"player_choice":"Card Removal","damage_taken":7,"max_hp_gain":0,"max_hp_loss":0,"event_name":"Golden Wing","floor":11,"gold_loss":0},{"cards_removed":["Thunder Strike"],"damage_healed":26,"gold_gain":0,"player_choice":"Offered Rare","damage_taken":0,"max_hp_gain":10,"max_hp_loss":0,"event_name":"Bonfire Elementals","floor":24,"gold_loss":0},{"cards_removed":["Defend_B"],"damage_healed":0,"gold_gain":0,"player_choice":"Elegance","damage_taken":0,"max_hp_gain":0,"max_hp_loss":0,"event_name":"Back to Basics","floor":27,"gold_loss":0},{"damage_healed":0,"gold_gain":0,"player_choice":"Fight","damage_taken":0,"max_hp_gain":0,"max_hp_loss":0,"event_name":"MindBloom","floor":36,"gold_loss":0},{"cards_removed":["Strike_B"],"damage_healed":0,"gold_gain":0,"player_choice":"Removed Attack","damage_taken":0,"max_hp_gain":0,"max_hp_loss":0,"event_name":"Falling","floor":37,"gold_loss":0}],"is_beta":false,"boss_relics":[{"not_picked":["Black Star","Coffee Dripper"],"picked":"Inserter"},{"not_picked":["Cursed Key","FrozenCore"],"picked":"Philosopher\u0027s Stone"}],"items_purged_floors":[20,22,38],"is_endless":false,"potions_floor_spawned":[1,2,8,14,16,19,29,31,36],"killed_by":"Nemesis","ascension_level":0}