{"gold_per_floor":[117,42,57,67,13,43,43,62,62,92,167,187,167,186,186,284,284,302,68,87,98,117,117,127,127,127,140,158,177,177,191,191,191],"floor_reached":33,"playtime":1542,"items_purged":["Strike_R","Strike_R"],"score":265,"play_id":"ce46e39a-260a-476a-bc4f-553f93b4cfe0","local_time":"20190107162742","is_ascension_mode":false,"campfire_choices":[{"data":"True Grit","floor":7,"key":"SMITH"},{"floor":15,"key":"REST"},{"floor":23,"key":"REST"},{"data":"Limit Break","floor":25,"key":"SMITH"},{"floor":32,"key":"REST"}],"neow_cost":"NONE","seed_source_timestamp":293000600147186,"circlet_count":0,"master_deck":["Strike_R","Strike_R+1","Strike_R","Defend_R","Defend_R","Defend_R","Defend_R","Bash","True Grit+1","Spot Weakness","Headbutt","Cleave+1","Rage","Evolve","Thunderclap","Ghostly Armor","Limit Break+1","Uppercut+1","Feel No Pain","Thunderclap","Disarm","Whirlwind","Shrug It Off","Pummel","Shrug It Off","Shrug It Off+1"],"relics":["Burning Blood","NeowsBlessing","Whetstone","Orichalcum","Mummified Hand","Mark of Pain"],"potions_floor_usage":[10,14,16,20,31,33,33],"damage_taken":[{"damage":0,"enemies":"Cultist","floor":1,"turns":1},{"damage":1,"enemies":"2 Louse","floor":3,"turns":2},{"damage":0,"enemies":"Jaw Worm","floor":4,"turns":1},{"damage":30,"enemies":"Gremlin Nob","floor":6,"turns":4},{"damage":5,"enemies":"3 Louse","floor":8,"turns":3},{"damage":45,"enemies":"Lagavulin","floor":10,"turns":7},{"damage":5,"enemies":"2 Fungi Beasts","floor":12,"turns":4},{"damage":6,"enemies":"Blue Slaver","floor":14,"turns":4},{"damage":35,"enemies":"Slime Boss","floor":16,"turns":12},{"damage":3,"enemies":"Shell Parasite","floor":18,"turns":4},{"damage":21,"enemies":"2 Thieves","floor":20,"turns":4},{"damage":17,"enemies":"Centurion and Healer","floor":21,"turns":6},{"damage":20,"enemies":"Shelled Parasite and Fungi","floor":22,"turns":6},{"damage":9,"enemies":"Snake Plant","floor":24,"turns":3},{"damage":15,"enemies":"Snecko","floor":27,"turns":6},{"damage":20,"enemies":"3 Cultists","floor":28,"turns":4},{"damage":21,"enemies":"Snake Plant","floor":29,"turns":3},{"damage":8,"enemies":"Centurion and Healer","floor":31,"turns":6},{"damage":45,"enemies":"Automaton","floor":33,"turns":8}],"seed_played":"-8903907790258598545","potions_obtained":[{"floor":4,"key":"Regen Potion"},{"floor":8,"key":"GamblersBrew"},{"floor":12,"key":"Block Potion"},{"floor":13,"key":"EssenceOfSteel"},{"floor":16,"key":"SpeedPotion"},{"floor":20,"key":"FearPotion"},{"floor":22,"key":"Block Potion"},{"floor":29,"key":"Block Potion"},{"floor":31,"key":"Block Potion"}],"is_trial":false,"path_per_floor":["M","$","M","M","$","E","R","M","T","E","?","M","?","M","R","B",null,"M","$","M","M","M","R","M","R","T","M","M","M","?","M","R","B"],"character_chosen":"IRONCLAD","items_purchased":["Cleave","Feel No Pain","Thunderclap"],"campfire_rested":3,"item_purchase_floors":[5,19,19],"current_hp_per_floor":[80,80,80,80,80,56,56,57,57,23,12,13,13,13,37,8,80,80,80,65,54,40,64,61,61,61,52,38,23,23,21,45,0],"gold":191,"neow_bonus":"THREE_ENEMY_KILL","is_prod":false,"is_daily":false,"chose_seed":false,"campfire_upgraded":2,"win_rate":0,"timestamp":1546896462,"path_taken":["M","?","M","M","$","E","R","M","T","E","?","M","?","?","R","BOSS","M","$","M","M","M","R","M","R","T","M","?","M","?","M","R","BOSS"],"build_version":"2019-01-03v4","purchased_purges":2,"victory":false,"max_hp_per_floor":[80,80,80,80,80,80,80,80,80,80,80,80,80,80,80,80,80,80,80,80,80,80,80,80,80,80,80,80,80,80,80,80,80],"card_choices":[{"not_picked":["Iron Wave","Warcry"],"picked":"True Grit","floor":1},{"not_picked":["Headbutt","Cleave"],"picked":"Spot Weakness","floor":3},{"not_picked":["Sever Soul","Disarm"],"picked":"Headbutt","floor":4},{"not_picked":["Fire Breathing","Blood for Blood"],"picked":"Rage","floor":6},{"not_picked":["Hemokinesis","Clash"],"picked":"Evolve","floor":8},{"not_picked":["Twin Strike","Clothesline"],"picked":"Thunderclap","floor":10},{"not_picked":["Carnage","Thunderclap","Clothesline"],"picked":"SKIP","floor":12},{"not_picked":["Infernal Blade","Clash"],"picked":"Ghostly Armor","floor":14},{"not_picked":["Immolate","Offering"],"picked":"Limit Break","floor":16},{"not_picked":["Corruption","Flex"],"picked":"Uppercut+1","floor":18},{"not_picked":["Clothesline","Pommel Strike+1"],"picked":"Disarm","floor":20},{"not_picked":["Clash","Entrench"],"picked":"Whirlwind","floor":21},{"not_picked":["Seeing Red","Warcry+1","Perfected Strike"],"picked":"SKIP","floor":22},{"not_picked":["Wild Strike","Clash"],"picked":"Shrug It Off","floor":24},{"not_picked":["Battle Trance","Twin Strike+1"],"picked":"Pummel","floor":27},{"not_picked":["Clash","Anger"],"picked":"Shrug It Off","floor":28},{"not_picked":["Clash","Carnage","Whirlwind"],"picked":"SKIP","floor":29},{"not_picked":["Battle Trance+1","Intimidate"],"picked":"Shrug It Off+1","floor":31}],"player_experience":2044125,"relics_obtained":[{"floor":6,"key":"Whetstone"},{"floor":9,"key":"Orichalcum"},{"floor":10,"key":"Mummified Hand"}],"event_choices":[{"damage_healed":0,"gold_gain":75,"player_choice":"Gather Gold","damage_taken":11,"max_hp_gain":0,"max_hp_loss":0,"event_name":"World of Goop","floor":11,"gold_loss":0},{"damage_healed":0,"gold_gain":0,"player_choice":"Bought 1 Potion","damage_taken":0,"max_hp_gain":0,"max_hp_loss":0,"event_name":"The Woman in Blue","floor":13,"gold_loss":0},{"damage_healed":0,"gold_gain":0,"player_choice":"Ignored","damage_taken":0,"max_hp_gain":0,"max_hp_loss":0,"event_name":"Cursed Tome","floor":30,"gold_loss":0}],"is_beta":false,"boss_relics":[{"not_picked":["Fusion Hammer","Busted Crown"],"picked":"Mark of Pain"}],"items_purged_floors":[2,19],"is_endless":false,"potions_floor_spawned":[4,8,12,16,20,22,27,29,31],"killed_by":"Automaton","ascension_level":0}