{"gold_per_floor":[118,134,134,84,84,110,35,35,58,58,73,73,88,88,88,88],"floor_reached":16,"playtime":317,"items_purged":["Strike_R"],"score":98,"play_id":"855c3b40-fa3f-4af4-912f-38a8b80c3001","local_time":"20181105145945","is_ascension_mode":false,"campfire_choices":[{"floor":8,"key":"REST"},{"data":"Dropkick","floor":10,"key":"SMITH"},{"data":"Thunderclap","floor":12,"key":"SMITH"},{"data":"Dual Wield","floor":15,"key":"SMITH"}],"neow_cost":"NONE","seed_source_timestamp":822354658562560,"circlet_count":0,"master_deck":["Strike_R","Strike_R","Strike_R","Strike_R","Defend_R","Defend_R","Bash","Thunderclap+1","Dropkick+1","Thunderclap","Doubt","Dual Wield+1"],"relics":["Cursed Key","Bag of Marbles","Dream Catcher","Potion Belt"],"potions_floor_usage":[16],"damage_taken":[{"damage":2,"enemies":"2 Louse","floor":1,"turns":2},{"damage":6,"enemies":"Jaw Worm","floor":2,"turns":3},{"damage":39,"enemies":"3 Sentries","floor":6,"turns":7},{"damage":0,"enemies":"Small Slimes","floor":11,"turns":2},{"damage":13,"enemies":"Red Slaver","floor":13,"turns":2},{"damage":15,"enemies":"The Guardian","floor":16,"turns":4}],"seed_played":"2015301690303704294","potions_obtained":[{"floor":1,"key":"Energy Potion"},{"floor":6,"key":"Poison Potion"}],"is_trial":false,"path_per_floor":["M","M","?","?","?","E","$","R","T","R","M","R","M","?","R","B"],"character_chosen":"IRONCLAD","items_purchased":[],"campfire_rested":1,"item_purchase_floors":[],"current_hp_per_floor":[78,72,54,54,47,8,8,32,32,32,32,32,19,19,19,4],"gold":88,"neow_bonus":"BOSS_RELIC","is_prod":false,"is_daily":false,"chose_seed":false,"campfire_upgraded":3,"win_rate":0,"timestamp":1541451585,"path_taken":["M","M","?","?","?","E","$","R","T","R","M","R","M","?","R","BOSS"],"build_version":"2018-11-02","purchased_purges":1,"victory":false,"max_hp_per_floor":[80,80,80,80,80,80,80,80,80,80,80,80,80,80,80,80],"card_choices":[{"not_picked":["Sever Soul","Cleave","Clash"],"picked":"SKIP","floor":1},{"not_picked":["Heavy Blade","Blood for Blood"],"picked":"Thunderclap","floor":2},{"not_picked":["Reaper","Anger"],"picked":"Dropkick","floor":6},{"not_picked":["Shrug It Off","Inflame"],"picked":"Thunderclap","floor":8},{"not_picked":["Havoc","Twin Strike","Perfected Strike"],"picked":"SKIP","floor":11},{"not_picked":["Carnage","Pommel Strike"],"picked":"Dual Wield","floor":13}],"player_experience":742153,"relics_obtained":[{"floor":6,"key":"Dream Catcher"},{"floor":9,"key":"Potion Belt"}],"event_choices":[{"damage_healed":0,"gold_gain":0,"player_choice":"Success","damage_taken":18,"relics_obtained":["Bag of Marbles"],"max_hp_gain":0,"max_hp_loss":0,"event_name":"Scrap Ooze","floor":3,"gold_loss":0},{"cards_removed":["Defend_R"],"damage_healed":0,"gold_gain":0,"player_choice":"Card Removal","damage_taken":0,"max_hp_gain":0,"max_hp_loss":0,"event_name":"The Cleric","floor":4,"gold_loss":50},{"cards_removed":["Defend_R"],"damage_healed":0,"gold_gain":0,"player_choice":"Card Removal","damage_taken":7,"max_hp_gain":0,"max_hp_loss":0,"event_name":"Golden Wing","floor":5,"gold_loss":0},{"damage_healed":0,"gold_gain":0,"player_choice":"0 cards matched","damage_taken":0,"max_hp_gain":0,"max_hp_loss":0,"event_name":"Match and Keep!","floor":14,"gold_loss":0,"cards_obtained":[]}],"is_beta":true,"boss_relics":[],"items_purged_floors":[7],"is_endless":false,"potions_floor_spawned":[1,6],"killed_by":"The Guardian","ascension_level":0}