{"gold_per_floor":[109,23,98,98,112,146,159,159,186,203,3,3,28,28,28,102,102,122,122,43,61,72,72,133,133,158,177,189,7,7],"floor_reached":30,"playtime":1261,"items_purged":["Strike_B"],"score":538,"play_id":"2d8957cd-e63b-4e99-842d-ddf8fe4aac13","local_time":"20181221142906","is_ascension_mode":true,"campfire_choices":[{"data":"Storm","floor":8.0,"key":"SMITH"},{"data":"Zap","floor":15,"key":"SMITH"},{"floor":23,"key":"REST"},{"floor":25,"key":"RECALL"}],"neow_cost":"NONE","seed_source_timestamp":0,"circlet_count":0,"master_deck":["AscendersBane","Strike_B","Strike_B","Defend_B","Defend_B","Defend_B","Defend_B","Zap+1","Dualcast","Loop","BootSequence","Self Repair","Storm+1","Cold Snap","Biased Cognition","Mayhem","Lockon","Electrodynamics","Self Repair","Static Discharge","Leap","White Noise","Genetic Algorithm","Static Discharge","Self Repair","Defragment","Steam","Storm+1","Amplify","Capacitor","Stack"],"special_seed":0,"relics":["Cracked Core","NeowsBlessing","Oddly Smooth Stone","Art of War","Lantern","Orrery","Tiny Chest","PreservedInsect"],"potions_floor_usage":[13,16,22,24,24,28],"damage_taken":[{"damage":0.0,"enemies":"Cultist","floor":1.0,"turns":1.0},{"damage":0.0,"enemies":"Small Slimes","floor":5.0,"turns":1.0},{"damage":0.0,"enemies":"3 Sentries","floor":6.0,"turns":1.0},{"damage":0.0,"enemies":"2 Louse","floor":7.0,"turns":2.0},{"damage":17.0,"enemies":"Lots of Slimes","floor":10.0,"turns":4.0},{"damage":41,"enemies":"Gremlin Nob","floor":13,"turns":4},{"damage":14,"enemies":"Hexaghost","floor":16,"turns":10},{"damage":41,"enemies":"Chosen","floor":18,"turns":5},{"damage":10,"enemies":"Spheric Guardian","floor":21,"turns":4},{"damage":16,"enemies":"Snake Plant","floor":22,"turns":3},{"damage":22,"enemies":"Gremlin Leader","floor":24,"turns":5},{"damage":42,"enemies":"Sentry and Sphere","floor":27,"turns":6},{"damage":14,"enemies":"Chosen and Byrds","floor":28,"turns":4},{"damage":31,"enemies":"Book of Stabbing","floor":30,"turns":2}],"seed_played":"5975221704844695442","potions_obtained":[{"floor":5.0,"key":"Dexterity Potion"},{"floor":6.0,"key":"Explosive Potion"},{"floor":10,"key":"Poison Potion"},{"floor":13,"key":"SpeedPotion"},{"floor":16,"key":"Dexterity Potion"},{"floor":22,"key":"Swift Potion"},{"floor":27,"key":"AttackPotion"}],"is_trial":false,"path_per_floor":["M","$","?","?","M","E","M","R","T","M","M","$","$","E","?","R","B",null,"M","?","$","M","M","R","E","R","T","M","M","$","E"],"character_chosen":"DEFECT","items_purchased":["BootSequence","Mayhem","Self Repair","Capacitor","Stack"],"campfire_rested":1,"item_purchase_floors":[2,11,20,29,29],"current_hp_per_floor":[64,64,53,53,53,53,60,60,60,50,50,50,16,39,39,32,61,27,23,23,27,25,46,45,45,45,24,31,31,0],"gold":7,"neow_bonus":"THREE_ENEMY_KILL","is_prod":false,"is_daily":false,"chose_seed":false,"campfire_upgraded":2,"win_rate":0,"timestamp":1545420546,"path_taken":["M","?","?","?","?","E","M","R","T","M","?","$","E","?","R","BOSS","M","?","$","M","M","R","E","R","T","M","?","$","E"],"build_version":"2018-12-20","purchased_purges":1,"victory":false,"max_hp_per_floor":[71,71,71,71,71,71,71,71,71,71,71,71,71,71,71,71,71,71,71,71,71,71,71,71,71,71,71,71,71,71],"card_choices":[{"not_picked":["Rebound","Hologram"],"picked":"Loop","floor":1.0},{"not_picked":["Auto Shields","Beam Cell"],"picked":"Self Repair","floor":5.0},{"not_picked":["Rip and Tear","Genetic Algorithm"],"picked":"Storm","floor":6.0},{"not_picked":["Gash","Rebound"],"picked":"Cold Snap","floor":7.0},{"not_picked":["Blizzard","Barrage"],"picked":"Biased Cognition","floor":10},{"not_picked":["Gash","Reprogram"],"picked":"Lockon","floor":13},{"not_picked":["Seek","Thunder Strike"],"picked":"Electrodynamics","floor":16},{"not_picked":["Hologram","Leap"],"picked":"Self Repair","floor":17},{"not_picked":["FTL","Go for the Eyes"],"picked":"Static Discharge","floor":17},{"not_picked":["Streamline","Stack"],"picked":"Leap","floor":17},{"not_picked":["Gash","Coolheaded"],"picked":"White Noise","floor":17},{"not_picked":["Sweeping Beam","Beam Cell"],"picked":"Genetic Algorithm","floor":17},{"not_picked":["Redo+1","Hologram"],"picked":"Static Discharge","floor":18},{"not_picked":["Reboot","Genetic Algorithm"],"picked":"Defragment","floor":21},{"not_picked":["Ball Lightning","Stack"],"picked":"Steam","floor":22},{"not_picked":["Cold Snap","Turbo","Beam Cell"],"picked":"SKIP","floor":24},{"not_picked":["Hologram","Redo"],"picked":"Storm+1","floor":27},{"not_picked":["Coolheaded","Steam"],"picked":"Amplify","floor":28}],"player_experience":1926032,"relics_obtained":[{"floor":6.0,"key":"Oddly Smooth Stone"},{"floor":9.0,"key":"Art of War"},{"floor":13,"key":"Lantern"},{"floor":24,"key":"Tiny Chest"},{"floor":26,"key":"PreservedInsect"}],"event_choices":[{"damage_healed":0.0,"max_hp_gain":0.0,"max_hp_loss":0.0,"gold_gain":75.0,"event_name":"World of Goop","player_choice":"Gather Gold","floor":3.0,"gold_loss":0.0,"damage_taken":11.0},{"cards_removed":["Strike_B"],"damage_healed":0.0,"max_hp_gain":0.0,"max_hp_loss":0.0,"gold_gain":0.0,"event_name":"Wheel of Change","player_choice":"Card Removal","floor":4.0,"gold_loss":0.0,"damage_taken":0.0},{"damage_healed":23,"gold_gain":0,"player_choice":"Banana","damage_taken":0,"max_hp_gain":0,"max_hp_loss":0,"event_name":"Big Fish","floor":14,"gold_loss":0},{"damage_healed":0,"gold_gain":0,"player_choice":"Bought 0 Potions","damage_taken":0,"max_hp_gain":0,"max_hp_loss":0,"event_name":"The Woman in Blue","floor":19,"gold_loss":0}],"is_beta":false,"boss_relics":[{"not_picked":["FrozenCore","Tiny House"],"picked":"Orrery"}],"items_purged_floors":[29],"is_endless":false,"potions_floor_spawned":[5,6,10,13,16,22,27],"killed_by":"Book of Stabbing","ascension_level":18}