{"gold_per_floor":[119,119,119,131,131,131,146,146,146,157,157,172,172,185,185,282,282,299,129,129,145,160,160,174,174,197,97,97,110,110,126,126,223,223,235,252,265,265],"floor_reached":38,"playtime":1428,"items_purged":["Strike_B","Strike_B"],"score":465,"play_id":"7f1302a6-91a6-4f60-952b-1258b59db788","local_time":"20181231133458","is_ascension_mode":true,"campfire_choices":[{"data":"Dualcast","floor":6.0,"key":"SMITH"},{"data":"Conserve Battery","floor":8.0,"key":"SMITH"},{"data":"Barrage","floor":11.0,"key":"SMITH"},{"data":"Ball Lightning","floor":13.0,"key":"SMITH"},{"data":"Consume","floor":15.0,"key":"SMITH"},{"data":"Redo","floor":23,"key":"SMITH"},{"floor":25,"key":"REST"},{"floor":28,"key":"REST"},{"floor":32,"key":"REST"}],"neow_cost":"NONE","seed_source_timestamp":477436274349334,"circlet_count":0,"master_deck":["Defend_B","Defend_B","Defend_B","Zap+1","Dualcast+1","Ball Lightning+1","Consume+1","Conserve Battery+1","Barrage+1","Leap","Multi-Cast","Redo+1","Bandage Up","Hello World","Self Repair","Sweeping Beam+1","Redo+1","Electrodynamics","Hologram+1","Steam+1"],"special_seed":0,"relics":["Cracked Core","Dead Branch","Dodecahedron","Nuclear Battery","Lantern","Velvet Choker"],"potions_floor_usage":[16,30,33,33],"damage_taken":[{"damage":7.0,"enemies":"Jaw Worm","floor":1.0,"turns":3.0},{"damage":4.0,"enemies":"2 Louse","floor":4.0,"turns":2.0},{"damage":7.0,"enemies":"Small Slimes","floor":7.0,"turns":2.0},{"damage":2.0,"enemies":"Exordium Wildlife","floor":10.0,"turns":3.0},{"damage":3.0,"enemies":"Blue Slaver","floor":12.0,"turns":3.0},{"damage":0.0,"enemies":"Looter","floor":14.0,"turns":2.0},{"damage":10,"enemies":"Hexaghost","floor":16,"turns":8},{"damage":12,"enemies":"Spheric Guardian","floor":18,"turns":4},{"damage":21,"enemies":"2 Thieves","floor":21,"turns":4},{"damage":26,"enemies":"Centurion and Healer","floor":22,"turns":10},{"damage":34,"enemies":"Snake Plant","floor":24,"turns":4},{"damage":14,"enemies":"Cultist and Chosen","floor":29,"turns":5},{"damage":0,"enemies":"Chosen and Byrds","floor":30,"turns":1},{"damage":28,"enemies":"Snake Plant","floor":31,"turns":4},{"damage":62,"enemies":"Automaton","floor":33,"turns":8},{"damage":2,"enemies":"3 Shapes","floor":35,"turns":3},{"damage":20,"enemies":"Orb Walker","floor":36,"turns":3},{"damage":30,"enemies":"Sphere and 2 Shapes","floor":37,"turns":5},{"damage":30,"enemies":"Spire Growth","floor":38,"turns":3}],"seed_played":"-2413476891588467171","potions_obtained":[{"floor":12.0,"key":"Strength Potion"},{"floor":14.0,"key":"SneckoOil"},{"floor":16,"key":"SneckoOil"},{"floor":21,"key":"SmokeBomb"},{"floor":22,"key":"SpeedPotion"},{"floor":24,"key":"EssenceOfSteel"}],"is_trial":false,"path_per_floor":["M","?","?","M","T","R","M","R","T","M","R","M","R","M","R","B",null,"M","$","?","M","M","R","M","R","T","$","R","M","M","M","R","B",null,"M","M","M","M"],"character_chosen":"DEFECT","items_purchased":["Bandage Up"],"campfire_rested":3,"item_purchase_floors":[19],"current_hp_per_floor":[68,73,66,62,62,62,55,55,55,53,53,50,50,50,50,40,70,58,58,58,48,33,33,10,34,34,34,58,55,55,38,62,11,63,65,45,26,0],"gold":265,"neow_bonus":"UPGRADE_CARD","is_prod":false,"is_daily":false,"chose_seed":false,"campfire_upgraded":6,"win_rate":0,"timestamp":1546230898,"path_taken":["M","?","?","M","?","R","?","R","T","M","R","M","R","M","R","BOSS","M","$","?","M","M","R","M","R","T","$","R","M","M","M","R","BOSS","M","M","M","M"],"build_version":"2018-12-20","purchased_purges":2,"victory":false,"max_hp_per_floor":[75,80,80,80,80,80,80,80,80,80,80,80,80,80,80,80,80,80,80,80,80,80,80,80,80,80,80,80,80,80,80,80,80,80,80,80,80,80],"card_choices":[{"not_picked":["Turbo","Barrage"],"picked":"Ball Lightning","floor":1.0},{"not_picked":["Barrage","Conserve Battery"],"picked":"Consume","floor":4.0},{"not_picked":["Genetic Algorithm","Redo"],"picked":"Conserve Battery","floor":7.0},{"not_picked":["Compile Driver","Redo"],"picked":"Barrage","floor":10.0},{"not_picked":["Beam Cell","Consume","Genetic Algorithm"],"picked":"SKIP","floor":12.0},{"not_picked":["FTL","All For One"],"picked":"Leap","floor":14.0},{"not_picked":["Fission","Biased Cognition"],"picked":"Multi-Cast","floor":16},{"not_picked":["Steam","Fusion"],"picked":"Redo","floor":18},{"not_picked":["Scrape+1","Reprogram"],"picked":"Sweeping Beam+1","floor":21},{"not_picked":["Turbo+1","Beam Cell","Leap"],"picked":"SKIP","floor":22},{"not_picked":["Gash","Double Energy"],"picked":"Redo+1","floor":24},{"not_picked":["Turbo","Conserve Battery","Sunder"],"picked":"SKIP","floor":29},{"not_picked":["Beam Cell","Steam Power+1","Compile Driver"],"picked":"SKIP","floor":31},{"not_picked":["Biased Cognition","Seek"],"picked":"Electrodynamics","floor":33},{"not_picked":["Static Discharge+1","Doom and Gloom+1"],"picked":"Hologram+1","floor":35},{"not_picked":["Redo","Lockon"],"picked":"Steam+1","floor":36},{"not_picked":["Chaos","Steam+1","Compile Driver+1"],"picked":"SKIP","floor":37}],"player_experience":287831,"relics_obtained":[{"floor":5.0,"key":"Dead Branch"},{"floor":9.0,"key":"Dodecahedron"},{"floor":26,"key":"Lantern"}],"event_choices":[{"damage_healed":0.0,"max_hp_gain":5.0,"max_hp_loss":0.0,"gold_gain":0.0,"event_name":"Big Fish","player_choice":"Donut","floor":2.0,"gold_loss":0.0,"damage_taken":0.0},{"cards_removed":["Strike_B"],"damage_healed":0.0,"max_hp_gain":0.0,"max_hp_loss":0.0,"gold_gain":0.0,"event_name":"Golden Wing","player_choice":"Card Removal","floor":3.0,"gold_loss":0.0,"damage_taken":7.0},{"damage_healed":0,"gold_gain":0,"cards_transformed":["Strike_B","Defend_B"],"player_choice":"Became Test Subject","damage_taken":0,"max_hp_gain":0,"max_hp_loss":0,"event_name":"Drug Dealer","floor":20,"gold_loss":0,"cards_obtained":["Hello World","Self Repair"]}],"is_beta":false,"boss_relics":[{"not_picked":["FrozenCore","Black Star"],"picked":"Nuclear Battery"},{"not_picked":["Coffee Dripper","Empty Cage"],"picked":"Velvet Choker"}],"items_purged_floors":[19,27],"is_endless":false,"potions_floor_spawned":[12,14,16,21,22,24,30],"killed_by":"Spire Growth","ascension_level":5}