{"path_per_floor":["M","?","?","$","?","E","M","M","T","R","M","E","M","?","R","B",null,"M","M","M","?","$","R"],"character_chosen":"IRONCLAD","items_purchased":["Kunai"],"gold_per_floor":[20,20,20,20,0,28,38,56,56,56,74,106,126,126,126,230,230,244,264,276,276,32,32,32],"floor_reached":24,"campfire_rested":2,"playtime":774,"current_hp_per_floor":[77,77,82,82,82,30,35,41,41,66,65,38,29,95,95,60,95,91,65,36,36,36,64,0],"items_purged":[],"gold":32,"score":241,"play_id":"8d7df977-ad17-4c95-8844-a4dc08af481e","local_time":"20180326123559","is_prod":false,"is_daily":false,"is_ascension_mode":true,"campfire_upgraded":1,"timestamp":1522060559,"path_taken":["M","?","?","$","?","E","?","M","T","R","M","E","M","?","R","BOSS","M","M","M","?","$","R","E"],"build_version":"2018-03-22v2","purchased_purges":0,"victory":false,"master_deck":["Strike_R","Strike_R","Strike_R+1","Defend_R","Defend_R","Defend_R","Bash+1","Limit Break+1","Flex","Juggernaut","Rampage","Carnage+1","Cleave","Rampage","Limit Break","Flex","Reaper+1","Flex+1","Infernal Blade+1"],"max_hp_per_floor":[80,80,85,85,85,85,85,85,85,85,85,85,85,95,95,95,95,95,95,95,95,95,95,95],"relics":["Burning Blood","Whetstone","Dodecahedron","Molten Egg 2","Cursed Key","Kunai"],"card_choices":[{"not_picked":["Ghostly Armor","Brutality"],"picked":"Flex","floor":1},{"not_picked":["Warcry","Havoc"],"picked":"Rampage","floor":6},{"not_picked":["Spot Weakness","Pommel Strike"],"picked":"Carnage","floor":7},{"not_picked":["Wild Strike","Searing Blow"],"picked":"Cleave","floor":8},{"not_picked":["Intimidate","Dropkick"],"picked":"Rampage","floor":11},{"not_picked":["Shockwave","Second Wind"],"picked":"Limit Break","floor":12},{"not_picked":["Evolve","Pommel Strike"],"picked":"Flex","floor":13},{"not_picked":["Limit Break","Exhume"],"picked":"Reaper","floor":16},{"not_picked":["Iron Wave","Anger"],"picked":"Flex","floor":18},{"not_picked":["Cleave","Pummel"],"picked":"Infernal Blade","floor":20}],"player_experience":185472,"potions_floor_usage":[7,11,16,18,19],"damage_taken":[{"damage":9,"enemies":"2 Louse","floor":1,"turns":3},{"damage":58,"enemies":"Lagavulin","floor":6,"turns":9},{"damage":1,"enemies":"Cultist","floor":7,"turns":3},{"damage":0,"enemies":"Small Slimes","floor":8,"turns":3},{"damage":7,"enemies":"3 Louse","floor":11,"turns":2},{"damage":33,"enemies":"3 Sentries","floor":12,"turns":7},{"damage":15,"enemies":"Looter","floor":13,"turns":3},{"damage":41,"enemies":"Slime Boss","floor":16,"turns":9},{"damage":10,"enemies":"Chosen","floor":18,"turns":3},{"damage":36,"enemies":"2 Thieves","floor":19,"turns":4},{"damage":49,"enemies":"Centurion and Healer","floor":20,"turns":5},{"damage":82,"enemies":"Gremlin Leader","floor":24,"turns":5}],"event_choices":[{"event_name":"Transmorgrifier","player_choice":"Transform","floor":2,"damage_taken":0},{"event_name":"Big Fish","player_choice":"Donut","floor":3,"damage_taken":0},{"event_name":"World of Goop","player_choice":"Left","floor":5,"damage_taken":0},{"event_name":"Bonfire Elementals","player_choice":"RARE","floor":14,"damage_taken":0},{"event_name":"Upgrade Shrine","player_choice":"Upgraded","floor":21,"damage_taken":0}],"boss_relics":[{"not_picked":["Lizard Tail","Runic Dome"],"picked":"Cursed Key"}],"potions_floor_spawned":[6,8,13,16,18],"seed_played":"1402070007190355192","killed_by":"Gremlin Leader","ascension_level":1,"is_trial":false}