{"gold_per_floor":[115,115,38,38,12,37,37,65,116,116,136,151,167,16,16,115,415,432,19,19,32,32,32,48,48,48,48,48,61,88,187,187,187],"floor_reached":33,"playtime":709,"items_purged":["Regret"],"score":251,"play_id":"57653206-e98f-45dd-912f-7ceb48620091","local_time":"20180728122603","is_ascension_mode":false,"campfire_choices":[{"floor":7,"key":"REST"},{"floor":10,"key":"REST"},{"data":"1","floor":15,"key":"LIFT"},{"data":"2","floor":23,"key":"LIFT"},{"floor":25,"key":"REST"},{"floor":27,"key":"REST"},{"floor":32,"key":"REST"}],"neow_cost":"NONE","seed_source_timestamp":85990731106731,"circlet_count":0,"master_deck":["Defend_G","Defend_G","Defend_G","Defend_G","Defend_G","Strike_G","Strike_G","Strike_G","Strike_G","Strike_G","Survivor","Neutralize","Flying Knee","Noxious Fumes","Bane+1","Dagger Spray+1","Catalyst","Terror","Bouncing Flask","Skewer+1","All Out Attack+1","Leg Sweep","Burst","Doubt","Writhe","Parasite","Cloak And Dagger+1","Noxious Fumes","Envenom","Deadly Poison+1","Underhanded Strike+1","Bouncing Flask","Choke+1","Terror"],"relics":["Philosopher\u0027s Stone","Molten Egg 2","Dream Catcher","Girya","Ninja Scroll","Oddly Smooth Stone","Bronze Scales","Calling Bell","Anchor","Kunai","Old Coin","Mummified Hand","Pantograph","The Specimen","Bag of Preparation"],"potions_floor_usage":[8,33],"damage_taken":[{"damage":6,"enemies":"Small Slimes","floor":1,"turns":4},{"damage":24,"enemies":"Lagavulin","floor":6,"turns":6},{"damage":13,"enemies":"3 Sentries","floor":8,"turns":5},{"damage":1,"enemies":"Cultist","floor":11,"turns":3},{"damage":1,"enemies":"Jaw Worm","floor":12,"turns":3},{"damage":8,"enemies":"Large Slime","floor":13,"turns":4},{"damage":17,"enemies":"Slime Boss","floor":16,"turns":5},{"damage":8,"enemies":"Spheric Guardian","floor":18,"turns":4},{"damage":5,"enemies":"Shell Parasite","floor":21,"turns":3},{"damage":33,"enemies":"Centurion and Healer","floor":24,"turns":6},{"damage":22,"enemies":"Snake Plant","floor":29,"turns":3},{"damage":79,"enemies":"Automaton","floor":33,"turns":6}],"seed_played":"-7309100864832999238","potions_obtained":[{"floor":6,"key":"Block Potion"},{"floor":29,"key":"Explosive Potion"}],"is_trial":false,"path_per_floor":["M","?","$","?","$","E","R","E","T","R","M","M","M","$","R","B",null,"M","$","?","M","$","R","M","R","T","R","?","M","T","?","R"],"character_chosen":"THE_SILENT","items_purchased":["Noxious Fumes","Bane+1","Bronze Scales","Mummified Hand","Noxious Fumes"],"campfire_rested":5,"item_purchase_floors":[3,5,14,19,19],"current_hp_per_floor":[64,64,64,52,52,28,49,36,36,57,56,55,47,47,47,30,70,62,62,62,57,57,57,24,45,45,66,66,44,44,44,65,0],"gold":187,"neow_bonus":"BOSS_RELIC","is_prod":false,"is_daily":false,"chose_seed":false,"campfire_upgraded":0,"win_rate":0,"timestamp":1532746563,"path_taken":["M","?","$","?","$","E","R","E","T","R","M","?","M","$","R","BOSS","M","$","?","?","$","R","M","R","T","R","?","M","?","?","R","BOSS"],"build_version":"2018-07-26","purchased_purges":1,"victory":false,"max_hp_per_floor":[70,70,70,70,70,70,70,70,70,70,70,70,70,70,70,70,70,70,70,70,70,70,70,70,70,70,70,70,70,70,70,70,70],"card_choices":[{"not_picked":["Outmaneuver","Concentrate"],"picked":"Flying Knee","floor":1},{"not_picked":["Finisher+1","Well Laid Plans"],"picked":"Dagger Spray+1","floor":6},{"not_picked":["Bane+1","Dagger Throw+1"],"picked":"Catalyst","floor":7},{"not_picked":["Malaise","Caltrops"],"picked":"Terror","floor":8},{"not_picked":["Slice+1","Deflect"],"picked":"Bouncing Flask","floor":10},{"not_picked":["Distraction","Accuracy"],"picked":"Skewer+1","floor":11},{"not_picked":["Caltrops","Deadly Poison"],"picked":"All Out Attack+1","floor":12},{"not_picked":["Dagger Throw+1","Expertise"],"picked":"Leg Sweep","floor":13},{"not_picked":["Grand Finale+1","Envenom"],"picked":"Burst","floor":16},{"not_picked":["Backflip","Quick Slash+1"],"picked":"Cloak And Dagger+1","floor":18},{"not_picked":["Accuracy","Dagger Throw+1"],"picked":"Deadly Poison+1","floor":21},{"not_picked":["Acrobatics","Dagger Throw+1"],"picked":"Underhanded Strike+1","floor":24},{"not_picked":["Finisher+1","Calculated Gamble+1"],"picked":"Bouncing Flask","floor":25},{"not_picked":["Deflect","PiercingWail+1"],"picked":"Choke+1","floor":27},{"not_picked":["Deflect","Sucker Punch+1"],"picked":"Terror","floor":29}],"player_experience":280019,"relics_obtained":[{"floor":6,"key":"Girya"},{"floor":8,"key":"Ninja Scroll"},{"floor":9,"key":"Oddly Smooth Stone"},{"floor":17,"key":"Anchor"},{"floor":17,"key":"Kunai"},{"floor":17,"key":"Old Coin"},{"floor":26,"key":"Pantograph"},{"floor":30,"key":"Bag of Preparation"}],"event_choices":[{"event_name":"Big Fish","player_choice":"Box","floor":2,"damage_taken":0},{"event_name":"Scrap Ooze","player_choice":"success","floor":4,"damage_taken":12},{"event_name":"The Library","player_choice":"Read","floor":20,"damage_taken":0},{"event_name":"The Mausoleum","player_choice":"Yes","floor":28,"damage_taken":0},{"event_name":"Nest","player_choice":"Stole From Cult","floor":31,"damage_taken":0}],"is_beta":false,"boss_relics":[{"not_picked":["Pandora\u0027s Box","HoveringKite"],"picked":"Calling Bell"}],"items_purged_floors":[19],"is_endless":false,"potions_floor_spawned":[6,29],"killed_by":"Automaton","ascension_level":0}