{"path_per_floor":["M","?","$","M","$","E","R","M","T","E","M","E","M","$","R","B",null,"M","M","?","M","$","R","?","M","T","$","R","E","R","E","R","B",null,"M","$","?","M","M","R","M","E","T","M","R","M","?","M","R","B"],"character_chosen":"THE_SILENT","items_purchased":["Deflect","Expertise","Thread and Needle","Letter Opener"],"gold_per_floor":[115,215,140,157,32,61,61,81,81,106,124,155,166,166,166,269,269,281,300,300,314,19,19,19,38,38,38,38,65,65,100,100,198,228,244,54,101,113,123,123,134,164,188,200,200,212,212,226,226,226],"floor_reached":51,"campfire_rested":0,"playtime":6117,"current_hp_per_floor":[67,67,67,67,67,58,58,58,58,58,58,57,57,57,71,57,84,72,66,66,46,46,54,38,44,44,44,52,34,44,32,42,28,89,89,89,86,81,84,89,81,89,89,89,89,89,79,84,89,30],"items_purged":["Catalyst"],"gold":226,"score":973,"play_id":"af77289c-c54d-423e-b0dd-708e603e3376","local_time":"20180523111857","is_prod":false,"is_daily":false,"chose_seed":false,"is_ascension_mode":true,"campfire_upgraded":1,"timestamp":1527067137,"campfire_choices":[{"data":"Expertise","floor":7.0,"key":"SMITH"},{"floor":15,"key":"DIG"},{"floor":23,"key":"DIG"},{"floor":28,"key":"DIG"},{"floor":30,"key":"DIG"},{"floor":32,"key":"DIG"},{"floor":40,"key":"DIG"},{"floor":45,"key":"DIG"},{"floor":49,"key":"DIG"}],"path_taken":["M","?","?","M","?","E","R","M","T","E","?","E","M","$","R","BOSS","M","M","?","M","$","R","?","M","T","$","R","E","R","E","R","BOSS","M","$","?","M","M","R","M","E","T","M","R","M","?","M","R","BOSS"],"build_version":"2018-05-17","seed_source_timestamp":313681711507478,"purchased_purges":2,"victory":true,"master_deck":["Neutralize","Backstab+1","Backflip+1","Cloak And Dagger","Blade Dance","Deflect","Slice","Flying Knee","Sucker Punch","Quick Slash","Acrobatics+1","Deflect","Deflect","Expertise+1","Quick Slash","Slice","Deflect","Backflip","Prepared","Envenom","Backstab","Deflect+1","Backflip","Terror+1","Slice+1","Choke","Escape Plan","Slice","Slice+1","Slice+1","Noxious Fumes+1","Backflip+1","Backflip+1","Blind","Flash of Steel","Mind Blast","Prepared"],"max_hp_per_floor":[70,70,70,70,70,70,70,70,70,70,70,70,70,70,84,84,84,84,84,84,84,84,84,84,84,84,84,84,84,84,84,84,84,89,89,89,89,89,89,89,89,89,89,89,89,89,89,89,89,89],"relics":["Pandora\u0027s Box","The Specimen","Bird Faced Urn","Oddly Smooth Stone","Shovel","Mango","Eternal Feather","Thread and Needle","Blood Vial","Enchiridion","The Courier","Blue Candle","War Paint","Ornamental Fan","Whetstone","Bottled Tornado","Tiny House","Letter Opener","Sundial","Anchor","Bag of Preparation","Pen Nib","Juzu Bracelet","Lantern"],"card_choices":[{"not_picked":["Quick Slash","PiercingWail"],"picked":"Acrobatics","floor":1.0},{"not_picked":["Heel Hook","Slice"],"picked":"Deflect","floor":4.0},{"not_picked":["Unload","Prepared"],"picked":"Quick Slash","floor":6.0},{"not_picked":["Distraction","Bane"],"picked":"Slice","floor":8.0},{"not_picked":["Blur","Dagger Throw"],"picked":"Deflect","floor":10.0},{"not_picked":["Leg Sweep","Crippling Poison","Reflex"],"picked":"SKIP","floor":11.0},{"not_picked":["Riddle With Holes","Deflect"],"picked":"Backflip","floor":12.0},{"not_picked":["Well Laid Plans","Acrobatics"],"picked":"Prepared","floor":13},{"not_picked":["Bullet Time","Glass Knife"],"picked":"Envenom","floor":16},{"not_picked":["Dagger Throw","All Out Attack+1"],"picked":"Backstab","floor":18},{"not_picked":["Endless Agony","Riddle With Holes"],"picked":"Deflect+1","floor":19},{"not_picked":["Poisoned Stab+1","Bane+1"],"picked":"Backflip","floor":21},{"not_picked":["Slice","Dodge and Roll"],"picked":"Terror","floor":25},{"not_picked":["Deadly Poison","Dagger Spray"],"picked":"Slice","floor":29},{"not_picked":["Masterful Stab+1","Bullet Time"],"picked":"Choke","floor":31},{"not_picked":["Bane","Slice"],"picked":"Escape Plan","floor":34},{"not_picked":["Flying Knee+1","Acrobatics"],"picked":"Slice","floor":35},{"not_picked":["Flying Knee","Doppelganger"],"picked":"Slice+1","floor":37},{"not_picked":["Acrobatics","Bane+1"],"picked":"Slice+1","floor":38},{"not_picked":["Acrobatics","Dodge and Roll+1"],"picked":"Noxious Fumes+1","floor":39},{"not_picked":["Crippling Poison","Quick Slash","Sucker Punch"],"picked":"SKIP","floor":41},{"not_picked":["Finisher+1","Phantasmal Killer"],"picked":"Backflip+1","floor":42},{"not_picked":["Underhanded Strike+1","Acrobatics+1","PiercingWail"],"picked":"SKIP","floor":44},{"not_picked":["Skewer","Dagger Throw+1"],"picked":"Backflip+1","floor":46},{"not_picked":["Dark Shackles","Dramatic Entrance"],"picked":"Blind","floor":47},{"not_picked":["Bandage Up","Transmutation"],"picked":"Flash of Steel","floor":47},{"not_picked":["Panacea","Jack Of All Trades"],"picked":"Mind Blast","floor":47},{"not_picked":["Deadly Poison+1","All Out Attack+1"],"picked":"Prepared","floor":48}],"player_experience":112723,"potions_floor_usage":[16,16,19,33,50,50],"damage_taken":[{"damage":3.0,"enemies":"Small Slimes","floor":1.0,"turns":2.0},{"damage":0.0,"enemies":"Cultist","floor":4.0,"turns":2.0},{"damage":9.0,"enemies":"Gremlin Nob","floor":6.0,"turns":5.0},{"damage":0.0,"enemies":"Jaw Worm","floor":8.0,"turns":3.0},{"damage":0.0,"enemies":"3 Sentries","floor":10.0,"turns":5.0},{"damage":0.0,"enemies":"Blue Slaver","floor":11.0,"turns":3.0},{"damage":1.0,"enemies":"Lagavulin","floor":12.0,"turns":5.0},{"damage":0,"enemies":"3 Louse","floor":13,"turns":2},{"damage":16,"enemies":"Slime Boss","floor":16,"turns":12},{"damage":12,"enemies":"Chosen","floor":18,"turns":5},{"damage":6,"enemies":"Spheric Guardian","floor":19,"turns":3},{"damage":22,"enemies":"Cultist and Chosen","floor":21,"turns":9},{"damage":0,"enemies":"Centurion and Healer","floor":25,"turns":7},{"damage":24,"enemies":"Gremlin Leader","floor":29,"turns":8},{"damage":18,"enemies":"Book of Stabbing","floor":31,"turns":7},{"damage":20,"enemies":"Champ","floor":33,"turns":11},{"damage":0,"enemies":"Orb Walker","floor":35,"turns":3},{"damage":3,"enemies":"Mysterious Sphere","floor":37,"turns":4},{"damage":8,"enemies":"3 Darklings","floor":38,"turns":4},{"damage":3,"enemies":"Maw","floor":39,"turns":5},{"damage":8,"enemies":"Sphere and 2 Shapes","floor":41,"turns":4},{"damage":0,"enemies":"Nemesis","floor":42,"turns":5},{"damage":0,"enemies":"4 Shapes","floor":44,"turns":4},{"damage":0,"enemies":"3 Darklings","floor":46,"turns":4},{"damage":1,"enemies":"Sphere and 2 Shapes","floor":48,"turns":4},{"damage":61,"enemies":"Time Eater","floor":50,"turns":12}],"relics_obtained":[{"floor":6.0,"key":"The Specimen"},{"floor":9.0,"key":"Bird Faced Urn"},{"floor":10.0,"key":"Oddly Smooth Stone"},{"floor":12.0,"key":"Shovel"},{"floor":15,"key":"Mango"},{"floor":23,"key":"Blood Vial"},{"floor":24,"key":"Enchiridion"},{"floor":26,"key":"The Courier"},{"floor":28,"key":"Blue Candle"},{"floor":29,"key":"War Paint"},{"floor":30,"key":"Ornamental Fan"},{"floor":31,"key":"Whetstone"},{"floor":32,"key":"Bottled Tornado"},{"floor":37,"key":"Sundial"},{"floor":40,"key":"Anchor"},{"floor":42,"key":"Bag of Preparation"},{"floor":43,"key":"Pen Nib"},{"floor":45,"key":"Juzu Bracelet"},{"floor":49,"key":"Lantern"}],"event_choices":[{"event_name":"Wheel of Change","player_choice":"Gold","floor":2.0,"damage_taken":0.0},{"event_name":"Back to Basics","player_choice":"Elegance","floor":20,"damage_taken":0},{"event_name":"Cursed Tome","player_choice":"Obtained Book","floor":24,"damage_taken":0},{"event_name":"Mysterious Sphere","player_choice":"Fight","floor":37,"damage_taken":0},{"event_name":"SensoryStone","player_choice":"Memory 3","floor":47,"damage_taken":0}],"boss_relics":[{"not_picked":["Calling Bell","Orrery"],"picked":"Eternal Feather"},{"not_picked":["Cursed Key","Runic Dome"],"picked":"Tiny House"}],"potions_floor_spawned":[6,8,11,12,13,16,18,21,29,35,39,42,46],"seed_played":"7911690773875052558","ascension_level":3,"potions_obtained":[{"floor":6.0,"key":"FearPotion"},{"floor":8.0,"key":"Poison Potion"},{"floor":11.0,"key":"SkillPotion"},{"floor":12.0,"key":"Strength Potion"},{"floor":13,"key":"PowerPotion"},{"floor":16,"key":"SkillPotion"},{"floor":18,"key":"Strength Potion"},{"floor":21,"key":"EssenceOfSteel"},{"floor":34,"key":"GhostInAJar"},{"floor":35,"key":"Energy Potion"}],"is_trial":false}