{"gold_per_floor":[112,112,133,110,131,131,147,72,99,122,122,147,147,168,168,289,289,307,230,248,248,93,93,93,111,111,111,122,122,151,167,167,167],"floor_reached":33,"playtime":1053,"items_purged":["Strike_G"],"score":284,"play_id":"304f8470-2207-4b7a-9b4c-0714470e698d","local_time":"20180726184233","is_ascension_mode":false,"campfire_choices":[{"floor":6,"key":"REST"},{"floor":11,"key":"REST"},{"floor":13,"key":"REST"},{"floor":15,"key":"REST"},{"floor":23,"key":"REST"},{"floor":27,"key":"REST"},{"floor":32,"key":"REST"}],"neow_cost":"NONE","seed_source_timestamp":232869491268029,"circlet_count":0,"master_deck":["Defend_G","Defend_G","Defend_G","Defend_G","Defend_G","Survivor","Neutralize","Poisoned Stab","Poisoned Stab","Cloak And Dagger","Backflip","Deadly Poison","Grand Finale","Night Terror","Poisoned Stab","Skewer","Endless Agony","Well Laid Plans","Escape Plan","Envenom","J.A.X.","Bite","Bite","Bite","Bite","Bite"],"relics":["Fusion Hammer","Bloody Idol","Bag of Preparation","Orrery","Regal Pillow","Boot"],"potions_floor_usage":[30,30,30,31],"damage_taken":[{"damage":0,"enemies":"Small Slimes","floor":1,"turns":5},{"damage":0,"enemies":"2 Louse","floor":3,"turns":3},{"damage":0,"enemies":"Cultist","floor":5,"turns":4},{"damage":0,"enemies":"Red Slaver","floor":7,"turns":3},{"damage":5,"enemies":"Gremlin Gang","floor":10,"turns":5},{"damage":2,"enemies":"Looter","floor":12,"turns":3},{"damage":5,"enemies":"3 Louse","floor":14,"turns":3},{"damage":29,"enemies":"The Guardian","floor":16,"turns":9},{"damage":15,"enemies":"Shell Parasite","floor":18,"turns":5},{"damage":9,"enemies":"Spheric Guardian","floor":20,"turns":4},{"damage":27,"enemies":"Snecko","floor":25,"turns":5},{"damage":3,"enemies":"Centurion and Healer","floor":28,"turns":4},{"damage":69,"enemies":"Gremlin Leader","floor":30,"turns":7},{"damage":27,"enemies":"3 Cultists","floor":31,"turns":7},{"damage":91,"enemies":"Collector","floor":33,"turns":6}],"seed_played":"3134829470155490339","potions_obtained":[{"floor":5,"key":"Explosive Potion"},{"floor":10,"key":"Block Potion"},{"floor":12,"key":"GhostInAJar"},{"floor":30,"key":"GhostInAJar"}],"is_trial":false,"path_per_floor":["M","?","M","$","M","R","M","$","T","M","R","M","R","M","R","B",null,"M","?","M","?","$","R","$","M","T","R","M","?","E","M","R"],"character_chosen":"THE_SILENT","items_purchased":["Cloak And Dagger","Blood Vial"],"campfire_rested":7,"item_purchase_floors":[4,22],"current_hp_per_floor":[70,53,53,53,53,70,70,70,70,65,70,68,70,65,70,41,70,55,55,46,46,46,67,67,47,47,70,70,70,22,14,50,0],"gold":167,"neow_bonus":"BOSS_RELIC","is_prod":false,"is_daily":false,"chose_seed":false,"campfire_upgraded":0,"win_rate":0,"timestamp":1532596353,"path_taken":["M","?","M","$","M","R","?","$","T","M","R","?","R","M","R","BOSS","M","?","?","?","?","R","$","M","T","R","M","?","E","M","R","BOSS"],"build_version":"2018-07-19v2","purchased_purges":1,"victory":false,"max_hp_per_floor":[70,70,70,70,70,70,70,70,70,70,70,70,70,70,70,70,70,70,70,70,70,70,70,70,70,70,70,70,70,70,70,70,70],"card_choices":[{"not_picked":["Sucker Punch","Caltrops"],"picked":"Poisoned Stab","floor":1},{"not_picked":["Deflect","Heel Hook"],"picked":"Poisoned Stab","floor":3},{"not_picked":["Dagger Throw","Underhanded Strike"],"picked":"Backflip","floor":5},{"not_picked":["Prepared","Masterful Stab"],"picked":"Deadly Poison","floor":7},{"not_picked":["Backflip","Outmaneuver"],"picked":"Grand Finale","floor":10},{"not_picked":["Distraction","Quick Slash","Blade Dance"],"picked":"SKIP","floor":12},{"not_picked":["Heel Hook","Underhanded Strike","Outmaneuver"],"picked":"SKIP","floor":14},{"not_picked":["Burst","Envenom"],"picked":"Night Terror","floor":16},{"not_picked":["Endless Agony","Acrobatics"],"picked":"Poisoned Stab","floor":17},{"not_picked":["Flechettes","Dodge and Roll"],"picked":"Skewer","floor":17},{"not_picked":["Tactician","Dagger Throw"],"picked":"Endless Agony","floor":17},{"not_picked":["Bane","Quick Slash"],"picked":"Well Laid Plans","floor":17},{"not_picked":["Dash","Sucker Punch"],"picked":"Escape Plan","floor":17},{"not_picked":["Sucker Punch","Dagger Throw"],"picked":"Envenom","floor":18},{"not_picked":["Blade Dance","Quick Slash+1","Predator+1"],"picked":"SKIP","floor":20},{"not_picked":["Underhanded Strike+1","Poisoned Stab","Quick Slash"],"picked":"SKIP","floor":25},{"not_picked":["PiercingWail","Bouncing Flask","Flying Knee"],"picked":"SKIP","floor":28},{"not_picked":["Deflect+1","Noxious Fumes","Unload"],"picked":"SKIP","floor":30},{"not_picked":["Riddle With Holes","Dodge and Roll","All Out Attack"],"picked":"SKIP","floor":31}],"player_experience":260001,"relics_obtained":[{"floor":9,"key":"Bag of Preparation"},{"floor":26,"key":"Regal Pillow"},{"floor":30,"key":"Boot"}],"event_choices":[{"event_name":"Golden Idol","player_choice":"Take Damage","floor":2,"damage_taken":0},{"event_name":"Drug Dealer","player_choice":"Got JAXXED","floor":19,"damage_taken":0},{"event_name":"Forgotten Altar","player_choice":"Gave Idol","floor":21,"damage_taken":0},{"event_name":"Vampires","player_choice":"Became a vampire (Vial)","floor":29,"damage_taken":0}],"is_beta":false,"boss_relics":[{"not_picked":["Snecko Eye","Cursed Key"],"picked":"Orrery"}],"items_purged_floors":[8],"is_endless":false,"potions_floor_spawned":[5,10,12,14,25,30],"killed_by":"Collector","ascension_level":0}