{"gold_per_floor":[109,109,133,13,13,13,54,54,79,112,122,132,165,210,220,354,364,367,401,2,36,46,56,104,114,147,157,181,191,225,271,281,415,425,459,5,338,364,374,395,13,13,13,13,32,32,52,3,3,3],"floor_reached":51,"playtime":4715,"items_purged":["Injury","Strike_B","Defend_B"],"score":1289,"play_id":"a76a4461-be4e-4c09-8b13-5e899bf322cb","local_time":"20180718140734","is_ascension_mode":true,"campfire_choices":[{"data":"Beam Cell","floor":6.0,"key":"SMITH"},{"data":"Zap","floor":8.0,"key":"SMITH"},{"data":"Dualcast","floor":12.0,"key":"SMITH"},{"floor":15.0,"key":"REST"},{"floor":23.0,"key":"DIG"},{"floor":25.0,"key":"DIG"},{"floor":27.0,"key":"DIG"},{"floor":29.0,"key":"DIG"},{"data":"Consume","floor":32.0,"key":"SMITH"},{"floor":42,"key":"DIG"},{"floor":44,"key":"DIG"},{"floor":46,"key":"DIG"},{"floor":49,"key":"DIG"}],"neow_cost":"NONE","seed_source_timestamp":645394604259111,"circlet_count":0,"master_deck":["Strike_B","Strike_B","Defend_B","Defend_B+1","Zap+1","Dualcast+1","AscendersBane","Beam Cell+1","Coolheaded+1","Coolheaded","Coolheaded","Reinforced Body","Chill","Echo Form","BootSequence+1","Consume+1","Coolheaded","Seek","Hologram","Cold Snap","Leap","Echo Form","Blizzard+1","BootSequence","Capacitor","White Noise+1","Coolheaded","Electrodynamics","Leap"],"special_seed":0,"relics":["Cracked Core","Happy Flower","Symbiotic Virus","MawBank","Oddly Smooth Stone","Coffee Dripper","Shovel","Cables","Bottled Lightning","Matryoshka","Omamori","Centennial Puzzle","Emotion Chip","DataDisk","Bag of Marbles","Fusion Hammer","ClockworkSouvenir","Molten Egg 2","Pen Nib","Vajra","Ancient Tea Set","War Paint","Singing Bowl","Potion Belt","Anchor"],"potions_floor_usage":[50,50,50],"damage_taken":[{"damage":8.0,"enemies":"Jaw Worm","floor":1.0,"turns":4.0},{"damage":6.0,"enemies":"Cultist","floor":3.0,"turns":3.0},{"damage":27.0,"enemies":"Gremlin Nob","floor":7.0,"turns":4.0},{"damage":0.0,"enemies":"2 Louse","floor":10.0,"turns":2.0},{"damage":0.0,"enemies":"Looter","floor":13.0,"turns":2.0},{"damage":11.0,"enemies":"Lagavulin","floor":14.0,"turns":5.0},{"damage":16.0,"enemies":"The Guardian","floor":16.0,"turns":17.0},{"damage":12.0,"enemies":"2 Thieves","floor":18.0,"turns":4.0},{"damage":0.0,"enemies":"Chosen","floor":19.0,"turns":8.0},{"damage":3.0,"enemies":"Centurion and Healer","floor":21.0,"turns":13.0},{"damage":13.0,"enemies":"Book of Stabbing","floor":24.0,"turns":8.0},{"damage":14.0,"enemies":"Cultist and Chosen","floor":28.0,"turns":11.0},{"damage":0.0,"enemies":"Snake Plant","floor":30.0,"turns":5.0},{"damage":2.0,"enemies":"Slavers","floor":31.0,"turns":7.0},{"damage":0.0,"enemies":"Automaton","floor":33.0,"turns":17.0},{"damage":28.0,"enemies":"3 Darklings","floor":35.0,"turns":7.0},{"damage":0.0,"enemies":"3 Shapes","floor":38.0,"turns":4.0},{"damage":7,"enemies":"Transient","floor":40,"turns":5},{"damage":0,"enemies":"Maw","floor":45,"turns":7},{"damage":0,"enemies":"Spire Growth","floor":47,"turns":5},{"damage":0,"enemies":"Donu and Deca","floor":50,"turns":8}],"seed_played":"-8536747330585141886","potions_obtained":[{"floor":3.0,"key":"Explosive Potion"},{"floor":7.0,"key":"SpeedPotion"},{"floor":16.0,"key":"FearPotion"},{"floor":18.0,"key":"Fire Potion"},{"floor":21.0,"key":"SkillPotion"},{"floor":30.0,"key":"Dexterity Potion"},{"floor":31.0,"key":"FearPotion"},{"floor":33.0,"key":"Poison Potion"},{"floor":35.0,"key":"FearPotion"},{"floor":38.0,"key":"Fire Potion"},{"floor":47,"key":"Weak Potion"}],"is_trial":false,"path_per_floor":["M","?","M","$","?","R","E","R","T","M","?","R","M","E","R","B",null,"M","M","$","M","?","R","E","R","T","R","M","R","M","E","R","B",null,"M","$","?","M","?","M","$","R","T","R","M","R","M","$","R","B"],"character_chosen":"DEFECT","items_purchased":["Coolheaded","Shovel","ClockworkSouvenir","Molten Egg 2","Capacitor","White Noise","Pen Nib","Leap"],"campfire_rested":1,"item_purchase_floors":[4,20,36,36,41,41,41,48],"current_hp_per_floor":[60,60,54,54,59,59,32,32,32,32,32,32,32,21,45,29,67,55,55,55,52,52,52,39,39,39,39,25,25,25,23,23,23,66,38,38,38,38,38,31,31,31,31,31,31,31,31,31,31,31],"gold":3,"neow_bonus":"RANDOM_COMMON_RELIC","is_prod":false,"is_daily":false,"chose_seed":false,"campfire_upgraded":4,"win_rate":0,"timestamp":1531915654,"path_taken":["M","?","?","$","?","R","E","R","T","M","?","R","M","E","R","BOSS","M","?","$","M","?","R","E","R","T","R","?","R","M","E","R","BOSS","M","?","?","M","?","M","$","R","T","R","M","R","M","$","R","BOSS"],"build_version":"2018-07-17","purchased_purges":3,"victory":true,"max_hp_per_floor":[75,75,75,75,80,80,80,80,80,80,80,80,80,80,80,80,80,80,80,80,80,80,80,80,80,80,80,80,80,80,80,80,80,80,80,80,80,80,80,80,80,80,80,80,80,80,80,80,80,80],"card_choices":[{"not_picked":["Steam","Gash","Lockon"],"picked":"SKIP","floor":1.0},{"not_picked":["Redo","Steam"],"picked":"Beam Cell","floor":3.0},{"not_picked":["Hyperbeam","Storm"],"picked":"Coolheaded","floor":7.0},{"not_picked":["Beam Cell","Compile Driver"],"picked":"Coolheaded","floor":10.0},{"not_picked":["Chaos","Rebound"],"picked":"Reinforced Body","floor":13.0},{"not_picked":["Capacitor","FTL"],"picked":"Chill","floor":14.0},{"not_picked":["Biased Cognition","Electrodynamics"],"picked":"Echo Form","floor":16.0},{"not_picked":["Static Discharge","Reprogram","Gash"],"picked":"SKIP","floor":18.0},{"not_picked":["Sunder","Reinforced Body"],"picked":"BootSequence+1","floor":19.0},{"not_picked":["Barrage","Doom and Gloom"],"picked":"Consume","floor":21.0},{"not_picked":["Leap","Sweeping Beam+1"],"picked":"Seek","floor":24.0},{"not_picked":["Melter+1","Gash"],"picked":"Hologram","floor":28.0},{"not_picked":["Barrage","Skim"],"picked":"Cold Snap","floor":30.0},{"not_picked":["Compile Driver","Lockon+1"],"picked":"Leap","floor":31.0},{"not_picked":["Fission","Core Surge"],"picked":"Echo Form","floor":33.0},{"not_picked":["Rebound","Ball Lightning"],"picked":"Blizzard+1","floor":35.0},{"not_picked":["Recycle","Steam Power","Scrape+1"],"picked":"SKIP","floor":38.0},{"not_picked":["Barrage+1","Rebound+1"],"picked":"BootSequence","floor":40},{"not_picked":["Conserve Battery","Barrage+1"],"picked":"Coolheaded","floor":45},{"not_picked":["Leap","Gash+1"],"picked":"Electrodynamics","floor":47}],"player_experience":337126,"relics_obtained":[{"floor":7.0,"key":"Symbiotic Virus"},{"floor":9.0,"key":"MawBank"},{"floor":14.0,"key":"Oddly Smooth Stone"},{"floor":23.0,"key":"Cables"},{"floor":24.0,"key":"Bottled Lightning"},{"floor":25.0,"key":"Matryoshka"},{"floor":26.0,"key":"Omamori"},{"floor":26.0,"key":"Centennial Puzzle"},{"floor":27.0,"key":"Emotion Chip"},{"floor":29.0,"key":"DataDisk"},{"floor":31.0,"key":"Bag of Marbles"},{"floor":42,"key":"Vajra"},{"floor":43,"key":"Ancient Tea Set"},{"floor":43,"key":"War Paint"},{"floor":44,"key":"Singing Bowl"},{"floor":46,"key":"Potion Belt"},{"floor":49,"key":"Anchor"}],"event_choices":[{"event_name":"Golden Idol","player_choice":"Take Wound","floor":2.0,"damage_taken":0.0},{"event_name":"Big Fish","player_choice":"Donut","floor":5.0,"damage_taken":0.0},{"event_name":"Living Wall","player_choice":"Forget","floor":11.0,"damage_taken":0.0},{"event_name":"Transmorgrifier","player_choice":"Transform","floor":22.0,"damage_taken":0.0},{"event_name":"The Moai Head","player_choice":"Gave Idol","floor":37.0,"damage_taken":0.0},{"event_name":"Upgrade Shrine","player_choice":"Upgraded","floor":39.0,"damage_taken":0.0}],"is_beta":true,"boss_relics":[{"not_picked":["Black Star","Eternal Feather"],"picked":"Coffee Dripper"},{"not_picked":["Philosopher\u0027s Stone","Inserter"],"picked":"Fusion Hammer"}],"items_purged_floors":[4,20,41],"is_endless":false,"potions_floor_spawned":[3,7,14,16,18,21,30,31,33,35,38,47],"ascension_level":12}