{"path_per_floor":["M","$","?","M","?","E","R","E","T","E","M","M","E","M","R","B",null,"M","?","M","M","?"],"character_chosen":"IRONCLAD","items_purchased":["Champion Belt","Fire Breathing"],"gold_per_floor":[360,21,21,37,112,141,141,166,166,201,211,228,287,306,306,408,408,423,346,359,369,369,369],"floor_reached":23,"campfire_rested":1,"playtime":1818,"item_purchase_floors":[],"current_hp_per_floor":[79,79,79,80,69,58,58,40,40,25,20,20,14,13,37,31,80,53,53,53,32,32,0],"items_purged":[],"gold":369,"score":257,"play_id":"5da5e61a-d3ce-492f-87cc-6cb1f4842af3","local_time":"20180607010335","is_prod":false,"is_daily":false,"chose_seed":false,"is_ascension_mode":true,"campfire_upgraded":1,"win_rate":1,"timestamp":1528326215,"campfire_choices":[{"data":"True Grit","floor":7.0,"key":"SMITH"},{"floor":15.0,"key":"REST"}],"path_taken":["M","$","?","M","?","E","R","E","T","E","M","M","E","M","R","BOSS","M","?","M","M","?","E"],"build_version":"2018-06-05","seed_source_timestamp":437847279140533,"purchased_purges":0,"victory":false,"master_deck":["Defend_R","Defend_R","Defend_R","Defend_R","Bash","Injury","Spot Weakness","Fire Breathing+1","Disarm","True Grit+1","Disarm","Feel No Pain","Impervious","Carnage","Twin Strike","Intimidate","Reaper","J.A.X.","Reaper","Cleave+1","Bite","Bite","Bite","Bite","Bite"],"max_hp_per_floor":[80,80,80,80,80,80,80,80,80,80,80,80,80,80,80,80,80,80,80,80,80,56,56],"relics":["Burning Blood","Champion Belt","Centennial Puzzle","Boot","Dodecahedron","Ginger","Tiny Chest","Runic Cube"],"card_choices":[{"not_picked":["Thunderclap","Sever Soul"],"picked":"Spot Weakness","floor":1.0},{"not_picked":["Pummel","Headbutt"],"picked":"Disarm","floor":4.0},{"not_picked":["Clash","Corruption"],"picked":"True Grit","floor":6.0},{"not_picked":["Perfected Strike","Sword Boomerang"],"picked":"Disarm","floor":8.0},{"not_picked":["Cleave","Shrug It Off"],"picked":"Feel No Pain","floor":10.0},{"not_picked":["Clash","Rampage"],"picked":"Impervious","floor":11.0},{"not_picked":["Blood for Blood","Whirlwind"],"picked":"Carnage","floor":12.0},{"not_picked":["Rage","Pommel Strike"],"picked":"Twin Strike","floor":13.0},{"not_picked":["Carnage","Whirlwind"],"picked":"Intimidate","floor":14.0},{"not_picked":["Berserk","Juggernaut"],"picked":"Reaper","floor":16.0},{"not_picked":["Armaments+1","Clash+1","Cleave"],"picked":"SKIP","floor":18.0},{"not_picked":["Body Slam+1","Perfected Strike+1"],"picked":"Reaper","floor":20.0},{"not_picked":["Anger","Rage"],"picked":"Cleave+1","floor":21}],"player_experience":58280,"potions_floor_usage":[21,23,23],"damage_taken":[{"damage":7.0,"enemies":"2 Louse","floor":1.0,"turns":3.0},{"damage":4.0,"enemies":"Cultist","floor":4.0,"turns":4.0},{"damage":17.0,"enemies":"Lagavulin","floor":6.0,"turns":10.0},{"damage":24.0,"enemies":"3 Sentries","floor":8.0,"turns":9.0},{"damage":21.0,"enemies":"Gremlin Nob","floor":10.0,"turns":6.0},{"damage":11.0,"enemies":"Small Slimes","floor":11.0,"turns":4.0},{"damage":6.0,"enemies":"2 Fungi Beasts","floor":12.0,"turns":5.0},{"damage":20.0,"enemies":"Lagavulin","floor":13.0,"turns":7.0},{"damage":7.0,"enemies":"Blue Slaver","floor":14.0,"turns":2.0},{"damage":12.0,"enemies":"The Guardian","floor":16.0,"turns":14.0},{"damage":47.0,"enemies":"2 Thieves","floor":18.0,"turns":4.0},{"damage":6.0,"enemies":"Chosen","floor":20.0,"turns":6.0},{"damage":57,"enemies":"3 Cultists","floor":21,"turns":7},{"damage":48,"enemies":"Slavers","floor":23,"turns":4}],"relics_obtained":[{"floor":6.0,"key":"Centennial Puzzle"},{"floor":8.0,"key":"Boot"},{"floor":9.0,"key":"Dodecahedron"},{"floor":10.0,"key":"Ginger"},{"floor":13.0,"key":"Tiny Chest"}],"event_choices":[{"event_name":"Upgrade Shrine","player_choice":"Upgraded","floor":3.0,"damage_taken":0.0},{"event_name":"World of Goop","player_choice":"Gather Gold","floor":5.0,"damage_taken":0.0},{"event_name":"Drug Dealer","player_choice":"Got JAXXED","floor":19.0,"damage_taken":0.0},{"event_name":"Vampires","player_choice":"Became a vampire","floor":22,"damage_taken":0}],"boss_relics":[{"not_picked":["Calling Bell","Snecko Eye"],"picked":"Runic Cube"}],"items_purged_floors":[],"potions_floor_spawned":[1,6,13,14,16,21],"seed_played":"3214179787497883293","killed_by":"Slavers","ascension_level":1,"potions_obtained":[{"floor":1.0,"key":"Dexterity Potion"},{"floor":6.0,"key":"BloodPotion"},{"floor":13.0,"key":"Ancient Potion"},{"floor":14.0,"key":"BloodPotion"},{"floor":16.0,"key":"GamblersBrew"},{"floor":21,"key":"Explosive Potion"}],"is_trial":false}