{"gold_per_floor":[210,230,244,169,169,169,196,208,244,71,89,102,102,116,116,212,212,224,205,224,224,224,99,111,121,121,121,121,134,151,170,170,267,317,330,330,330,330,89,89,89,100,150,150,160,172,182,182],"floor_reached":48,"playtime":3825,"items_purged":["Strike_R","Strike_R","Strike_R"],"score":438,"play_id":"c0066db4-218b-411a-8884-5e4579303cb5","local_time":"20181101192648","is_ascension_mode":false,"campfire_choices":[{"data":"Bash","floor":6,"key":"SMITH"},{"data":"Rampage","floor":8,"key":"SMITH"},{"data":"Spot Weakness","floor":13,"key":"SMITH"},{"data":"Uppercut","floor":15,"key":"SMITH"},{"floor":32,"key":"REST"},{"data":"Apotheosis","floor":40,"key":"SMITH"},{"data":"True Grit","floor":44,"key":"SMITH"}],"neow_cost":"NONE","seed_source_timestamp":1954818824442076,"circlet_count":0,"master_deck":["Strike_R","Strike_R","Defend_R","Defend_R","Defend_R","Defend_R","Bash+1","Uppercut+1","Sword Boomerang","Rampage+1","Disarm+1","Iron Wave","Battle Trance","Spot Weakness+1","True Grit+1","Double Tap","Iron Wave","Thunderclap","Infernal Blade+1","Cleave","Offering","Clash+1","Shrug It Off","Writhe","Apotheosis+1","Shrug It Off","Pommel Strike+1","Battle Trance"],"relics":["Burning Blood","MawBank","Happy Flower","Lizard Tail","Shuriken","Tiny House","Pantograph","Potion Belt"],"potions_floor_usage":[11,12,14,20,29,33,33,45,48,48],"damage_taken":[{"damage":6,"enemies":"Small Slimes","floor":1,"turns":3},{"damage":6,"enemies":"2 Louse","floor":2,"turns":2},{"damage":4,"enemies":"Cultist","floor":3,"turns":3},{"damage":14,"enemies":"Gremlin Nob","floor":7,"turns":4},{"damage":10,"enemies":"Lots of Slimes","floor":11,"turns":2},{"damage":2,"enemies":"Large Slime","floor":12,"turns":3},{"damage":13,"enemies":"Exordium Wildlife","floor":14,"turns":4},{"damage":19,"enemies":"Hexaghost","floor":16,"turns":7},{"damage":5,"enemies":"Chosen","floor":18,"turns":4},{"damage":30,"enemies":"2 Thieves","floor":19,"turns":4},{"damage":41,"enemies":"3 Cultists","floor":20,"turns":5},{"damage":0,"enemies":"Snecko","floor":24,"turns":3},{"damage":10,"enemies":"Chosen and Byrds","floor":25,"turns":4},{"damage":6,"enemies":"Cultist and Chosen","floor":29,"turns":4},{"damage":19,"enemies":"Shelled Parasite and Fungi","floor":30,"turns":4},{"damage":18,"enemies":"Centurion and Healer","floor":31,"turns":4},{"damage":87,"enemies":"Automaton","floor":33,"turns":9},{"damage":31,"enemies":"Orb Walker","floor":35,"turns":5},{"damage":29,"enemies":"3 Darklings","floor":42,"turns":5},{"damage":6,"enemies":"Spire Growth","floor":45,"turns":4},{"damage":28,"enemies":"Maw","floor":46,"turns":9},{"damage":25,"enemies":"3 Darklings","floor":47,"turns":6},{"damage":28,"enemies":"Reptomancer","floor":48,"turns":2}],"seed_played":"-501377713798845832","potions_obtained":[{"floor":2,"key":"SteroidPotion"},{"floor":3,"key":"Explosive Potion"},{"floor":12,"key":"Swift Potion"},{"floor":16,"key":"Dexterity Potion"},{"floor":18,"key":"Strength Potion"},{"floor":19,"key":"AttackPotion"},{"floor":25,"key":"Fire Potion"},{"floor":34,"key":"Fire Potion"},{"floor":42,"key":"PowerPotion"},{"floor":45,"key":"FairyPotion"},{"floor":47,"key":"Poison Potion"}],"is_trial":false,"path_per_floor":["M","M","M","$","?","R","E","R","T","$","M","M","R","M","R","B",null,"M","M","M","?","?","$","M","M","T","?","$","M","M","M","R","B",null,"M","?","?","?","$","R","$","M","T","R","M","M","M"],"character_chosen":"IRONCLAD","items_purchased":["Iron Wave","Burning Pact","Pantograph"],"campfire_rested":1,"item_purchase_floors":[10,10,39],"current_hp_per_floor":[80,80,80,80,80,80,72,72,72,72,68,72,72,65,65,52,80,80,56,21,21,21,21,27,23,23,80,80,80,67,55,79,46,85,60,81,81,81,81,81,81,58,58,58,58,36,17,0],"gold":182,"neow_bonus":"HUNDRED_GOLD","is_prod":false,"is_daily":false,"chose_seed":false,"campfire_upgraded":6,"win_rate":0,"timestamp":1541114808,"path_taken":["M","M","M","$","?","R","E","R","T","$","M","?","R","M","R","BOSS","M","M","?","?","?","$","M","?","T","?","$","M","M","M","R","BOSS","M","?","?","?","$","R","?","M","T","R","M","?","M","E"],"build_version":"2018-10-25v2","purchased_purges":3,"victory":false,"max_hp_per_floor":[80,80,80,80,80,80,80,80,80,80,80,80,80,80,80,80,80,80,80,80,80,80,80,80,80,80,80,80,80,80,80,80,80,85,85,85,85,85,85,85,85,85,85,85,85,85,85,85],"card_choices":[{"not_picked":["Havoc","True Grit"],"picked":"Uppercut","floor":1},{"not_picked":["Warcry","Twin Strike"],"picked":"Sword Boomerang","floor":2},{"not_picked":["Reaper","Shrug It Off"],"picked":"Rampage","floor":3},{"not_picked":["Burning Pact","Flex"],"picked":"Disarm","floor":7},{"not_picked":["Pommel Strike","Shockwave"],"picked":"Battle Trance","floor":11},{"not_picked":["Rage","Iron Wave"],"picked":"Spot Weakness","floor":12},{"not_picked":["Twin Strike","Body Slam"],"picked":"True Grit","floor":14},{"not_picked":["Impervious","Offering"],"picked":"Double Tap","floor":16},{"not_picked":["Hemokinesis","Uppercut"],"picked":"Iron Wave","floor":18},{"not_picked":["Twin Strike","True Grit"],"picked":"Thunderclap","floor":19},{"not_picked":["Thunderclap","Havoc+1","Anger"],"picked":"SKIP","floor":20},{"not_picked":["Bloodletting","Thunderclap"],"picked":"Infernal Blade+1","floor":24},{"not_picked":["Perfected Strike+1","Spot Weakness"],"picked":"Cleave","floor":25},{"not_picked":["Wild Strike","Havoc","Combust"],"picked":"SKIP","floor":29},{"not_picked":["Hemokinesis+1","Sentinel","Seeing Red"],"picked":"SKIP","floor":30},{"not_picked":["Twin Strike+1","Cleave","Flex"],"picked":"SKIP","floor":31},{"not_picked":["Fiend Fire","Double Tap"],"picked":"Offering","floor":33},{"not_picked":["True Grit","Cleave"],"picked":"Clash+1","floor":34},{"not_picked":["Pommel Strike+1","Blood for Blood+1"],"picked":"Shrug It Off","floor":35},{"not_picked":["Good Instincts","Finesse"],"picked":"Apotheosis","floor":38},{"not_picked":["Flex+1","Spot Weakness+1"],"picked":"Shrug It Off","floor":42},{"not_picked":["Pommel Strike+1","True Grit","Sentinel+1"],"picked":"SKIP","floor":45},{"not_picked":["Blood for Blood","Seeing Red"],"picked":"Pommel Strike+1","floor":46},{"not_picked":["Armaments+1","Burning Pact"],"picked":"Battle Trance","floor":47}],"player_experience":1619086,"relics_obtained":[{"floor":7,"key":"MawBank"},{"floor":9,"key":"Happy Flower"},{"floor":26,"key":"Shuriken"},{"floor":43,"key":"Potion Belt"}],"event_choices":[{"damage_healed":0,"gold_gain":0,"player_choice":"Ignored","damage_taken":0,"max_hp_gain":0,"max_hp_loss":0,"event_name":"Liars Game","floor":5,"gold_loss":0},{"damage_healed":0,"gold_gain":0,"player_choice":"Ignored","damage_taken":0,"max_hp_gain":0,"max_hp_loss":0,"event_name":"Cursed Tome","floor":21,"gold_loss":0},{"damage_healed":0,"gold_gain":0,"player_choice":"Ignored","damage_taken":0,"max_hp_gain":0,"max_hp_loss":0,"event_name":"Ghosts","floor":22,"gold_loss":0},{"cards_removed":["Burning Pact"],"damage_healed":57,"gold_gain":0,"player_choice":"Offered Uncommon","damage_taken":0,"max_hp_gain":0,"max_hp_loss":0,"event_name":"Bonfire Elementals","floor":27,"gold_loss":0},{"damage_healed":21,"gold_gain":0,"player_choice":"Writhe","damage_taken":0,"max_hp_gain":0,"max_hp_loss":0,"event_name":"Winding Halls","floor":36,"gold_loss":0,"cards_obtained":["Writhe"]},{"damage_healed":0,"gold_gain":0,"player_choice":"Ignored","damage_taken":0,"max_hp_gain":0,"max_hp_loss":0,"event_name":"Tomb of Lord Red Mask","floor":37,"gold_loss":0},{"damage_healed":0,"gold_gain":0,"player_choice":"Memory 1","damage_taken":0,"max_hp_gain":0,"max_hp_loss":0,"event_name":"SensoryStone","floor":38,"gold_loss":0}],"is_beta":false,"boss_relics":[{"not_picked":["Runic Dome","Calling Bell"],"picked":"Lizard Tail"},{"not_picked":["Coffee Dripper","Mark of Pain"],"picked":"Tiny House"}],"items_purged_floors":[4,10,23],"is_endless":false,"potions_floor_spawned":[2,3,12,16,18,19,25,42,45,47],"killed_by":"Reptomancer","ascension_level":0}