{"gold_per_floor":[119,131,150,164,134,159,159,7,34,54,54,89,89,105,105,207,207,219,237,162,162,172,172,185,185,257,147,161,261,280,10,10,115,115,129,129,129,148,248,297,309,335,335,335,355,8,34,49,49,49,49,49,49,76,76],"floor_reached":55,"playtime":3208,"items_purged":["Strike_R"],"score":814,"play_id":"d3741150-8190-4178-9d43-2ed9964261c0","local_time":"20190104113637","is_ascension_mode":false,"campfire_choices":[{"data":"Metallicize","floor":7.0,"key":"SMITH"},{"data":"Shrug It Off","floor":11.0,"key":"SMITH"},{"data":"Power Through","floor":15.0,"key":"SMITH"},{"floor":23,"key":"RECALL"},{"data":"Pummel","floor":25,"key":"SMITH"},{"data":"Sword Boomerang","floor":32,"key":"SMITH"},{"data":"Heavy Blade","floor":44,"key":"SMITH"},{"floor":49,"key":"REST"},{"data":"True Grit","floor":52,"key":"SMITH"}],"neow_cost":"NONE","seed_source_timestamp":0,"circlet_count":0,"master_deck":["Bash+1","Metallicize+1","Power Through+1","Iron Wave","Clothesline","Sword Boomerang+1","Pummel+1","Shrug It Off+1","Shrug It Off","Headbutt","Feed","Flame Barrier+1","Havoc+1","Clumsy","Whirlwind","Second Wind","Uppercut","Feed","Inflame","Anger","Disarm+1","Reaper","Sword Boomerang","Inflame","Clash","Heavy Blade+1","Sadistic Nature","Dramatic Entrance","Battle Trance+1","Feel No Pain+1","Demon Form","Pain","Shrug It Off","True Grit+1","Infernal Blade+1","Sword Boomerang+1"],"special_seed":0,"relics":["Burning Blood","Lantern","Orichalcum","Boot","Bag of Marbles","Cursed Key","Oddly Smooth Stone","Brimstone","Pandora\u0027s Box","Champion Belt","Turnip","Paper Frog","Regal Pillow","Charon\u0027s Ashes","Juzu Bracelet","War Paint"],"potions_floor_usage":[18,33,39,40,55,55],"damage_taken":[{"damage":6.0,"enemies":"Cultist","floor":1.0,"turns":3.0},{"damage":3.0,"enemies":"Jaw Worm","floor":2.0,"turns":4.0},{"damage":2.0,"enemies":"2 Louse","floor":3.0,"turns":3.0},{"damage":9.0,"enemies":"Large Slime","floor":4.0,"turns":8.0},{"damage":5.0,"enemies":"Looter","floor":5.0,"turns":4.0},{"damage":17.0,"enemies":"Gremlin Nob","floor":6.0,"turns":4.0},{"damage":1.0,"enemies":"Lots of Slimes","floor":10.0,"turns":4.0},{"damage":11.0,"enemies":"Lagavulin","floor":12.0,"turns":6.0},{"damage":0.0,"enemies":"2 Fungi Beasts","floor":14.0,"turns":3.0},{"damage":26.0,"enemies":"The Guardian","floor":16.0,"turns":14.0},{"damage":6,"enemies":"2 Thieves","floor":18,"turns":3},{"damage":5,"enemies":"Chosen","floor":19,"turns":3},{"damage":2,"enemies":"Snake Plant","floor":22,"turns":3},{"damage":12,"enemies":"Shelled Parasite and Fungi","floor":24,"turns":10},{"damage":0,"enemies":"Snecko","floor":28,"turns":4},{"damage":4,"enemies":"Cultist and Chosen","floor":30,"turns":9},{"damage":65,"enemies":"Automaton","floor":33,"turns":9},{"damage":19,"enemies":"3 Shapes","floor":35,"turns":3},{"damage":2,"enemies":"Orb Walker","floor":38,"turns":2},{"damage":49,"enemies":"Mind Bloom Boss Battle","floor":39,"turns":4},{"damage":16,"enemies":"2 Orb Walkers","floor":40,"turns":2},{"damage":0,"enemies":"3 Darklings","floor":41,"turns":1},{"damage":13,"enemies":"Giant Head","floor":42,"turns":6},{"damage":2,"enemies":"Jaw Worm Horde","floor":45,"turns":1},{"damage":30,"enemies":"Reptomancer","floor":47,"turns":4},{"damage":17,"enemies":"Sphere and 2 Shapes","floor":48,"turns":4},{"damage":107,"enemies":"Awakened One","floor":50,"turns":9},{"damage":70,"enemies":"Shield and Spear","floor":54,"turns":5},{"damage":49,"enemies":"The Heart","floor":55,"turns":2}],"seed_played":"-3645098321413936361","potions_obtained":[{"floor":3.0,"key":"Dexterity Potion"},{"floor":4.0,"key":"SpeedPotion"},{"floor":6.0,"key":"SpeedPotion"},{"floor":14.0,"key":"Explosive Potion"},{"floor":28,"key":"Poison Potion"},{"floor":33,"key":"Regen Potion"},{"floor":39,"key":"Explosive Potion"},{"floor":41,"key":"LiquidBronze"}],"is_trial":false,"path_per_floor":["M","M","M","M","M","E","R","$","T","M","R","E","?","M","R","B",null,"M","M","?","?","M","R","M","R","T","$","M","?","M","$","R","B",null,"M","$","?","M","?","?","M","E","T","R","M","$","E","M","R","B",null,"R","$","E","B"],"character_chosen":"IRONCLAD","items_purchased":["Orichalcum","Whirlwind","Brimstone","Uppercut","Charon\u0027s Ashes","Shrug It Off"],"campfire_rested":1,"item_purchase_floors":[8,27,31,31,46,46],"current_hp_per_floor":[80,80,80,77,78,67,67,67,67,72,72,67,72,78,78,58,85,88,91,91,91,94,94,91,91,91,91,97,97,97,97,97,38,97,87,87,82,98,63,56,62,77,77,77,81,81,77,69,109,29,112,112,112,48,0],"gold":76,"neow_bonus":"UPGRADE_CARD","is_prod":false,"is_daily":false,"chose_seed":false,"campfire_upgraded":7,"win_rate":0,"timestamp":1546619797,"path_taken":["M","M","?","M","?","E","R","$","T","M","R","E","?","M","R","BOSS","M","M","?","?","M","R","M","R","T","$","M","?","M","$","R","BOSS","M","?","?","M","?","?","M","E","T","R","M","$","E","M","R","BOSS","R","$","E","BOSS"],"build_version":"2019-01-03v3","purchased_purges":1,"victory":false,"max_hp_per_floor":[80,80,80,80,80,80,80,80,80,80,80,80,85,85,85,85,85,88,91,91,91,94,94,97,97,97,97,97,97,97,97,97,97,97,100,100,100,100,103,106,106,106,106,106,106,106,106,109,109,112,112,112,112,112,112],"card_choices":[{"not_picked":["Heavy Blade","Iron Wave"],"picked":"Metallicize","floor":1.0},{"not_picked":["Flex","Perfected Strike"],"picked":"Power Through","floor":2.0},{"not_picked":["Warcry","Havoc"],"picked":"Iron Wave","floor":3.0},{"not_picked":["Pommel Strike","Headbutt"],"picked":"Clothesline","floor":4.0},{"not_picked":["Ghostly Armor","Metallicize"],"picked":"Sword Boomerang","floor":5.0},{"not_picked":["Intimidate","Rupture"],"picked":"Pummel","floor":6.0},{"not_picked":["Evolve","Anger"],"picked":"Shrug It Off","floor":10.0},{"not_picked":["Armaments","Clothesline"],"picked":"Shrug It Off","floor":12.0},{"not_picked":["Dark Embrace","Clothesline"],"picked":"Headbutt","floor":14.0},{"not_picked":["Immolate","Dark Embrace"],"picked":"Feed","floor":16.0},{"not_picked":["Warcry","Heavy Blade"],"picked":"Flame Barrier","floor":18},{"not_picked":["Hemokinesis+1","Warcry","Flame Barrier"],"picked":"SKIP","floor":19},{"not_picked":["Perfected Strike+1","Sword Boomerang","Shrug It Off+1"],"picked":"SKIP","floor":22},{"not_picked":["Wild Strike","Hemokinesis+1"],"picked":"Havoc+1","floor":24},{"not_picked":["Carnage+1","Thunderclap+1"],"picked":"Second Wind","floor":28},{"not_picked":["Headbutt+1","Iron Wave","Twin Strike"],"picked":"SKIP","floor":30},{"not_picked":["Brutality","Barricade"],"picked":"Feed","floor":33},{"not_picked":["Pommel Strike+1","Seeing Red"],"picked":"Heavy Blade","floor":35},{"not_picked":["Dramatic Entrance","Enlightenment"],"picked":"Sadistic Nature","floor":37},{"not_picked":["Discovery","Deep Breath"],"picked":"Dramatic Entrance","floor":37},{"not_picked":["Anger","Sword Boomerang+1"],"picked":"Battle Trance+1","floor":38},{"not_picked":["Combust+1","Flame Barrier"],"picked":"Feel No Pain+1","floor":39},{"not_picked":["Havoc+1","Sever Soul+1","Iron Wave+1"],"picked":"SKIP","floor":41},{"not_picked":["Dual Wield+1","Twin Strike+1"],"picked":"Demon Form","floor":42},{"not_picked":["Rampage","Pommel Strike","Iron Wave+1"],"picked":"SKIP","floor":45},{"not_picked":["Bludgeon","Cleave+1"],"picked":"True Grit","floor":47},{"not_picked":["True Grit+1","Shockwave"],"picked":"Infernal Blade+1","floor":48},{"not_picked":["Shrug It Off","Pommel Strike+1"],"picked":"Sword Boomerang+1","floor":54}],"player_experience":1999504,"relics_obtained":[{"floor":6.0,"key":"Lantern"},{"floor":9.0,"key":"Boot"},{"floor":12.0,"key":"Bag of Marbles"},{"floor":39,"key":"Champion Belt"},{"floor":40,"key":"Turnip"},{"floor":42,"key":"Paper Frog"},{"floor":43,"key":"Regal Pillow"},{"floor":47,"key":"Juzu Bracelet"},{"floor":54,"key":"War Paint"}],"event_choices":[{"damage_healed":0.0,"max_hp_gain":5.0,"max_hp_loss":0.0,"gold_gain":0.0,"event_name":"Big Fish","player_choice":"Donut","floor":13.0,"gold_loss":0.0,"damage_taken":0.0},{"cards_removed":["Strike_R"],"damage_healed":0,"gold_gain":0,"player_choice":"Gave Gold","damage_taken":0,"max_hp_gain":0,"max_hp_loss":0,"event_name":"Beggar","floor":20,"gold_loss":75},{"damage_healed":0,"gold_gain":0,"player_choice":"Opened","damage_taken":0,"relics_obtained":["Oddly Smooth Stone"],"max_hp_gain":0,"max_hp_loss":0,"event_name":"The Mausoleum","floor":21,"gold_loss":0},{"damage_healed":0,"gold_gain":100,"player_choice":"Pray","damage_taken":0,"max_hp_gain":0,"max_hp_loss":0,"event_name":"Golden Shrine","floor":29,"gold_loss":0},{"damage_healed":0,"gold_gain":0,"player_choice":"Memory 2","damage_taken":5,"max_hp_gain":0,"max_hp_loss":0,"event_name":"SensoryStone","floor":37,"gold_loss":0},{"damage_healed":0,"gold_gain":0,"player_choice":"Fight","damage_taken":0,"max_hp_gain":0,"max_hp_loss":0,"event_name":"MindBloom","floor":39,"gold_loss":0},{"damage_healed":0,"gold_gain":0,"player_choice":"Fight","damage_taken":0,"max_hp_gain":0,"max_hp_loss":0,"event_name":"Mysterious Sphere","floor":40,"gold_loss":0}],"is_beta":false,"boss_relics":[{"not_picked":["Calling Bell","Mark of Pain"],"picked":"Cursed Key"},{"not_picked":["Orrery","Snecko Eye"],"picked":"Pandora\u0027s Box"}],"items_purged_floors":[27],"is_endless":false,"potions_floor_spawned":[3,4,6,14,28,30,33,35,39,41,54],"killed_by":"The Heart","ascension_level":0}