{"gold_per_floor":[109,109,109,30,79,114,114,289,314,327,393,10,10,34,34,34],"floor_reached":16,"playtime":351,"items_purged":["Doubt"],"score":96,"play_id":"fd32adc0-3585-4cd6-b4de-1d3f376985c9","local_time":"20180723172040","is_ascension_mode":false,"campfire_choices":[{"data":"Neutralize","floor":7,"key":"SMITH"},{"floor":13,"key":"REST"},{"data":"Terror","floor":15,"key":"SMITH"}],"neow_cost":"","seed_source_timestamp":344743390406860,"circlet_count":0,"master_deck":["Defend_G","Defend_G","Defend_G","Defend_G","Defend_G","Strike_G","Strike_G+1","Strike_G","Strike_G+1","Strike_G","Survivor","Neutralize+1","Backstab","Caltrops","Acrobatics","Terror+1","Leg Sweep"],"relics":["Ring of the Snake","Golden Idol","Juzu Bracelet","Oddly Smooth Stone","Art of War","Unceasing Top"],"potions_floor_usage":[6,16],"damage_taken":[{"damage":0,"enemies":"Jaw Worm","floor":1,"turns":5},{"damage":6,"enemies":"Gremlin Nob","floor":6,"turns":4},{"damage":4,"enemies":"Cultist","floor":10,"turns":2},{"damage":4,"enemies":"Small Slimes","floor":14,"turns":2},{"damage":46,"enemies":"Slime Boss","floor":16,"turns":11}],"seed_played":"-7279199569767718261","potions_obtained":[{"floor":1,"key":"LiquidBronze"},{"floor":10,"key":"SpeedPotion"}],"is_trial":false,"path_per_floor":["M","?","?","$","T","E","R","?","T","M","?","$","R","M","R"],"character_chosen":"THE_SILENT","items_purchased":["Caltrops","Unceasing Top"],"campfire_rested":1,"item_purchase_floors":[4,12],"current_hp_per_floor":[70,56,39,39,39,33,33,33,33,29,29,29,50,46,46,0],"gold":34,"neow_bonus":"","is_prod":false,"is_daily":false,"chose_seed":false,"campfire_upgraded":2,"win_rate":0,"timestamp":1532332240,"path_taken":["M","?","?","?","?","E","R","?","T","M","?","$","R","M","R","BOSS"],"build_version":"2018-07-19v2","purchased_purges":1,"victory":false,"max_hp_per_floor":[70,70,70,70,70,70,70,70,70,70,70,70,70,70,70,70],"card_choices":[{"not_picked":["Reflex","Deadly Poison"],"picked":"Backstab","floor":1},{"not_picked":["Setup","Deflect"],"picked":"Acrobatics","floor":6},{"not_picked":["Distraction","Choke"],"picked":"Terror","floor":10},{"not_picked":["Terror","Bane"],"picked":"Leg Sweep","floor":14}],"player_experience":241122,"relics_obtained":[{"floor":5,"key":"Juzu Bracelet"},{"floor":6,"key":"Oddly Smooth Stone"},{"floor":9,"key":"Art of War"}],"event_choices":[{"event_name":"Shining Light","player_choice":"Entered Light","floor":2,"damage_taken":0},{"event_name":"Golden Idol","player_choice":"Take Damage","floor":3,"damage_taken":0},{"event_name":"Liars Game","player_choice":"agreed","floor":8,"damage_taken":0},{"event_name":"Golden Wing","player_choice":"Gained Gold","floor":11,"damage_taken":0}],"is_beta":false,"boss_relics":[],"items_purged_floors":[12],"is_endless":false,"potions_floor_spawned":[1,10],"killed_by":"Slime Boss","ascension_level":0}