{"gold_per_floor":[163,64,64,64,85,85,85,108,108,132,156,175,191,231,231,231],"floor_reached":16,"playtime":745,"items_purged":["Strike_B"],"score":177,"play_id":"d2bea6c2-f3b1-46ba-a67e-cc76b62a6dfa","local_time":"20180806141007","is_ascension_mode":true,"campfire_choices":[{"data":"Zap","floor":6,"key":"SMITH"},{"floor":15,"key":"REST"}],"neow_cost":"NONE","seed_source_timestamp":1024433866538588,"circlet_count":0,"master_deck":["Strike_B","Strike_B","Strike_B","Defend_B+1","Defend_B","Defend_B","Defend_B","Zap+1","Dualcast+1","AscendersBane","Gash","Chaos","Gash","Self Repair","Leap","Leap","Compile Driver","Core Surge"],"relics":["Tiny House","Golden Idol","DataDisk","Toxic Egg 2"],"potions_floor_usage":[10,14,16],"damage_taken":[{"damage":7,"enemies":"Jaw Worm","floor":1,"turns":4},{"damage":0,"enemies":"2 Louse","floor":5,"turns":3},{"damage":5,"enemies":"Small Slimes","floor":8,"turns":3},{"damage":3,"enemies":"2 Fungi Beasts","floor":10,"turns":3},{"damage":6,"enemies":"Looter","floor":11,"turns":5},{"damage":22,"enemies":"Lots of Slimes","floor":12,"turns":5},{"damage":7,"enemies":"Exordium Wildlife","floor":13,"turns":6},{"damage":28,"enemies":"Gremlin Nob","floor":14,"turns":5},{"damage":55,"enemies":"The Guardian","floor":16,"turns":12}],"seed_played":"7090561733519799220","potions_obtained":[{"floor":0,"key":"PowerPotion"},{"floor":1,"key":"PowerPotion"},{"floor":14,"key":"Swift Potion"}],"is_trial":false,"path_per_floor":["M","$","?","?","M","R","?","M","T","M","M","M","M","E","R"],"character_chosen":"DEFECT","items_purchased":["Gash"],"campfire_rested":1,"item_purchase_floors":[2],"current_hp_per_floor":[62,62,43,43,43,43,43,45,45,49,50,35,35,7,29,0],"gold":231,"neow_bonus":"BOSS_RELIC","is_prod":false,"is_daily":false,"chose_seed":false,"campfire_upgraded":1,"win_rate":0,"timestamp":1533579007,"path_taken":["M","$","?","?","M","R","?","M","T","M","M","?","M","E","R","BOSS"],"build_version":"2018-08-02","purchased_purges":1,"victory":false,"max_hp_per_floor":[76,76,76,76,76,76,76,76,76,76,76,76,76,76,76,76],"card_choices":[{"not_picked":["Rebound","Redo"],"picked":"Gash","floor":0},{"not_picked":["Consume","Reinforced Body"],"picked":"Chaos","floor":1},{"not_picked":["Lockon","Heatsinks"],"picked":"Self Repair","floor":5},{"not_picked":["Storm","Hologram"],"picked":"Leap","floor":8},{"not_picked":["Melter","Turbo","Barrage"],"picked":"SKIP","floor":10},{"not_picked":["Rebound","Redo","Sunder"],"picked":"SKIP","floor":11},{"not_picked":["Turbo","Blizzard"],"picked":"Leap","floor":12},{"not_picked":["Coolheaded","Undo"],"picked":"Compile Driver","floor":13},{"not_picked":["Cold Snap","Genetic Algorithm"],"picked":"Core Surge","floor":14}],"player_experience":1458473,"relics_obtained":[{"floor":9,"key":"DataDisk"},{"floor":14,"key":"Toxic Egg 2"}],"event_choices":[{"event_name":"Golden Idol","player_choice":"Take Damage","floor":3,"damage_taken":0},{"event_name":"Shining Light","player_choice":"Ignored","floor":4,"damage_taken":0},{"event_name":"Accursed Blacksmith","player_choice":"Forge","floor":7,"damage_taken":0}],"is_beta":false,"boss_relics":[],"items_purged_floors":[2],"is_endless":false,"potions_floor_spawned":[1,5,14],"killed_by":"The Guardian","ascension_level":14}