{"gold_per_floor":[114,114,114,38,113,113,126,144,170,191,191,232,232,232,232,355,355,380,380,380,396,396,396,430,449,476,476,495,495,218,242,242,242],"floor_reached":33,"playtime":1278,"items_purged":["Strike_R"],"score":263,"play_id":"7058aeff-8fbc-46c5-8577-3066fa5dd402","local_time":"20190111144552","is_ascension_mode":false,"campfire_choices":[{"floor":6,"key":"REST"},{"floor":11,"key":"REST"},{"data":"Bash","floor":13,"key":"SMITH"},{"floor":15,"key":"RECALL"},{"floor":23,"key":"REST"},{"data":"True Grit","floor":27,"key":"SMITH"},{"floor":32,"key":"REST"}],"neow_cost":"NONE","seed_source_timestamp":212687113017847,"circlet_count":0,"master_deck":["Strike_R","Strike_R","Strike_R","Strike_R","Defend_R+1","Defend_R","Defend_R","Defend_R","Bash+1","Uppercut+1","Dropkick","Dropkick","Impervious","Thunderclap","True Grit+1","Thunderclap","Pommel Strike"],"relics":["Burning Blood","NeowsBlessing","Golden Idol","Ancient Tea Set","Anchor","Runic Cube","Mango","PreservedInsect","Oddly Smooth Stone"],"potions_floor_usage":[12,12,16,24,31,33],"damage_taken":[{"damage":0,"enemies":"2 Louse","floor":1,"turns":1},{"damage":0,"enemies":"Small Slimes","floor":7,"turns":1},{"damage":0,"enemies":"Cultist","floor":8,"turns":1},{"damage":10,"enemies":"Looter","floor":10,"turns":2},{"damage":3,"enemies":"Lagavulin","floor":12,"turns":3},{"damage":66,"enemies":"Hexaghost","floor":16,"turns":12},{"damage":27,"enemies":"3 Byrds","floor":18,"turns":9},{"damage":10,"enemies":"Chosen","floor":21,"turns":4},{"damage":33,"enemies":"Book of Stabbing","floor":24,"turns":6},{"damage":17,"enemies":"Centurion and Healer","floor":25,"turns":7},{"damage":25,"enemies":"Shelled Parasite and Fungi","floor":28,"turns":10},{"damage":0,"enemies":"Snecko","floor":31,"turns":5},{"damage":79,"enemies":"Collector","floor":33,"turns":7}],"seed_played":"-3126898822883360129","potions_obtained":[{"floor":1,"key":"SpeedPotion"},{"floor":8,"key":"PowerPotion"},{"floor":10,"key":"Energy Potion"},{"floor":18,"key":"GamblersBrew"},{"floor":21,"key":"Fire Potion"},{"floor":24,"key":"SneckoOil"}],"is_trial":false,"path_per_floor":["M","?","?","$","?","R","M","M","T","M","R","E","R","?","R","B",null,"M","?","?","M","?","R","E","M","T","R","M","?","$","M","R","B"],"character_chosen":"IRONCLAD","items_purchased":["Dropkick","Oddly Smooth Stone","Thunderclap"],"campfire_rested":4,"item_purchase_floors":[4,30,30],"current_hp_per_floor":[80,64,44,44,33,57,63,69,69,65,80,80,80,80,80,20,80,59,59,59,55,55,79,66,55,55,55,36,36,36,42,70,0],"gold":242,"neow_bonus":"THREE_ENEMY_KILL","is_prod":false,"is_daily":false,"chose_seed":false,"campfire_upgraded":2,"win_rate":0,"timestamp":1547235952,"path_taken":["M","?","?","$","?","R","M","M","T","M","R","E","R","?","R","BOSS","M","?","?","?","?","R","E","?","T","R","M","?","$","M","R","BOSS"],"build_version":"2019-01-10","purchased_purges":1,"victory":false,"max_hp_per_floor":[80,80,80,80,80,80,80,80,80,80,80,80,80,80,80,80,80,80,80,80,80,80,80,94,94,94,94,94,94,94,94,94,94],"card_choices":[{"not_picked":["Power Through","Blood for Blood"],"picked":"Uppercut","floor":1},{"not_picked":["Cleave","Clothesline"],"picked":"Dropkick","floor":7},{"not_picked":["Dual Wield","Flame Barrier","Feel No Pain"],"picked":"SKIP","floor":8},{"not_picked":["Twin Strike","Clothesline","Barricade"],"picked":"SKIP","floor":10},{"not_picked":["Carnage","Blood for Blood","Heavy Blade"],"picked":"SKIP","floor":12},{"not_picked":["Reaper","Feed"],"picked":"Impervious","floor":16},{"not_picked":["Warcry","Cleave","Perfected Strike"],"picked":"SKIP","floor":18},{"not_picked":["Sever Soul+1","Warcry","Clash"],"picked":"SKIP","floor":21},{"not_picked":["Flex","Sentinel+1"],"picked":"Thunderclap","floor":24},{"not_picked":["Wild Strike","Inflame"],"picked":"True Grit","floor":25},{"not_picked":["Flame Barrier","Clothesline+1","Body Slam"],"picked":"SKIP","floor":28},{"not_picked":["Disarm+1","Pummel+1"],"picked":"Pommel Strike","floor":31}],"player_experience":2080295,"relics_obtained":[{"floor":9,"key":"Ancient Tea Set"},{"floor":12,"key":"Anchor"},{"floor":24,"key":"Mango"},{"floor":26,"key":"PreservedInsect"}],"event_choices":[{"damage_healed":0,"gold_gain":0,"player_choice":"Entered Light","damage_taken":16,"max_hp_gain":0,"max_hp_loss":0,"event_name":"Shining Light","floor":2,"gold_loss":0,"cards_upgraded":["Defend_R","Uppercut"]},{"damage_healed":0,"gold_gain":0,"player_choice":"Take Damage","damage_taken":20,"relics_obtained":["Golden Idol"],"max_hp_gain":0,"max_hp_loss":0,"event_name":"Golden Idol","floor":3,"gold_loss":0},{"damage_healed":0,"gold_gain":75,"player_choice":"Gather Gold","damage_taken":11,"max_hp_gain":0,"max_hp_loss":0,"event_name":"World of Goop","floor":5,"gold_loss":0},{"damage_healed":0,"gold_gain":0,"player_choice":"Full Heal","damage_taken":0,"max_hp_gain":0,"max_hp_loss":0,"event_name":"Wheel of Change","floor":14,"gold_loss":0},{"damage_healed":0,"gold_gain":0,"player_choice":"Ignored","damage_taken":0,"max_hp_gain":0,"max_hp_loss":0,"event_name":"The Mausoleum","floor":19,"gold_loss":0},{"damage_healed":0,"gold_gain":0,"player_choice":"Bought 0 Potions","damage_taken":0,"max_hp_gain":0,"max_hp_loss":0,"event_name":"The Woman in Blue","floor":20,"gold_loss":0},{"damage_healed":0,"gold_gain":0,"player_choice":"Ignored","damage_taken":0,"max_hp_gain":0,"max_hp_loss":0,"event_name":"NoteForYourself","floor":22,"gold_loss":0},{"damage_healed":0,"gold_gain":0,"player_choice":"Ignored","damage_taken":0,"max_hp_gain":0,"max_hp_loss":0,"event_name":"Ghosts","floor":29,"gold_loss":0}],"is_beta":false,"boss_relics":[{"not_picked":["Cursed Key","Busted Crown"],"picked":"Runic Cube"}],"items_purged_floors":[30],"is_endless":false,"potions_floor_spawned":[1,8,10,18,21,24],"killed_by":"Collector","ascension_level":0}