{"gold_per_floor":[112,132,144,144,163,190,202,216,240,240,240,253,270,298,298,370,370,388,400,29,45,57,57,84,96,108,132,160,192,204,216],"floor_reached":31,"playtime":1929,"items_purged":["Shame"],"score":495,"play_id":"58fa239a-e827-4026-883f-9e65947728ad","local_time":"20181120172842","is_ascension_mode":true,"campfire_choices":[{"floor":15,"key":"REST"},{"floor":23,"key":"REST"},{"floor":25,"key":"REST"}],"neow_cost":"NONE","seed_source_timestamp":236009046937822,"circlet_count":0,"master_deck":["AscendersBane","Strike_B","Strike_B","Strike_B","Defend_B","Defend_B","Defend_B","Defend_B","Zap","Dualcast","Parasite","Injury","BootSequence","Self Repair","Conserve Battery","Streamline","Leap","Double Energy","Leap","Go for the Eyes","Sweeping Beam","Capacitor","Reboot","Compile Driver","Coolheaded","Ball Lightning","Compile Driver+1","Hologram","Darkness+1","Conserve Battery"],"relics":["Calling Bell","Vajra","Symbiotic Virus","Unceasing Top","Darkstone Periapt","Blood Vial","Bronze Scales","Smiling Mask","Nuclear Battery","Frozen Egg 2","MawBank","CultistMask"],"potions_floor_usage":[5,6,16,19,24,24],"damage_taken":[{"damage":8,"enemies":"2 Louse","floor":1,"turns":2},{"damage":1,"enemies":"Cultist","floor":2,"turns":3},{"damage":7,"enemies":"Small Slimes","floor":3,"turns":4},{"damage":25,"enemies":"Gremlin Gang","floor":5,"turns":4},{"damage":28,"enemies":"Lagavulin","floor":6,"turns":6},{"damage":3,"enemies":"Red Slaver","floor":7,"turns":3},{"damage":0,"enemies":"2 Fungi Beasts","floor":8,"turns":4},{"damage":23,"enemies":"Exordium Wildlife","floor":12,"turns":4},{"damage":30,"enemies":"Exordium Thugs","floor":13,"turns":6},{"damage":26,"enemies":"3 Sentries","floor":14,"turns":5},{"damage":51,"enemies":"Slime Boss","floor":16,"turns":9},{"damage":24,"enemies":"Chosen","floor":18,"turns":7},{"damage":15,"enemies":"2 Thieves","floor":19,"turns":3},{"damage":11,"enemies":"Shelled Parasite and Fungi","floor":21,"turns":6},{"damage":22,"enemies":"Sentry and Sphere","floor":22,"turns":5},{"damage":48,"enemies":"Slavers","floor":24,"turns":6},{"damage":8,"enemies":"Cultist and Chosen","floor":27,"turns":6},{"damage":9,"enemies":"Snecko","floor":28,"turns":5},{"damage":14,"enemies":"3 Cultists","floor":29,"turns":5},{"damage":37,"enemies":"Book of Stabbing","floor":31,"turns":4}],"seed_played":"-7543455908556585042","potions_obtained":[{"floor":2,"key":"Regen Potion"},{"floor":3,"key":"PowerPotion"},{"floor":13,"key":"FocusPotion"},{"floor":16,"key":"Explosive Potion"},{"floor":18,"key":"FearPotion"},{"floor":21,"key":"Poison Potion"},{"floor":27,"key":"SteroidPotion"}],"is_trial":false,"path_per_floor":["M","M","M","?","M","E","M","M","T","?","?","M","M","E","R","B",null,"M","M","$","M","M","R","E","R","T","M","M","M","?","E"],"character_chosen":"DEFECT","items_purchased":["Frozen Egg 2","Ball Lightning"],"campfire_rested":3,"item_purchase_floors":[20,20],"current_hp_per_floor":[56,55,55,55,49,28,25,32,32,32,81,65,44,27,51,9,63,48,42,42,40,27,51,12,36,36,37,37,32,32,0],"gold":216,"neow_bonus":"BOSS_RELIC","is_prod":false,"is_daily":false,"chose_seed":false,"campfire_upgraded":0,"win_rate":0,"timestamp":1542752922,"path_taken":["M","M","M","?","?","E","M","M","T","?","?","M","M","E","R","BOSS","M","?","?","M","M","R","E","R","T","M","M","M","?","E"],"build_version":"2018-11-15","purchased_purges":1,"victory":false,"max_hp_per_floor":[71,71,71,71,71,71,71,71,71,71,81,81,81,81,81,81,81,81,81,81,81,81,81,81,81,81,81,81,81,81,81],"card_choices":[{"not_picked":["Chill","Scrape"],"picked":"BootSequence","floor":1},{"not_picked":["Ball Lightning","Go for the Eyes"],"picked":"Self Repair","floor":2},{"not_picked":["Beam Cell","Turbo"],"picked":"Conserve Battery","floor":3},{"not_picked":["Tempest","Stack"],"picked":"Streamline","floor":5},{"not_picked":["Sweeping Beam","Beam Cell"],"picked":"Leap","floor":6},{"not_picked":["Tempest","Rebound"],"picked":"Double Energy","floor":7},{"not_picked":["Sweeping Beam","Blizzard"],"picked":"Leap","floor":8},{"not_picked":["Blizzard","Chaos"],"picked":"Go for the Eyes","floor":12},{"not_picked":["Melter","Turbo"],"picked":"Sweeping Beam","floor":13},{"not_picked":["Streamline","Lockon"],"picked":"Capacitor","floor":14},{"not_picked":["Fission","Thunder Strike"],"picked":"Reboot","floor":16},{"not_picked":["Turbo","Rebound"],"picked":"Compile Driver","floor":18},{"not_picked":["Gash","Static Discharge"],"picked":"Coolheaded","floor":19},{"not_picked":["Gash","Ball Lightning","Go for the Eyes"],"picked":"SKIP","floor":21},{"not_picked":["Go for the Eyes","Fusion"],"picked":"Compile Driver+1","floor":22},{"not_picked":["Steam+1","Blizzard"],"picked":"Hologram","floor":24},{"not_picked":["Chill","Aggregate"],"picked":"Darkness+1","floor":27},{"not_picked":["Auto Shields","Lockon","Stack"],"picked":"SKIP","floor":28},{"not_picked":["Compile Driver","FTL"],"picked":"Conserve Battery","floor":29}],"player_experience":1727991,"relics_obtained":[{"floor":0,"key":"Vajra"},{"floor":0,"key":"Symbiotic Virus"},{"floor":0,"key":"Unceasing Top"},{"floor":6,"key":"Darkstone Periapt"},{"floor":9,"key":"Blood Vial"},{"floor":14,"key":"Smiling Mask"},{"floor":24,"key":"MawBank"}],"event_choices":[{"damage_healed":0,"gold_gain":0,"cards_transformed":["Strike_B"],"player_choice":"Transformed","damage_taken":0,"max_hp_gain":0,"max_hp_loss":0,"event_name":"Transmorgrifier","floor":4,"gold_loss":0,"cards_obtained":["Multi-Cast"]},{"damage_healed":0,"gold_gain":0,"player_choice":"Searched \u00271\u0027 times","damage_taken":0,"relics_obtained":["Bronze Scales"],"max_hp_gain":0,"max_hp_loss":0,"event_name":"Dead Adventurer","floor":10,"gold_loss":0},{"cards_removed":["Multi-Cast"],"damage_healed":39,"gold_gain":0,"player_choice":"Offered Rare","damage_taken":0,"max_hp_gain":10,"max_hp_loss":0,"event_name":"Bonfire Elementals","floor":11,"gold_loss":0},{"damage_healed":0,"gold_gain":0,"player_choice":"Trade","damage_taken":0,"relics_obtained":["CultistMask"],"max_hp_gain":0,"max_hp_loss":0,"event_name":"FaceTrader","floor":30,"gold_loss":0}],"is_beta":false,"boss_relics":[{"not_picked":["Orrery","Black Star"],"picked":"Nuclear Battery"}],"items_purged_floors":[20],"is_endless":false,"potions_floor_spawned":[2,3,13,16,18,21,27],"killed_by":"Book of Stabbing","ascension_level":16}