{"gold_per_floor":[118,136,136,136,150,150,75,75,146,158,158,170,170,198,198,297,297,313,313,363,377,390,418,418,15,15,15,15,46,46,66,66,164,164,180,195,0,18,33,33,59,59,59,59,90,102,121,156,156,156],"floor_reached":51,"playtime":4173,"items_purged":["Strike_R","Strike_R"],"score":1138,"play_id":"fa9e309a-f600-44a7-a475-cd5294a91377","local_time":"20180629041109","is_ascension_mode":true,"campfire_choices":[{"data":"Armaments","floor":8.0,"key":"SMITH"},{"data":"Flame Barrier","floor":11.0,"key":"SMITH"},{"data":"Bash","floor":13.0,"key":"SMITH"},{"data":"Pommel Strike","floor":15.0,"key":"SMITH"},{"data":"Inflame","floor":24.0,"key":"SMITH"},{"data":"Defend_R","floor":27.0,"key":"SMITH"},{"data":"Defend_R","floor":30.0,"key":"SMITH"},{"data":"Battle Trance","floor":32.0,"key":"SMITH"},{"data":"Defend_R","floor":40.0,"key":"SMITH"},{"data":"Strike_R","floor":42.0,"key":"SMITH"},{"floor":49,"key":"REST"}],"neow_cost":"","seed_source_timestamp":0,"circlet_count":0,"master_deck":["Strike_R","Strike_R+1","Strike_R+1","Defend_R+1","Defend_R+1","Defend_R+1","Defend_R+1","Bash+1","Armaments+1","Pommel Strike+1","Flame Barrier+1","Body Slam+1","Heavy Blade+1","Iron Wave+1","Feed+1","Heavy Blade+1","Necronomicurse","Inflame+1","Spot Weakness+1","Metallicize+1","Battle Trance+1","Immolate+1","Iron Wave+1","Carnage+1","Headbutt+1","Clumsy","Madness+1","Madness+1","Uppercut+1","Metallicize+1","Metallicize+1","Disarm+1"],"special_seed":0,"relics":["Burning Blood","Magic Flower","Molten Egg 2","Unceasing Top","Velvet Choker","Necronomicon","Blood Vial","Singing Bowl","Ancient Tea Set","Darkstone Periapt","Anchor","Cursed Key","Red Mask","Ornamental Fan","Bottled Flame","War Paint","Bronze Scales"],"potions_floor_usage":[50],"damage_taken":[{"damage":5.0,"enemies":"Cultist","floor":1.0,"turns":4.0},{"damage":1.0,"enemies":"2 Louse","floor":2.0,"turns":4.0},{"damage":0.0,"enemies":"Jaw Worm","floor":5.0,"turns":4.0},{"damage":0.0,"enemies":"3 Louse","floor":10.0,"turns":2.0},{"damage":3.0,"enemies":"Blue Slaver","floor":12.0,"turns":3.0},{"damage":13.0,"enemies":"Gremlin Nob","floor":14.0,"turns":5.0},{"damage":13.0,"enemies":"The Guardian","floor":16.0,"turns":12.0},{"damage":0.0,"enemies":"3 Byrds","floor":18.0,"turns":3.0},{"damage":9.0,"enemies":"2 Thieves","floor":21.0,"turns":5.0},{"damage":13.0,"enemies":"Centurion and Healer","floor":22.0,"turns":6.0},{"damage":23.0,"enemies":"Gremlin Leader","floor":23.0,"turns":5.0},{"damage":12.0,"enemies":"Slavers","floor":29.0,"turns":5.0},{"damage":9.0,"enemies":"Cultist and Chosen","floor":31.0,"turns":4.0},{"damage":29.0,"enemies":"Collector","floor":33.0,"turns":6.0},{"damage":0.0,"enemies":"Orb Walker","floor":35.0,"turns":2.0},{"damage":1.0,"enemies":"3 Darklings","floor":36.0,"turns":4.0},{"damage":23.0,"enemies":"Maw","floor":38.0,"turns":5.0},{"damage":7.0,"enemies":"Sphere and 2 Shapes","floor":39.0,"turns":4.0},{"damage":6.0,"enemies":"2 Orb Walkers","floor":41.0,"turns":3.0},{"damage":45.0,"enemies":"Nemesis","floor":45.0,"turns":7.0},{"damage":0.0,"enemies":"Transient","floor":46.0,"turns":5.0},{"damage":37.0,"enemies":"Maw","floor":47.0,"turns":5.0},{"damage":0,"enemies":"Giant Head","floor":48,"turns":6},{"damage":32,"enemies":"Awakened One","floor":50,"turns":8}],"seed_played":"-3710160184727076300","potions_obtained":[{"floor":2.0,"key":"Fruit Juice"},{"floor":5.0,"key":"Fire Potion"},{"floor":6.0,"key":"Regen Potion"},{"floor":6.0,"key":"AttackPotion"},{"floor":12.0,"key":"Dexterity Potion"},{"floor":14.0,"key":"FairyPotion"},{"floor":18.0,"key":"EssenceOfSteel"},{"floor":29.0,"key":"FearPotion"},{"floor":31.0,"key":"Dexterity Potion"},{"floor":33.0,"key":"FairyPotion"},{"floor":35.0,"key":"PowerPotion"},{"floor":36.0,"key":"BloodPotion"}],"is_trial":false,"path_per_floor":["M","M","T","?","M","?","$","R","T","M","R","M","R","E","R","B",null,"M","?","?","M","M","E","R","$","T","R","$","E","R","M","R","B",null,"M","M","?","M","M","R","E","R","T","?","E","M","M","E","R","B"],"character_chosen":"IRONCLAD","items_purchased":["Singing Bowl","Ancient Tea Set"],"campfire_rested":1,"item_purchase_floors":[],"current_hp_per_floor":[45,50,50,31,48,48,48,48,48,57,57,63,63,59,59,55,90,105,89,89,95,91,99,99,99,99,99,99,99,99,102,102,91,108,113,115,115,109,114,114,120,120,126,110,77,89,64,76,114,112],"gold":156,"neow_bonus":"","is_prod":false,"is_daily":false,"chose_seed":false,"campfire_upgraded":10,"win_rate":0,"timestamp":1530238269,"path_taken":["M","M","?","?","M","?","$","R","T","?","R","M","R","E","R","BOSS","M","?","?","M","M","E","R","$","T","R","?","E","R","M","R","BOSS","M","M","?","?","M","R","E","R","T","?","E","M","M","E","R","BOSS"],"build_version":"2018-06-28","purchased_purges":2,"victory":true,"max_hp_per_floor":[96,96,96,96,101,101,101,101,101,101,101,101,101,101,101,101,101,105,105,105,109,109,109,109,109,109,109,109,109,109,109,109,113,113,113,115,115,121,121,121,121,121,127,127,127,127,127,127,127,127],"card_choices":[{"not_picked":["Sword Boomerang","Dual Wield"],"picked":"Armaments","floor":1.0},{"not_picked":["Dual Wield","Clash"],"picked":"Pommel Strike","floor":2.0},{"not_picked":["Headbutt","Carnage"],"picked":"Flame Barrier","floor":5.0},{"not_picked":["Rampage+1","Cleave+1"],"picked":"Body Slam+1","floor":10.0},{"not_picked":["Thunderclap+1","Clash+1"],"picked":"Heavy Blade+1","floor":12.0},{"not_picked":["Warcry","Infernal Blade"],"picked":"Iron Wave+1","floor":14.0},{"not_picked":["Limit Break","Demon Form"],"picked":"Feed+1","floor":16.0},{"not_picked":["Armaments","Headbutt+1"],"picked":"Heavy Blade+1","floor":18.0},{"not_picked":["Carnage+1","Thunderclap+1"],"picked":"Inflame","floor":21.0},{"not_picked":["Anger+1","Wild Strike+1","Feel No Pain+1"],"picked":"SKIP","floor":22.0},{"not_picked":["Bludgeon+1","Shrug It Off"],"picked":"Spot Weakness+1","floor":23.0},{"not_picked":["Feel No Pain","Wild Strike+1"],"picked":"Metallicize+1","floor":29.0},{"not_picked":["Headbutt+1","Heavy Blade+1"],"picked":"Battle Trance","floor":31.0},{"not_picked":["Limit Break","Fiend Fire+1"],"picked":"Immolate+1","floor":33.0},{"not_picked":["Flex+1","Twin Strike+1"],"picked":"Iron Wave+1","floor":35.0},{"not_picked":["Corruption","Entrench+1","Dual Wield+1"],"picked":"Singing Bowl","floor":36.0},{"not_picked":["Evolve","Reckless Charge+1","Anger+1"],"picked":"Singing Bowl","floor":38.0},{"not_picked":["Twin Strike+1","Pommel Strike+1"],"picked":"Carnage+1","floor":39.0},{"not_picked":["Cleave+1","Armaments"],"picked":"Headbutt+1","floor":41.0},{"not_picked":["Headbutt+1","Corruption"],"picked":"Uppercut+1","floor":45.0},{"not_picked":["Twin Strike+1","Disarm+1"],"picked":"Metallicize+1","floor":46.0},{"not_picked":["Flex","Shrug It Off"],"picked":"Metallicize+1","floor":47.0},{"not_picked":["Double Tap","Second Wind"],"picked":"Disarm+1","floor":48}],"player_experience":220912,"relics_obtained":[{"floor":3.0,"key":"Magic Flower"},{"floor":9.0,"key":"Molten Egg 2"},{"floor":14.0,"key":"Unceasing Top"},{"floor":19.0,"key":"Necronomicon"},{"floor":23.0,"key":"Blood Vial"},{"floor":26.0,"key":"Darkstone Periapt"},{"floor":29.0,"key":"Anchor"},{"floor":41.0,"key":"Ornamental Fan"},{"floor":43.0,"key":"Bottled Flame"},{"floor":45.0,"key":"War Paint"},{"floor":48,"key":"Bronze Scales"}],"event_choices":[{"event_name":"Shining Light","player_choice":"Entered Light","floor":4.0,"damage_taken":0.0},{"event_name":"The Lab","player_choice":"Got Potions","floor":6.0,"damage_taken":0.0},{"event_name":"Cursed Tome","player_choice":"Obtained Book","floor":19.0,"damage_taken":0.0},{"event_name":"The Joust","player_choice":"Bet on Murderer","floor":20.0,"damage_taken":0.0},{"event_name":"Tomb of Lord Red Mask","player_choice":"Paid","floor":37.0,"damage_taken":0.0},{"event_name":"Winding Halls","player_choice":"Embrace Madness","floor":44.0,"damage_taken":0.0}],"boss_relics":[{"not_picked":["Black Blood","Runic Dome"],"picked":"Velvet Choker"},{"not_picked":["Empty Cage","Snecko Eye"],"picked":"Cursed Key"}],"items_purged_floors":[],"is_endless":false,"potions_floor_spawned":[2,5,12,14,18,22,29,31,33,35,36,46],"ascension_level":9}