{"gold_per_floor":[210,222,233,245,320,351,351,351,351,301,314,314,331,350,350,445,445,463,481,494,96,109,109,126,126,126,126,52,68,84,100,100,100],"floor_reached":33,"playtime":1737,"items_purged":["Hyperbeam+1"],"score":255,"play_id":"022ac10b-3579-4541-9161-6bd07b58de77","local_time":"20181125192640","is_ascension_mode":false,"campfire_choices":[{"floor":7.0,"key":"REST"},{"floor":12.0,"key":"REST"},{"floor":15.0,"key":"REST"},{"floor":23,"key":"REST"},{"floor":27,"key":"REST"},{"floor":32,"key":"REST"}],"neow_cost":"NONE","seed_source_timestamp":675056389909046,"circlet_count":0,"master_deck":["Defend_B","Defend_B","Defend_B","Defend_B","Zap","Dualcast","Melter","Compile Driver","Streamline","Go for the Eyes","Coolheaded","Hologram","Echo Form","Sweeping Beam","Reboot","Consume+1","Rip and Tear+1","Coolheaded","Redo","Hologram","Gash","Conserve Battery","Steam","Defragment","Steam Power+1","Gash","Defragment","Leap","Steam+1"],"special_seed":0,"relics":["Cracked Core","Pen Nib","Girya","Kunai","Astrolabe","Runic Capacitor"],"potions_floor_usage":[22,29,29,31],"damage_taken":[{"damage":6.0,"enemies":"Jaw Worm","floor":1.0,"turns":3.0},{"damage":8.0,"enemies":"2 Louse","floor":2.0,"turns":2.0},{"damage":0.0,"enemies":"Cultist","floor":3.0,"turns":2.0},{"damage":10.0,"enemies":"Looter","floor":4.0,"turns":2.0},{"damage":31.0,"enemies":"3 Sentries","floor":6.0,"turns":5.0},{"damage":11.0,"enemies":"Exordium Thugs","floor":11.0,"turns":4.0},{"damage":1.0,"enemies":"Blue Slaver","floor":13.0,"turns":4.0},{"damage":0.0,"enemies":"3 Louse","floor":14.0,"turns":2.0},{"damage":17.0,"enemies":"Hexaghost","floor":16.0,"turns":9.0},{"damage":10.0,"enemies":"Spheric Guardian","floor":18.0,"turns":3.0},{"damage":21.0,"enemies":"Shell Parasite","floor":19.0,"turns":3.0},{"damage":38.0,"enemies":"Shelled Parasite and Fungi","floor":20.0,"turns":4.0},{"damage":6,"enemies":"Snecko","floor":22,"turns":6},{"damage":14,"enemies":"Snake Plant","floor":24,"turns":6},{"damage":10,"enemies":"Centurion and Healer","floor":29,"turns":6},{"damage":17,"enemies":"Shelled Parasite and Fungi","floor":30,"turns":8},{"damage":4,"enemies":"Snake Plant","floor":31,"turns":7},{"damage":36,"enemies":"Collector","floor":33,"turns":3}],"seed_played":"4087099558663421603","potions_obtained":[{"floor":2.0,"key":"Explosive Potion"},{"floor":3.0,"key":"GamblersBrew"},{"floor":11.0,"key":"Fruit Juice"},{"floor":14.0,"key":"LiquidBronze"},{"floor":19.0,"key":"Energy Potion"},{"floor":22,"key":"Explosive Potion"},{"floor":24,"key":"Energy Potion"},{"floor":29,"key":"EssenceOfSteel"}],"is_trial":false,"path_per_floor":["M","M","M","M","?","E","R","?","T","?","M","R","M","M","R","B",null,"M","M","M","$","M","R","M","?","T","R","$","M","M","M","R","B"],"character_chosen":"DEFECT","items_purchased":["Runic Capacitor","Gash","Conserve Battery","Steam","Defragment"],"campfire_rested":6,"item_purchase_floors":[21,21,21,21,28],"current_hp_per_floor":[69,61,61,51,40,9,31,19,19,19,8,35,34,34,58,41,80,70,49,11,11,5,29,15,15,15,39,39,29,12,8,32,0],"gold":100,"neow_bonus":"HUNDRED_GOLD","is_prod":false,"is_daily":false,"chose_seed":false,"campfire_upgraded":0,"win_rate":0,"timestamp":1543192000,"path_taken":["M","M","M","M","?","E","R","?","T","?","?","R","M","M","R","BOSS","M","M","M","$","M","R","?","?","T","R","?","M","M","M","R","BOSS"],"build_version":"2018-11-15","purchased_purges":1,"victory":false,"max_hp_per_floor":[75,75,75,75,75,75,75,75,75,75,75,80,80,80,80,80,80,80,80,80,80,80,80,80,80,80,80,80,80,80,80,80,80],"card_choices":[{"not_picked":["Conserve Battery","Turbo"],"picked":"Melter","floor":1.0},{"not_picked":["Stack","Rebound"],"picked":"Compile Driver","floor":2.0},{"not_picked":["Stack","Static Discharge"],"picked":"Streamline","floor":3.0},{"not_picked":["Heatsinks","Genetic Algorithm"],"picked":"Go for the Eyes","floor":4.0},{"not_picked":["Beam Cell","Amplify"],"picked":"Coolheaded","floor":6.0},{"not_picked":["Ball Lightning","Tempest"],"picked":"Hologram","floor":11.0},{"not_picked":["Compile Driver","Self Repair"],"picked":"Echo Form","floor":13.0},{"not_picked":["Compile Driver","Barrage"],"picked":"Sweeping Beam","floor":14.0},{"not_picked":["Thunder Strike","Multi-Cast"],"picked":"Reboot","floor":16.0},{"not_picked":["Hello World","Streamline"],"picked":"Coolheaded","floor":18.0},{"not_picked":["Barrage","Chaos"],"picked":"Redo","floor":19.0},{"not_picked":["Go for the Eyes","Beam Cell+1"],"picked":"Hologram","floor":20.0},{"not_picked":["Storm","Skim"],"picked":"Defragment","floor":22},{"not_picked":["Tempest","Ball Lightning+1"],"picked":"Steam Power+1","floor":24},{"not_picked":["Beam Cell+1","Double Energy"],"picked":"Leap","floor":29},{"not_picked":["Static Discharge","Consume"],"picked":"Steam+1","floor":30},{"not_picked":["Lockon","Force Field","Electrodynamics"],"picked":"SKIP","floor":31}],"player_experience":1745641,"relics_obtained":[{"floor":6.0,"key":"Pen Nib"},{"floor":9.0,"key":"Kunai"}],"event_choices":[{"damage_healed":0.0,"max_hp_gain":0.0,"max_hp_loss":0.0,"gold_gain":75.0,"event_name":"World of Goop","player_choice":"Gather Gold","floor":5.0,"gold_loss":0.0,"damage_taken":11.0},{"damage_healed":0.0,"max_hp_gain":0.0,"max_hp_loss":0.0,"gold_gain":0.0,"event_name":"Scrap Ooze","player_choice":"Success","floor":8.0,"gold_loss":0.0,"damage_taken":12.0,"relics_obtained":["Girya"]},{"cards_removed":["Strike_B"],"damage_healed":0.0,"max_hp_gain":0.0,"max_hp_loss":0.0,"gold_gain":0.0,"event_name":"The Cleric","player_choice":"Card Removal","floor":10.0,"gold_loss":50.0,"damage_taken":0.0},{"damage_healed":0,"gold_gain":0,"player_choice":"Copied","damage_taken":0,"max_hp_gain":0,"max_hp_loss":0,"event_name":"Duplicator","floor":25,"gold_loss":0,"cards_obtained":["Gash"]}],"is_beta":false,"boss_relics":[{"not_picked":["Snecko Eye","Pandora\u0027s Box"],"picked":"Astrolabe"}],"items_purged_floors":[21],"is_endless":false,"potions_floor_spawned":[2,3,11,14,19,22,24,29],"killed_by":"Collector","ascension_level":0}