{"gold_per_floor":[209,209,225,66,79,112,112,145,145,145,155,155,170,170,170,242,242,228,243,243,243,243,243,270,134,134,150,167,179,197,209,209,209],"floor_reached":33,"playtime":1651,"items_purged":["Strike_R","Strike_R"],"score":427,"play_id":"d4ee9fb5-368c-4d7d-bb9b-7751bf6a4c76","local_time":"20190114214339","is_ascension_mode":true,"campfire_choices":[{"floor":7.0,"key":"REST"},{"data":"True Grit","floor":10.0,"key":"SMITH"},{"data":"True Grit","floor":12.0,"key":"SMITH"},{"floor":15.0,"key":"REST"},{"data":"Heavy Blade","floor":23,"key":"SMITH"},{"floor":32,"key":"REST"}],"neow_cost":"NONE","seed_source_timestamp":496553854358941,"circlet_count":0,"master_deck":["AscendersBane","Strike_R","Strike_R","Defend_R+1","Defend_R","Defend_R+1","Defend_R","Bash","Thunderclap","Uppercut","Spot Weakness","True Grit+1","True Grit+1","Sword Boomerang","Feel No Pain","Shockwave","Juggernaut","Heavy Blade+1","Twin Strike+1","Sentinel","Shrug It Off","Flame Barrier","Reaper","Disarm","Disarm"],"special_seed":0,"relics":["Burning Blood","Art of War","Turnip","Self Forming Clay","Lizard Tail","MutagenicStrength","War Paint","Red Mask","Question Card"],"potions_floor_usage":[24,27,30],"damage_taken":[{"damage":16.0,"enemies":"Jaw Worm","floor":1.0,"turns":4.0},{"damage":0.0,"enemies":"Small Slimes","floor":3.0,"turns":3.0},{"damage":0.0,"enemies":"2 Louse","floor":5.0,"turns":2.0},{"damage":39.0,"enemies":"3 Sentries","floor":6.0,"turns":8.0},{"damage":22.0,"enemies":"Gremlin Nob","floor":8.0,"turns":4.0},{"damage":5.0,"enemies":"Large Slime","floor":11.0,"turns":6.0},{"damage":28.0,"enemies":"Exordium Wildlife","floor":13.0,"turns":6.0},{"damage":43.0,"enemies":"Hexaghost","floor":16.0,"turns":11.0},{"damage":36,"enemies":"2 Thieves","floor":18,"turns":4},{"damage":19,"enemies":"Shell Parasite","floor":19,"turns":6},{"damage":28,"enemies":"Masked Bandits","floor":24,"turns":4},{"damage":16,"enemies":"Snake Plant","floor":27,"turns":5},{"damage":1,"enemies":"Snecko","floor":28,"turns":4},{"damage":9,"enemies":"3 Cultists","floor":29,"turns":5},{"damage":30,"enemies":"Sentry and Sphere","floor":30,"turns":7},{"damage":23,"enemies":"Snecko","floor":31,"turns":5},{"damage":82,"enemies":"Automaton","floor":33,"turns":10}],"seed_played":"-8663415127722147220","potions_obtained":[{"floor":8.0,"key":"SteroidPotion"},{"floor":11.0,"key":"Weak Potion"},{"floor":16,"key":"Fire Potion"},{"floor":19,"key":"Ancient Potion"},{"floor":29,"key":"AttackPotion"},{"floor":30,"key":"SpeedPotion"}],"is_trial":false,"path_per_floor":["M","?","M","$","M","E","R","E","T","R","M","R","M","?","R","B",null,"M","M","?","?","?","R","?","$","T","M","M","M","M","M","R","B"],"character_chosen":"IRONCLAD","items_purchased":["Spot Weakness","True Grit","Sentinel"],"campfire_rested":3,"item_purchase_floors":[4,4,25],"current_hp_per_floor":[62,55,61,61,67,34,58,42,42,42,43,43,21,21,45,8,62,32,19,45,45,45,45,23,23,23,13,18,15,37,27,51,0],"gold":209,"neow_bonus":"HUNDRED_GOLD","is_prod":false,"is_daily":false,"chose_seed":false,"campfire_upgraded":3,"win_rate":0,"timestamp":1547520219,"path_taken":["M","?","M","$","M","E","R","E","T","R","M","R","M","?","R","BOSS","BOSS","M","M","?","?","?","R","?","$","T","M","?","M","M","M","R","BOSS"],"build_version":"2019-01-10","purchased_purges":2,"victory":false,"max_hp_per_floor":[80,80,80,80,80,80,80,80,80,80,80,80,80,80,80,80,80,80,80,80,80,80,80,80,80,80,80,80,80,80,80,80,80],"card_choices":[{"not_picked":["Headbutt","Reckless Charge"],"picked":"Thunderclap","floor":1.0},{"not_picked":["Body Slam","Warcry"],"picked":"Uppercut","floor":3.0},{"not_picked":["Twin Strike","Heavy Blade"],"picked":"True Grit","floor":5.0},{"not_picked":["Double Tap","Body Slam"],"picked":"Sword Boomerang","floor":6.0},{"not_picked":["Clash","Ghostly Armor"],"picked":"Feel No Pain","floor":8.0},{"not_picked":["Warcry","Body Slam","Rupture"],"picked":"SKIP","floor":11.0},{"not_picked":["Evolve","Warcry"],"picked":"Shockwave","floor":13.0},{"not_picked":["Exhume","Berserk"],"picked":"Juggernaut","floor":16},{"not_picked":["Iron Wave","Pommel Strike"],"picked":"Heavy Blade","floor":18},{"not_picked":["Searing Blow","Blood for Blood","Rupture+1"],"picked":"SKIP","floor":19},{"not_picked":["Spot Weakness+1","Cleave+1"],"picked":"Twin Strike+1","floor":24},{"not_picked":["Bloodletting","Second Wind","Heavy Blade"],"picked":"Shrug It Off","floor":27},{"not_picked":["Battle Trance","Wild Strike","Sword Boomerang"],"picked":"Flame Barrier","floor":28},{"not_picked":["Battle Trance","Perfected Strike+1","Reckless Charge"],"picked":"Reaper","floor":29},{"not_picked":["Reckless Charge","Headbutt","Sword Boomerang+1"],"picked":"Disarm","floor":30},{"not_picked":["Rampage","Sword Boomerang","Blood for Blood"],"picked":"Disarm","floor":31}],"player_experience":2122601,"relics_obtained":[{"floor":6.0,"key":"Art of War"},{"floor":8.0,"key":"Turnip"},{"floor":9.0,"key":"Self Forming Clay"},{"floor":24,"key":"Red Mask"},{"floor":26,"key":"Question Card"}],"event_choices":[{"cards_removed":["Strike_R"],"damage_healed":0.0,"max_hp_gain":0.0,"max_hp_loss":0.0,"gold_gain":0.0,"event_name":"Golden Wing","player_choice":"Card Removal","floor":2.0,"gold_loss":0.0,"damage_taken":7.0},{"damage_healed":0.0,"max_hp_gain":0.0,"max_hp_loss":0.0,"gold_gain":0.0,"event_name":"Liars Game","player_choice":"Ignored","floor":14.0,"gold_loss":0.0,"damage_taken":0.0},{"damage_healed":26,"gold_gain":0,"player_choice":"Heal","damage_taken":0,"max_hp_gain":0,"max_hp_loss":0,"event_name":"The Library","floor":20,"gold_loss":0},{"damage_healed":0,"gold_gain":0,"player_choice":"Inject Mutagens","damage_taken":0,"relics_obtained":["MutagenicStrength"],"max_hp_gain":0,"max_hp_loss":0,"event_name":"Drug Dealer","floor":21,"gold_loss":0},{"damage_healed":0,"gold_gain":0,"player_choice":"Opened","damage_taken":0,"relics_obtained":["War Paint"],"max_hp_gain":0,"max_hp_loss":0,"event_name":"The Mausoleum","floor":22,"gold_loss":0},{"damage_healed":0,"gold_gain":0,"player_choice":"Fought Bandits","damage_taken":0,"max_hp_gain":0,"max_hp_loss":0,"event_name":"Masked Bandits","floor":24,"gold_loss":0}],"is_beta":false,"boss_relics":[{"not_picked":["Pandora\u0027s Box","Orrery"],"picked":"Lizard Tail"}],"items_purged_floors":[4,25],"is_endless":false,"potions_floor_spawned":[8,11,16,19,29,30],"killed_by":"Automaton","ascension_level":13}