{"gold_per_floor":[111,129,129,144,144,144,169,169,169,169,94,44,64,103,103,231,231,209,209],"floor_reached":19,"playtime":503,"items_purged":["Strike_B"],"score":192,"play_id":"7075fe5e-2b04-4340-9bf6-b915a0e7060b","local_time":"20190212222407","is_ascension_mode":true,"campfire_choices":[{"data":"Recycle","floor":6,"key":"SMITH"},{"data":"Go for the Eyes","floor":8,"key":"SMITH"},{"data":"White Noise","floor":10,"key":"SMITH"},{"floor":15,"key":"REST"}],"neow_cost":"NONE","seed_source_timestamp":33682091695925,"circlet_count":0,"master_deck":["Strike_B","Strike_B","Defend_B","Defend_B","Defend_B","Zap+1","Dualcast","Defragment","Recycle+1","White Noise+1","Go for the Eyes+1","Conserve Battery","Seek","Cold Snap"],"relics":["Cracked Core","Golden Idol","Bag of Marbles","Pen Nib","Coffee Dripper"],"potions_floor_usage":[14,18],"damage_taken":[{"damage":0,"enemies":"2 Louse","floor":1,"turns":2},{"damage":2,"enemies":"Jaw Worm","floor":2,"turns":3},{"damage":0,"enemies":"Small Slimes","floor":4,"turns":2},{"damage":18,"enemies":"Red Slaver","floor":7,"turns":3},{"damage":1,"enemies":"2 Fungi Beasts","floor":13,"turns":2},{"damage":25,"enemies":"Lagavulin","floor":14,"turns":6},{"damage":31,"enemies":"Hexaghost","floor":16,"turns":9},{"damage":27,"enemies":"2 Thieves","floor":18,"turns":5},{"damage":28,"enemies":"3 Byrds","floor":19,"turns":4}],"seed_played":"4390403855005089609","potions_obtained":[{"floor":1,"key":"Strength Potion"},{"floor":2,"key":"SteroidPotion"},{"floor":14,"key":"Fruit Juice"},{"floor":16,"key":"Block Potion"},{"floor":18,"key":"Swift Potion"}],"is_trial":false,"path_per_floor":["M","M","?","M","?","R","M","R","T","R","$","?","M","E","R","B",null,"M","M"],"character_chosen":"DEFECT","items_purchased":[],"campfire_rested":1,"item_purchase_floors":[],"current_hp_per_floor":[75,73,66,66,66,66,48,48,48,48,48,48,47,27,49,18,74,47,19],"gold":209,"neow_bonus":"UPGRADE_CARD","is_prod":false,"is_daily":false,"chose_seed":false,"campfire_upgraded":3,"win_rate":0,"timestamp":1550006647,"path_taken":["M","M","?","M","?","R","M","R","T","R","$","?","M","E","R","BOSS","M","M"],"build_version":"2019-01-23","purchased_purges":1,"victory":false,"max_hp_per_floor":[75,75,75,75,69,69,69,69,69,69,69,69,69,74,74,74,74,74,74],"card_choices":[{"not_picked":["Capacitor","Self Repair"],"picked":"Defragment","floor":1},{"not_picked":["Leap","Ball Lightning"],"picked":"Recycle","floor":2},{"not_picked":["Stack","Self Repair"],"picked":"White Noise","floor":4},{"not_picked":["Steam","Streamline"],"picked":"Go for the Eyes","floor":7},{"not_picked":["Stack","Steam","Compile Driver"],"picked":"SKIP","floor":13},{"not_picked":["Heatsinks","Consume"],"picked":"Conserve Battery","floor":14},{"not_picked":["Reboot","Biased Cognition"],"picked":"Seek","floor":16},{"not_picked":["Compile Driver","Go for the Eyes"],"picked":"Cold Snap","floor":18}],"player_experience":79977,"relics_obtained":[{"floor":9,"key":"Bag of Marbles"},{"floor":14,"key":"Pen Nib"}],"event_choices":[{"cards_removed":["Defend_B"],"damage_healed":0,"gold_gain":0,"player_choice":"Card Removal","damage_taken":7,"max_hp_gain":0,"max_hp_loss":0,"event_name":"Golden Wing","floor":3,"gold_loss":0},{"damage_healed":0,"gold_gain":0,"player_choice":"Lose Max HP","damage_taken":0,"relics_obtained":["Golden Idol"],"max_hp_gain":0,"max_hp_loss":6,"event_name":"Golden Idol","floor":5,"gold_loss":0},{"cards_removed":["Strike_B"],"damage_healed":0,"gold_gain":0,"player_choice":"Card Removal","damage_taken":0,"max_hp_gain":0,"max_hp_loss":0,"event_name":"The Cleric","floor":12,"gold_loss":50}],"is_beta":false,"boss_relics":[{"not_picked":["Busted Crown","Ectoplasm"],"picked":"Coffee Dripper"}],"items_purged_floors":[11],"is_endless":false,"potions_floor_spawned":[1,2,14,16,18],"killed_by":"3 Byrds","ascension_level":3}