{"gold_per_floor":[115,5,5,5,28,28,67,98,163,175,222,35,56,69,69,163,163,181,81,81,102,120,120,138,153,202,215,130,130,154,154,154,154],"floor_reached":33,"playtime":1801,"items_purged":["Strike_B","Strike_B"],"score":579,"play_id":"dd132f97-577b-48b4-a16e-75c3279107c3","local_time":"20190202135204","is_ascension_mode":true,"campfire_choices":[{"data":"Zap","floor":6.0,"key":"SMITH"},{"data":"Go for the Eyes","floor":10.0,"key":"SMITH"},{"floor":15.0,"key":"REST"},{"floor":23.0,"key":"REST"},{"floor":29.0,"key":"REST"},{"floor":32.0,"key":"REST"}],"neow_cost":"NONE","seed_source_timestamp":0,"circlet_count":0,"master_deck":["AscendersBane","Strike_B","Defend_B","Defend_B","Defend_B","Defend_B","Zap+1","Dualcast","Gash","Gash","Ball Lightning","Go for the Eyes+1","Go for the Eyes","Glacier","Self Repair","Scrape","Steam","Ball Lightning","Reboot","Gash","Genetic Algorithm","BootSequence","Loop","Hologram","BootSequence+1","Gash","Beam Cell","Gash","Steam","Recycle"],"special_seed":0,"relics":["Cracked Core","NeowsBlessing","Golden Idol","MawBank","Strawberry","Mummified Hand","Orrery","Happy Flower","Ancient Tea Set"],"potions_floor_usage":[],"damage_taken":[{"damage":0.0,"enemies":"Jaw Worm","floor":1.0,"turns":1.0},{"damage":0.0,"enemies":"Cultist","floor":5.0,"turns":1.0},{"damage":0.0,"enemies":"Gremlin Nob","floor":7.0,"turns":1.0},{"damage":2.0,"enemies":"Small Slimes","floor":8.0,"turns":3.0},{"damage":25.0,"enemies":"3 Sentries","floor":11.0,"turns":6.0},{"damage":3.0,"enemies":"3 Louse","floor":13.0,"turns":4.0},{"damage":4.0,"enemies":"Blue Slaver","floor":14.0,"turns":2.0},{"damage":13.0,"enemies":"Slime Boss","floor":16.0,"turns":10.0},{"damage":21.0,"enemies":"Shell Parasite","floor":18.0,"turns":6.0},{"damage":23.0,"enemies":"Chosen","floor":21.0,"turns":7.0},{"damage":26.0,"enemies":"Shelled Parasite and Fungi","floor":22.0,"turns":7.0},{"damage":35.0,"enemies":"Snecko","floor":24.0,"turns":9.0},{"damage":3.0,"enemies":"Centurion and Healer","floor":25.0,"turns":7.0},{"damage":4.0,"enemies":"Sentry and Sphere","floor":27.0,"turns":7.0},{"damage":19.0,"enemies":"Shelled Parasite and Fungi","floor":30.0,"turns":6.0},{"damage":15.0,"enemies":"Colosseum Slavers","floor":31.0,"turns":5.0},{"damage":48,"enemies":"Champ","floor":33,"turns":11}],"seed_played":"8989138608158809935","potions_obtained":[{"floor":8.0,"key":"FocusPotion"},{"floor":16.0,"key":"Fire Potion"},{"floor":24.0,"key":"PowerPotion"},{"floor":27.0,"key":"EssenceOfSteel"}],"is_trial":false,"path_per_floor":["M","$","?","?","M","R","E","M","T","R","E","$","M","M","R","B",null,"M","$","?","M","M","R","M","M","T","M","?","R","M","?","R","B"],"character_chosen":"DEFECT","items_purchased":["Gash","Explosive Potion","Self Repair","Scrape"],"campfire_rested":4,"item_purchase_floors":[2,2,12,12],"current_hp_per_floor":[64,64,64,64,64,64,64,62,69,69,44,44,48,44,65,59,68,54,54,54,38,19,40,12,16,16,19,19,40,28,20,41,0],"gold":154,"neow_bonus":"THREE_ENEMY_KILL","is_prod":false,"is_daily":false,"chose_seed":false,"campfire_upgraded":2,"win_rate":0,"timestamp":1549133524,"path_taken":["M","$","?","?","M","R","E","M","T","R","E","$","?","M","R","BOSS","M","?","?","?","M","R","M","M","T","M","?","R","M","?","R","BOSS"],"build_version":"2019-01-23","purchased_purges":2,"victory":false,"max_hp_per_floor":[71,71,64,64,64,64,64,64,71,71,71,71,71,71,71,71,71,71,71,71,71,71,71,71,71,71,71,71,71,71,71,71,71],"card_choices":[{"not_picked":["Compile Driver","Steam"],"picked":"Gash","floor":1.0},{"not_picked":["Fusion","Loop"],"picked":"Ball Lightning","floor":5.0},{"not_picked":["Stack","Reinforced Body"],"picked":"Go for the Eyes","floor":7.0},{"not_picked":["Turbo","Capacitor"],"picked":"Go for the Eyes","floor":8.0},{"not_picked":["Capacitor","Barrage"],"picked":"Glacier","floor":11.0},{"not_picked":["Conserve Battery","Streamline"],"picked":"Steam","floor":13.0},{"not_picked":["Coolheaded","Doom and Gloom"],"picked":"Ball Lightning","floor":14.0},{"not_picked":["Meteor Strike","Hyperbeam"],"picked":"Reboot","floor":16.0},{"not_picked":["Hologram","Loop"],"picked":"Gash","floor":17.0},{"not_picked":["Go for the Eyes","Leap"],"picked":"Genetic Algorithm","floor":17.0},{"not_picked":["Compile Driver","Steam"],"picked":"BootSequence","floor":17.0},{"not_picked":["Leap","Heatsinks"],"picked":"Loop","floor":17.0},{"not_picked":["Leap","Glacier"],"picked":"Hologram","floor":17.0},{"not_picked":["Sweeping Beam+1","Aggregate"],"picked":"BootSequence+1","floor":18.0},{"not_picked":["Steam","Multi-Cast"],"picked":"Beam Cell","floor":21.0},{"not_picked":["Beam Cell","Sunder"],"picked":"Gash","floor":22.0},{"not_picked":["Conserve Battery","Meteor Strike"],"picked":"Steam","floor":24.0},{"not_picked":["Streamline","Rebound","Barrage"],"picked":"SKIP","floor":25.0},{"not_picked":["Force Field","Compile Driver"],"picked":"Recycle","floor":27.0},{"not_picked":["Doom and Gloom","Loop","Sunder"],"picked":"SKIP","floor":30.0}],"player_experience":2285574,"relics_obtained":[{"floor":7.0,"key":"MawBank"},{"floor":9.0,"key":"Strawberry"},{"floor":11.0,"key":"Mummified Hand"},{"floor":26.0,"key":"Happy Flower"}],"event_choices":[{"damage_healed":0.0,"max_hp_gain":0.0,"max_hp_loss":7.0,"gold_gain":0.0,"event_name":"Golden Idol","player_choice":"Lose Max HP","floor":3.0,"gold_loss":0.0,"damage_taken":0.0,"relics_obtained":["Golden Idol"]},{"cards_removed":["Strike_B"],"damage_healed":0.0,"max_hp_gain":0.0,"max_hp_loss":0.0,"gold_gain":0.0,"event_name":"Wheel of Change","player_choice":"Card Removal","floor":4.0,"gold_loss":0.0,"damage_taken":0.0},{"damage_healed":0.0,"max_hp_gain":0.0,"max_hp_loss":0.0,"gold_gain":0.0,"event_name":"Duplicator","player_choice":"Copied","floor":20.0,"gold_loss":0.0,"damage_taken":0.0,"cards_obtained":["Gash"]},{"damage_healed":0.0,"max_hp_gain":0.0,"max_hp_loss":0.0,"gold_gain":0.0,"event_name":"Addict","player_choice":"Obtained Relic","floor":28.0,"gold_loss":85.0,"damage_taken":0.0,"relics_obtained":["Ancient Tea Set"]},{"damage_healed":0.0,"max_hp_gain":0.0,"max_hp_loss":0.0,"gold_gain":0.0,"event_name":"Colosseum","player_choice":"Fight","floor":31.0,"gold_loss":0.0,"damage_taken":0.0},{"damage_healed":0.0,"max_hp_gain":0.0,"max_hp_loss":0.0,"gold_gain":0.0,"event_name":"Colosseum","player_choice":"Fled From Nobs","floor":31.0,"gold_loss":0.0,"damage_taken":0.0}],"is_beta":false,"boss_relics":[{"not_picked":["Fusion Hammer","White Beast Statue"],"picked":"Orrery"}],"items_purged_floors":[12,19],"is_endless":false,"potions_floor_spawned":[8,16,24,27,30,31],"killed_by":"Champ","ascension_level":19}