{"gold_per_floor":[109,125,136,136,40,55,55,55,55,88,53,53,71,71,71,201,201,215,239,339,128,143,143],"floor_reached":23,"playtime":1250,"items_purged":["Strike_R"],"score":306,"play_id":"5a8b61a9-89e8-484b-a291-116f8bfce6ac","local_time":"20190112233617","is_ascension_mode":true,"campfire_choices":[{"data":"Heavy Blade","floor":7,"key":"SMITH"},{"data":"Spot Weakness","floor":12,"key":"SMITH"},{"floor":15,"key":"REST"}],"neow_cost":"NONE","seed_source_timestamp":330948740047888,"circlet_count":0,"master_deck":["AscendersBane","Strike_R","Strike_R","Strike_R","Defend_R","Defend_R","Defend_R","Defend_R","Bash","Power Through","Heavy Blade+1","Armaments","Spot Weakness+1","Pommel Strike","Dropkick","Flame Barrier","Pommel Strike","Limit Break","Heavy Blade","Sword Boomerang","Limit Break"],"relics":["Burning Blood","Golden Idol","Blood Vial","Bottled Lightning","Runic Cube"],"potions_floor_usage":[13,22],"damage_taken":[{"damage":6,"enemies":"Cultist","floor":1,"turns":3},{"damage":1,"enemies":"2 Louse","floor":2,"turns":3},{"damage":9,"enemies":"Jaw Worm","floor":3,"turns":5},{"damage":15,"enemies":"Exordium Wildlife","floor":6,"turns":4},{"damage":40,"enemies":"3 Sentries","floor":10,"turns":9},{"damage":20,"enemies":"Gremlin Gang","floor":13,"turns":5},{"damage":35,"enemies":"The Guardian","floor":16,"turns":16},{"damage":0,"enemies":"Chosen","floor":18,"turns":3},{"damage":6,"enemies":"3 Byrds","floor":19,"turns":3},{"damage":55,"enemies":"Snake Plant","floor":22,"turns":6},{"damage":28,"enemies":"Sentry and Sphere","floor":23,"turns":5}],"seed_played":"3063971628454604468","potions_obtained":[{"floor":1,"key":"GamblersBrew"},{"floor":6,"key":"Poison Potion"},{"floor":16,"key":"PowerPotion"}],"is_trial":false,"path_per_floor":["M","M","M","?","$","M","R","$","T","E","?","R","M","$","R","B",null,"M","M","?","$","M","M"],"character_chosen":"IRONCLAD","items_purchased":["Spot Weakness","Pommel Strike","Limit Break"],"campfire_rested":1,"item_purchase_floors":[5,5,21],"current_hp_per_floor":[72,77,74,74,74,65,65,65,65,33,51,51,39,39,61,34,64,72,74,74,74,25,0],"gold":143,"neow_bonus":"REMOVE_CARD","is_prod":false,"is_daily":false,"chose_seed":false,"campfire_upgraded":2,"win_rate":0,"timestamp":1547354177,"path_taken":["M","M","?","?","$","M","R","$","T","E","?","R","M","$","R","BOSS","M","M","?","$","?","M"],"build_version":"2019-01-10","purchased_purges":1,"victory":false,"max_hp_per_floor":[80,80,80,74,74,74,74,74,74,74,74,74,74,74,74,74,74,74,74,74,74,74,74],"card_choices":[{"not_picked":["Bloodletting","Intimidate"],"picked":"Power Through","floor":1},{"not_picked":["Rage","Battle Trance"],"picked":"Heavy Blade","floor":2},{"not_picked":["Wild Strike","Havoc"],"picked":"Armaments","floor":3},{"not_picked":["Sword Boomerang","Flex"],"picked":"Dropkick","floor":6},{"not_picked":["Iron Wave","Sword Boomerang"],"picked":"Flame Barrier","floor":10},{"not_picked":["Sever Soul","Corruption"],"picked":"Pommel Strike","floor":13},{"not_picked":["Exhume","Impervious"],"picked":"Limit Break","floor":16},{"not_picked":["Havoc","Sentinel"],"picked":"Heavy Blade","floor":18},{"not_picked":["Wild Strike+1","Sever Soul"],"picked":"Sword Boomerang","floor":19},{"not_picked":["Heavy Blade","Flex","Anger+1"],"picked":"SKIP","floor":22}],"player_experience":2106141,"relics_obtained":[{"floor":9,"key":"Blood Vial"},{"floor":10,"key":"Bottled Lightning"}],"event_choices":[{"damage_healed":0,"gold_gain":0,"player_choice":"Lose Max HP","damage_taken":0,"relics_obtained":["Golden Idol"],"max_hp_gain":0,"max_hp_loss":6,"event_name":"Golden Idol","floor":4,"gold_loss":0},{"damage_healed":18,"gold_gain":0,"player_choice":"Healed","damage_taken":0,"max_hp_gain":0,"max_hp_loss":0,"event_name":"The Cleric","floor":11,"gold_loss":35},{"damage_healed":0,"gold_gain":100,"player_choice":"Pray","damage_taken":0,"max_hp_gain":0,"max_hp_loss":0,"event_name":"Golden Shrine","floor":20,"gold_loss":0}],"is_beta":false,"boss_relics":[{"not_picked":["Snecko Eye","Fusion Hammer"],"picked":"Runic Cube"}],"items_purged_floors":[21],"is_endless":false,"potions_floor_spawned":[1,6,10,16,18],"killed_by":"Sentry and Sphere","ascension_level":12}