{"gold_per_floor":[113,123,135,154,174,502,502,531,531,543,263,263],"floor_reached":12,"playtime":803,"items_purged":["Strike_G"],"score":110,"play_id":"22d7f006-7983-4c3c-9be5-c988a232a69f","local_time":"20190213203033","is_ascension_mode":true,"campfire_choices":[{"floor":7,"key":"REST"}],"neow_cost":"NONE","seed_source_timestamp":2792148941003158,"circlet_count":0,"master_deck":["Defend_G","Defend_G","Defend_G","Defend_G","Defend_G","Strike_G","Strike_G","Strike_G","Strike_G","Survivor","Neutralize","Deadly Poison","Noxious Fumes","Caltrops","A Thousand Cuts","Escape Plan","Infinite Blades"],"relics":["Ring of the Snake","Old Coin","Sundial","Centennial Puzzle","Oddly Smooth Stone"],"potions_floor_usage":[8,12,12],"damage_taken":[{"damage":0,"enemies":"2 Louse","floor":1,"turns":3},{"damage":4,"enemies":"Jaw Worm","floor":2,"turns":4},{"damage":0,"enemies":"Cultist","floor":3,"turns":4},{"damage":4,"enemies":"Large Slime","floor":4,"turns":6},{"damage":22,"enemies":"Exordium Thugs","floor":5,"turns":6},{"damage":31,"enemies":"3 Sentries","floor":6,"turns":7},{"damage":6,"enemies":"Lagavulin","floor":8,"turns":6},{"damage":12,"enemies":"3 Louse","floor":10,"turns":4},{"damage":26,"enemies":"Gremlin Nob","floor":12,"turns":4}],"seed_played":"123006803268298278","potions_obtained":[{"floor":2,"key":"GamblersBrew"},{"floor":3,"key":"Ancient Potion"},{"floor":4,"key":"GhostInAJar"}],"is_trial":false,"path_per_floor":["M","M","M","M","M","E","R","E","T","M","$","E"],"character_chosen":"THE_SILENT","items_purchased":["Oddly Smooth Stone","FearPotion"],"campfire_rested":1,"item_purchase_floors":[11,11],"current_hp_per_floor":[77,73,73,69,47,16,39,33,33,21,21,0],"gold":263,"neow_bonus":"TEN_PERCENT_HP_BONUS","is_prod":false,"is_daily":false,"chose_seed":false,"campfire_upgraded":0,"win_rate":0,"timestamp":1550061033,"path_taken":["M","M","M","M","M","E","R","E","T","M","$","E"],"build_version":"2019-01-23","purchased_purges":1,"victory":false,"max_hp_per_floor":[77,77,77,77,77,77,77,77,77,77,77,77],"card_choices":[{"not_picked":["Bane","Concentrate"],"picked":"Deadly Poison","floor":1},{"not_picked":["Terror","Prepared"],"picked":"Noxious Fumes","floor":2},{"not_picked":["Slice","Setup","Dodge and Roll"],"picked":"SKIP","floor":3},{"not_picked":["Deflect","Accuracy","Quick Slash"],"picked":"SKIP","floor":4},{"not_picked":["Concentrate","Reflex"],"picked":"Caltrops","floor":5},{"not_picked":["Blade Dance","Prepared"],"picked":"A Thousand Cuts","floor":6},{"not_picked":["Finisher","Concentrate"],"picked":"Escape Plan","floor":8},{"not_picked":["Outmaneuver","Calculated Gamble"],"picked":"Infinite Blades","floor":10}],"player_experience":120655,"relics_obtained":[{"floor":6,"key":"Old Coin"},{"floor":8,"key":"Sundial"},{"floor":9,"key":"Centennial Puzzle"}],"event_choices":[],"is_beta":false,"boss_relics":[],"items_purged_floors":[11],"is_endless":false,"potions_floor_spawned":[2,3,4,6],"killed_by":"Gremlin Nob","ascension_level":4}