{"gold_per_floor":[210,210,1,17,35,66,66,122,149,161,173],"floor_reached":11,"playtime":340,"items_purged":[],"score":154,"play_id":"dace332f-5cee-43ca-9429-562b5bc9b41e","local_time":"20181231075433","is_ascension_mode":true,"campfire_choices":[{"floor":7,"key":"REST"}],"neow_cost":"NONE","seed_source_timestamp":966562100096818,"circlet_count":0,"master_deck":["AscendersBane","Strike_B","Strike_B","Strike_B","Strike_B","Defend_B","Defend_B","Defend_B","Defend_B","Zap+1","Dualcast","Doom and Gloom","Heatsinks","Hologram","Ball Lightning","BootSequence","Consume"],"relics":["Cracked Core","Pen Nib","Bag of Preparation","Tiny Chest","MawBank"],"potions_floor_usage":[6],"damage_taken":[{"damage":7,"enemies":"Jaw Worm","floor":1,"turns":3},{"damage":1,"enemies":"2 Louse","floor":4,"turns":2},{"damage":10,"enemies":"Small Slimes","floor":5,"turns":3},{"damage":25,"enemies":"3 Sentries","floor":6,"turns":5},{"damage":41,"enemies":"Gremlin Nob","floor":8,"turns":4},{"damage":1,"enemies":"3 Louse","floor":11,"turns":1}],"seed_played":"2884005555622442012","potions_obtained":[{"floor":1,"key":"Strength Potion"}],"is_trial":false,"path_per_floor":["M","?","$","M","M","E","R","E","T","?","M"],"character_chosen":"DEFECT","items_purchased":["Pen Nib","Heatsinks"],"campfire_rested":1,"item_purchase_floors":[3,3],"current_hp_per_floor":[57,57,57,56,46,21,42,1,1,1,0],"gold":173,"neow_bonus":"HUNDRED_GOLD","is_prod":false,"is_daily":false,"chose_seed":false,"campfire_upgraded":0,"win_rate":0,"timestamp":1546260873,"path_taken":["M","?","$","M","M","E","R","E","T","?","M"],"build_version":"2018-12-20","purchased_purges":0,"victory":false,"max_hp_per_floor":[71,71,71,71,71,71,71,71,71,71,71],"card_choices":[{"not_picked":["Turbo","Lockon"],"picked":"Doom and Gloom","floor":1},{"not_picked":["Undo","Turbo"],"picked":"Hologram","floor":4},{"not_picked":["Stack","Beam Cell"],"picked":"Ball Lightning","floor":5},{"not_picked":["Sweeping Beam","Ball Lightning"],"picked":"BootSequence","floor":6},{"not_picked":["Barrage","Heatsinks"],"picked":"Consume","floor":8}],"player_experience":1959294,"relics_obtained":[{"floor":6,"key":"Bag of Preparation"},{"floor":8,"key":"Tiny Chest"},{"floor":9,"key":"MawBank"}],"event_choices":[{"damage_healed":0,"gold_gain":0,"player_choice":"Grow","damage_taken":0,"max_hp_gain":0,"max_hp_loss":0,"event_name":"Living Wall","floor":2,"gold_loss":0,"cards_upgraded":["Zap"]},{"damage_healed":0,"gold_gain":0,"player_choice":"Fled","damage_taken":0,"max_hp_gain":0,"max_hp_loss":0,"event_name":"Scrap Ooze","floor":10,"gold_loss":0}],"is_beta":false,"boss_relics":[],"items_purged_floors":[],"is_endless":false,"potions_floor_spawned":[1],"killed_by":"3 Louse","ascension_level":18}