{"gold_per_floor":[118,137,137,147,164,164,174,174,231,244,244,244,268,123,123,226,226],"floor_reached":17,"playtime":600,"items_purged":["Regret"],"score":147,"play_id":"79125dae-8c27-4374-9eb3-682bee127cf1","local_time":"20180819223713","is_ascension_mode":false,"campfire_choices":[{"data":"Genetic Algorithm","floor":6,"key":"SMITH"},{"data":"Auto Shields","floor":8,"key":"SMITH"},{"floor":11,"key":"REST"},{"data":"Loop","floor":15,"key":"SMITH"}],"neow_cost":"NONE","seed_source_timestamp":72177390361869,"circlet_count":0,"master_deck":["Strike_B","Strike_B","Strike_B","Strike_B","Defend_B","Zap","Dualcast","Auto Shields+1","Storm","Turbo","Genetic Algorithm+1","Parasite","Loop+1","Thunder Strike","All For One+1","Defragment+1","Steam Power+1"],"relics":["Cracked Core","Anchor","Tiny Chest","Strawberry","Astrolabe"],"potions_floor_usage":[16],"damage_taken":[{"damage":0,"enemies":"Cultist","floor":1,"turns":3},{"damage":6,"enemies":"2 Louse","floor":2,"turns":4},{"damage":3,"enemies":"Small Slimes","floor":4,"turns":4},{"damage":24,"enemies":"Exordium Thugs","floor":5,"turns":6},{"damage":2,"enemies":"Looter","floor":7,"turns":3},{"damage":17,"enemies":"3 Louse","floor":10,"turns":5},{"damage":56,"enemies":"The Guardian","floor":16,"turns":16}],"seed_played":"-3805803260413222858","potions_obtained":[{"floor":1,"key":"Energy Potion"},{"floor":5,"key":"Energy Potion"},{"floor":10,"key":"Weak Potion"}],"is_trial":false,"path_per_floor":["M","M","?","M","M","R","M","R","T","M","R","?","T","$","R","B"],"character_chosen":"DEFECT","items_purchased":["Loop"],"campfire_rested":1,"item_purchase_floors":[14],"current_hp_per_floor":[75,69,69,66,42,42,40,40,40,23,45,63,70,70,70,14,14],"gold":226,"neow_bonus":"THREE_CARDS","is_prod":false,"is_daily":false,"chose_seed":false,"campfire_upgraded":3,"win_rate":0,"timestamp":1534684033,"path_taken":["M","?","?","M","?","R","M","R","T","M","R","?","?","$","R","BOSS"],"build_version":"2018-08-16","purchased_purges":1,"victory":false,"max_hp_per_floor":[75,75,75,75,75,75,75,75,75,75,75,75,82,82,82,82,82],"card_choices":[{"not_picked":["Go for the Eyes","Steam"],"picked":"Auto Shields","floor":0},{"not_picked":["Force Field","Steam"],"picked":"Storm","floor":1},{"not_picked":["Auto Shields","Coolheaded"],"picked":"Turbo","floor":2},{"not_picked":["Capacitor","Go for the Eyes"],"picked":"Genetic Algorithm","floor":4},{"not_picked":["Beam Cell","Capacitor","Chill"],"picked":"SKIP","floor":5},{"not_picked":["Steam Power","Gash","Leap"],"picked":"SKIP","floor":7},{"not_picked":["Force Field","Aggregate","Steam"],"picked":"SKIP","floor":10},{"not_picked":["Core Surge","Multi-Cast"],"picked":"Thunder Strike","floor":16}],"player_experience":363735,"relics_obtained":[{"floor":9,"key":"Tiny Chest"},{"floor":13,"key":"Strawberry"}],"event_choices":[{"event_name":"Big Fish","player_choice":"Box","floor":3,"damage_taken":0},{"event_name":"Mushrooms","player_choice":"Healed and dodged fight","floor":12,"damage_taken":0}],"is_beta":false,"boss_relics":[{"not_picked":["Eternal Feather","Fusion Hammer"],"picked":"Astrolabe"}],"items_purged_floors":[14],"is_endless":false,"potions_floor_spawned":[1,5,10],"ascension_level":0}