{"path_per_floor":["M","M","M","$","?","E","R","M","T","M","M","?","$","?","R","B",null,"M","M","$","?","M","R","?","R","T","M","M","$"],"character_chosen":"IRONCLAD","items_purchased":["Fire Breathing","Flash of Steel","Cleave","Energy Potion","Headbutt","Dropkick","Dropkick","Headbutt","Reckless Charge","Dramatic Entrance"],"gold_per_floor":[217,231,241,0,0,27,27,46,73,88,106,106,8,8,8,112,112,127,141,35,67,84,84,84,84,153,165,178,4,4],"floor_reached":30,"campfire_rested":2,"playtime":2251,"current_hp_per_floor":[78,79,79,79,79,54,54,54,54,60,67,67,67,67,67,42,86,64,41,41,46,23,51,51,79,79,61,27,27,0],"items_purged":[],"gold":4,"score":282,"play_id":"a0fcf8d8-908c-4e57-91f7-adbde2eb2bfb","local_time":"20180522224515","is_prod":false,"is_daily":false,"chose_seed":false,"is_ascension_mode":false,"campfire_upgraded":2,"timestamp":1527043515,"campfire_choices":[{"data":"Fire Breathing","floor":7,"key":"SMITH"},{"data":"Flash of Steel","floor":15,"key":"SMITH"},{"floor":23,"key":"REST"},{"floor":25,"key":"REST"}],"path_taken":["M","M","M","$","?","E","R","M","T","M","M","?","$","?","R","BOSS","M","M","$","?","M","R","?","R","T","M","M","$","M"],"build_version":"2018-05-17","seed_source_timestamp":154163793085673,"purchased_purges":0,"victory":false,"master_deck":["Strike_R","Strike_R","Strike_R","Strike_R","Defend_R","Defend_R","Defend_R","Defend_R","Bash","Heavy Blade","Carnage","Cleave","Fire Breathing+1","Flash of Steel+1","Cleave","Feed","Iron Wave","Rage","Seeing Red","Headbutt","Dropkick","Bludgeon","Injury","Normality","Pain","Clothesline","Heavy Blade+1","Dropkick","Headbutt","Blood for Blood","Battle Trance","Clash","Warcry","Reckless Charge","Dramatic Entrance"],"max_hp_per_floor":[80,80,80,80,80,80,80,83,83,83,86,86,86,86,86,86,86,89,89,89,92,95,95,95,95,95,95,95,95,95],"relics":["Burning Blood","Boot","Ancient Tea Set","Calling Bell","Bag of Marbles","Pantograph","Unceasing Top","Red Mask","Mercury Hourglass"],"card_choices":[{"not_picked":["Havoc","True Grit"],"picked":"Heavy Blade","floor":1},{"not_picked":["Headbutt","Clash"],"picked":"Carnage","floor":2},{"not_picked":["Infernal Blade","True Grit"],"picked":"Cleave","floor":3},{"not_picked":["Flex","Heavy Blade"],"picked":"Feed","floor":6},{"not_picked":["Flex","Feel No Pain"],"picked":"Iron Wave","floor":8},{"not_picked":["Thunderclap","Flex"],"picked":"Rage","floor":10},{"not_picked":["Corruption","Heavy Blade"],"picked":"Seeing Red","floor":11},{"not_picked":["Reaper","Impervious"],"picked":"Bludgeon","floor":16},{"not_picked":["Iron Wave+1","Spot Weakness"],"picked":"Clothesline","floor":18},{"not_picked":["Clothesline","Hemokinesis"],"picked":"Heavy Blade+1","floor":19},{"not_picked":["Disarm","Battle Trance"],"picked":"Blood for Blood","floor":21},{"not_picked":["Havoc","Armaments+1"],"picked":"Battle Trance","floor":22},{"not_picked":["Carnage+1","Heavy Blade+1"],"picked":"Clash","floor":27},{"not_picked":["Rupture","Hemokinesis+1"],"picked":"Warcry","floor":28}],"player_experience":59563,"potions_floor_usage":[6,10,16,16,21,30],"damage_taken":[{"damage":8,"enemies":"2 Louse","floor":1,"turns":3},{"damage":5,"enemies":"Small Slimes","floor":2,"turns":4},{"damage":6,"enemies":"Cultist","floor":3,"turns":3},{"damage":31,"enemies":"Lagavulin","floor":6,"turns":5},{"damage":9,"enemies":"Blue Slaver","floor":8,"turns":3},{"damage":0,"enemies":"Looter","floor":10,"turns":1},{"damage":2,"enemies":"3 Louse","floor":11,"turns":2},{"damage":31,"enemies":"Slime Boss","floor":16,"turns":8},{"damage":31,"enemies":"Shell Parasite","floor":18,"turns":6},{"damage":29,"enemies":"Chosen","floor":19,"turns":6},{"damage":12,"enemies":"Masked Bandits","floor":21,"turns":4},{"damage":32,"enemies":"Centurion and Healer","floor":22,"turns":5},{"damage":24,"enemies":"Snake Plant","floor":27,"turns":4},{"damage":40,"enemies":"Snecko","floor":28,"turns":5},{"damage":27,"enemies":"Chosen and Byrds","floor":30,"turns":4}],"relics_obtained":[{"floor":6,"key":"Boot"},{"floor":9,"key":"Ancient Tea Set"},{"floor":17,"key":"Bag of Marbles"},{"floor":17,"key":"Pantograph"},{"floor":17,"key":"Unceasing Top"},{"floor":21,"key":"Red Mask"},{"floor":26,"key":"Mercury Hourglass"}],"event_choices":[{"event_name":"World of Goop","player_choice":"Left","floor":5,"damage_taken":0},{"event_name":"Bonfire Elementals","player_choice":"BASIC","floor":12,"damage_taken":0},{"event_name":"The Cleric","player_choice":"Leave","floor":14,"damage_taken":0},{"event_name":"Masked Bandits","player_choice":"Fought over 35 gold","floor":21,"damage_taken":0},{"event_name":"Addict","player_choice":"Ignored","floor":24,"damage_taken":0}],"boss_relics":[{"not_picked":["Black Star","Snecko Eye"],"picked":"Calling Bell"}],"potions_floor_spawned":[3,8,10,16,18,21],"seed_played":"7237480552953841856","killed_by":"Chosen and Byrds","ascension_level":0,"potions_obtained":[{"floor":3,"key":"Fire Potion"},{"floor":8,"key":"Dexterity Potion"},{"floor":10,"key":"FearPotion"},{"floor":16,"key":"Dexterity Potion"},{"floor":18,"key":"BloodPotion"},{"floor":21,"key":"Poison Potion"}],"is_trial":false}