{"path_per_floor":["M","M","M","?","M","R","M","M","T","E","M","?","R","M","R","B",null,"M","M","$","?","M","R","?","R","T","M","?","?","R","M","R","B",null,"M"],"character_chosen":"IRONCLAD","items_purchased":["Spot Weakness","Prayer Wheel"],"gold_per_floor":[19,38,49,49,67,67,82,92,92,123,136,136,136,154,154,249,249,264,274,11,11,21,21,21,21,21,41,41,41,41,55,55,152,182,195],"floor_reached":36,"campfire_rested":3,"playtime":2295,"current_hp_per_floor":[96,96,96,96,88,88,91,80,80,69,72,65,93,92,92,61,96,60,49,49,49,16,44,76,76,76,64,64,64,92,90,90,21,101,49],"items_purged":["Infernal Blade"],"gold":195,"score":393,"play_id":"8543f968-d683-47e5-a1ff-bc09289d1cd9","local_time":"20180314224433","is_prod":false,"is_daily":false,"is_ascension_mode":false,"campfire_upgraded":4,"timestamp":1521060273,"path_taken":["M","M","M","?","M","R","M","M","T","E","M","?","R","M","R","BOSS","M","M","$","?","M","R","?","R","T","M","?","?","R","M","R","BOSS","M","M"],"build_version":"2018-03-09","purchased_purges":1,"victory":false,"master_deck":["Strike_R+1","Strike_R+1","Strike_R+1","Strike_R+1","Strike_R+1","Defend_R+1","Defend_R+1","Defend_R+1","Bash+1","Dropkick","Searing Blow","Rampage+1","Pommel Strike","Fire Breathing","Anger","Perfected Strike+1","Demon Form+1","Inflame","Twin Strike+1","Spot Weakness+1","Flame Barrier","Feel No Pain+1","Double Tap+1","Rampage+1","Anger+1","Double Tap+1","Armaments+1","Twin Strike+1"],"max_hp_per_floor":[96,96,96,96,96,96,96,96,96,96,96,96,96,96,96,96,96,96,96,96,96,96,96,96,96,96,96,96,96,96,96,96,96,101,101],"relics":["Black Blood","Blood Vial","Juzu Bracelet","Prayer Wheel","Toxic Egg 2","Tiny House"],"card_choices":[{"not_picked":["Metallicize","Perfected Strike"],"picked":"Dropkick"},{"not_picked":["Perfected Strike","Warcry"],"picked":"Searing Blow"},{"not_picked":["Carnage","Barricade"],"picked":"Infernal Blade"},{"not_picked":["Thunderclap","Combust"],"picked":"Rampage"},{"not_picked":["Shockwave","Body Slam"],"picked":"Thunderclap"},{"not_picked":["Shrug It Off","True Grit"],"picked":"Pommel Strike"},{"not_picked":["Headbutt","Sword Boomerang"],"picked":"Fire Breathing"},{"not_picked":["Disarm","Feel No Pain"],"picked":"Anger"},{"not_picked":["Flex","Reaper"],"picked":"Perfected Strike"},{"not_picked":["Impervious","Feed"],"picked":"Demon Form"},{"not_picked":["Hemokinesis","Anger"],"picked":"Inflame"},{"not_picked":["Ghostly Armor","Entrench"],"picked":"Twin Strike"},{"not_picked":["Twin Strike","Thunderclap"],"picked":"Flame Barrier"},{"not_picked":["Searing Blow","Ghostly Armor"],"picked":"Feel No Pain"},{"not_picked":["True Grit","Warcry"],"picked":"Double Tap"},{"not_picked":["Thunderclap","Fire Breathing"],"picked":"Anger"},{"not_picked":["Impervious","Demon Form"],"picked":"Double Tap"},{"not_picked":["Shockwave","Sword Boomerang"],"picked":"Armaments"},{"not_picked":["Fire Breathing","Perfected Strike"],"picked":"Twin Strike"}],"player_experience":98014,"potions_floor_usage":[7,7,16,22,33,33,35,35],"damage_taken":[{"damage":0,"enemies":"Small Slimes","floor":1,"turns":3},{"damage":6,"enemies":"Cultist","floor":2,"turns":3},{"damage":6,"enemies":"2 Louse","floor":3,"turns":2},{"damage":14,"enemies":"Blue Slaver","floor":5,"turns":3},{"damage":3,"enemies":"Exordium Wildlife","floor":7,"turns":4},{"damage":17,"enemies":"Large Slime","floor":8,"turns":4},{"damage":19,"enemies":"Gremlin Nob","floor":10,"turns":4},{"damage":5,"enemies":"Looter","floor":11,"turns":2},{"damage":9,"enemies":"2 Fungi Beasts","floor":14,"turns":4},{"damage":39,"enemies":"Slime Boss","floor":16,"turns":8},{"damage":46,"enemies":"2 Thieves","floor":18,"turns":4},{"damage":23,"enemies":"Chosen","floor":19,"turns":4},{"damage":45,"enemies":"Centurion and Healer","floor":22,"turns":7},{"damage":24,"enemies":"Snake Plant","floor":27,"turns":5},{"damage":14,"enemies":"Snecko","floor":31,"turns":5},{"damage":81,"enemies":"Automaton","floor":33,"turns":7},{"damage":62,"enemies":"3 Darklings","floor":35,"turns":7}],"event_choices":[{"event_name":"Purifier","player_choice":"One Purge","floor":4,"damage_taken":0},{"event_name":"Golden Wing","player_choice":"Card Removal","floor":12,"damage_taken":0},{"event_name":"Back to Basics","player_choice":"Simplicity","floor":21,"damage_taken":0},{"event_name":"The Library","player_choice":"Heal","floor":24,"damage_taken":0},{"event_name":"Duplicator","player_choice":"One dupe","floor":28,"damage_taken":0},{"event_name":"Drug Dealer","player_choice":"Ignored","floor":29,"damage_taken":0}],"boss_relics":[{"not_picked":["Runic Pyramid","Runic Cube"],"picked":"Black Blood"},{"not_picked":["Runic Dome","Black Star"],"picked":"Tiny House"}],"potions_floor_spawned":[1,5,8,14,27,31,33],"seed_played":"9205357228747781632","killed_by":"3 Shapes","ascension_level":0,"is_trial":false}