{"gold_per_floor":[114,129,144,159,159,189,189,42,117,117,147,162,177,207,207,307,307,322,422,337,137,66,96,50,50,75,135,150,165,165,195,195,295,295,310,310,310,33,33,63,75,102,114,141,153,195,222,249,261,273],"floor_reached":51,"playtime":1821,"items_purged":[],"score":1158,"play_id":"13b151a0-a813-44df-a4d3-f90408aea44b","local_time":"20180914094557","daily_mods":["Heirloom","Cursed Run","Lethality"],"is_ascension_mode":false,"campfire_choices":[{"data":"Neutralize","floor":7.0,"key":"SMITH"},{"data":"Dagger Spray","floor":10.0,"key":"SMITH"},{"data":"Malaise","floor":15.0,"key":"SMITH"},{"data":"Cloak And Dagger","floor":25.0,"key":"SMITH"},{"data":"Cloak And Dagger","floor":30.0,"key":"SMITH"},{"data":"Noxious Fumes","floor":32.0,"key":"SMITH"},{"data":"1","floor":45.0,"key":"LIFT"},{"data":"2","floor":49.0,"key":"LIFT"}],"neow_cost":"","seed_source_timestamp":0,"circlet_count":0,"master_deck":["Defend_G","Defend_G","Defend_G+1","Defend_G","Defend_G","Strike_G","Strike_G","Strike_G","Strike_G","Strike_G","Survivor","Neutralize+1","Choke+1","Sucker Punch","Dash","Dagger Spray+1","Malaise+1","Doubt","Poisoned Stab+1","Slice+1","Noxious Fumes+1","Parasite","Adrenaline+1","PiercingWail","Cloak And Dagger+1","Clumsy","Corpse Explosion","PiercingWail","Cloak And Dagger+1","Backstab+1","Shame","Glass Knife+1","Blade Dance+1","Flechettes+1","Storm of Steel","Pain","Dark Shackles+1","Blade Dance+1","Writhe","Armaments+1","BootSequence+1","Rebound+1","Flechettes+1","Parasite"],"special_seed":17788,"relics":["Cursed Key","Darkstone Periapt","Du-Vu Doll","Peace Pipe","Gambling Chip","Molten Egg 2","Bag of Marbles","Ninja Scroll","Black Star","Bronze Scales","ClockworkSouvenir","Ornamental Fan","Mummified Hand","Singing Bowl","Ancient Tea Set","Oddly Smooth Stone","Tiny Chest","Juzu Bracelet","Vajra","Lizard Tail","Girya","PrismaticShard","Toxic Egg 2","MawBank","Art of War","Matryoshka","Potion Belt","Happy Flower"],"potions_floor_usage":[50,50,50,50,50],"damage_taken":[{"damage":0.0,"enemies":"Jaw Worm","floor":1.0,"turns":2.0},{"damage":3.0,"enemies":"Small Slimes","floor":2.0,"turns":3.0},{"damage":0.0,"enemies":"Cultist","floor":3.0,"turns":2.0},{"damage":0.0,"enemies":"Looter","floor":4.0,"turns":2.0},{"damage":8.0,"enemies":"Lagavulin","floor":6.0,"turns":4.0},{"damage":0.0,"enemies":"Gremlin Nob","floor":11.0,"turns":2.0},{"damage":0.0,"enemies":"3 Louse","floor":12.0,"turns":2.0},{"damage":0.0,"enemies":"Gremlin Gang","floor":13.0,"turns":2.0},{"damage":4.0,"enemies":"Lagavulin","floor":14.0,"turns":4.0},{"damage":0.0,"enemies":"Slime Boss","floor":16.0,"turns":1.0},{"damage":0.0,"enemies":"Chosen","floor":18.0,"turns":1.0},{"damage":3.0,"enemies":"Book of Stabbing","floor":23.0,"turns":2.0},{"damage":9.0,"enemies":"Slavers","floor":27.0,"turns":3.0},{"damage":0.0,"enemies":"Shell Parasite","floor":28.0,"turns":1.0},{"damage":0.0,"enemies":"Chosen and Byrds","floor":29.0,"turns":1.0},{"damage":0.0,"enemies":"Book of Stabbing","floor":31.0,"turns":2.0},{"damage":16.0,"enemies":"Automaton","floor":33.0,"turns":7.0},{"damage":0.0,"enemies":"Orb Walker","floor":35.0,"turns":1.0},{"damage":6.0,"enemies":"Mind Bloom Boss Battle","floor":36.0,"turns":2.0},{"damage":0.0,"enemies":"2 Orb Walkers","floor":40.0,"turns":1.0},{"damage":0.0,"enemies":"3 Darklings","floor":42.0,"turns":1.0},{"damage":0.0,"enemies":"Maw","floor":44.0,"turns":4.0},{"damage":3.0,"enemies":"Nemesis","floor":46.0,"turns":3.0},{"damage":0.0,"enemies":"4 Shapes","floor":47.0,"turns":2.0},{"damage":0.0,"enemies":"Sphere and 2 Shapes","floor":48.0,"turns":1.0},{"damage":4,"enemies":"Awakened One","floor":50,"turns":8}],"seed_played":"-5206532275745488686","potions_obtained":[{"floor":2.0,"key":"SteroidPotion"},{"floor":3.0,"key":"Ancient Potion"},{"floor":4.0,"key":"AttackPotion"},{"floor":16.0,"key":"Regen Potion"},{"floor":18.0,"key":"SteroidPotion"},{"floor":27.0,"key":"Dexterity Potion"},{"floor":29.0,"key":"Poison Potion"},{"floor":31.0,"key":"EssenceOfSteel"},{"floor":42.0,"key":"GhostInAJar"},{"floor":46.0,"key":"Strength Potion"},{"floor":47.0,"key":"Explosive Potion"},{"floor":48.0,"key":"Poison Potion"}],"is_trial":false,"path_per_floor":["M","M","M","M","?","E","R","$","T","R","E","M","M","E","R","B",null,"M","?","?","$","?","E","$","R","T","E","M","M","R","E","R","B",null,"M","?","?","$","T","E","$","M","T","M","R","E","M","M","R","B"],"character_chosen":"THE_SILENT","items_purchased":["Malaise","ClockworkSouvenir","Cloak And Dagger","PrismaticShard","Storm of Steel"],"campfire_rested":0,"item_purchase_floors":[8,21,24,38,38],"current_hp_per_floor":[70,67,67,67,53,45,45,45,51,51,51,51,51,47,47,53,82,82,82,82,82,82,81,81,81,87,78,78,78,78,78,78,68,96,96,90,90,90,96,96,96,96,102,102,102,99,99,99,99,101],"gold":285,"neow_bonus":"","is_prod":false,"is_daily":true,"chose_seed":false,"campfire_upgraded":6,"win_rate":0,"timestamp":1536911157,"path_taken":["M","M","M","M","?","E","R","$","T","R","E","M","M","E","R","BOSS","M","?","?","$","?","E","?","R","T","E","M","?","R","E","R","BOSS","M","?","?","?","?","E","$","M","T","M","R","E","M","M","R","BOSS"],"build_version":"2018-09-06","purchased_purges":0,"victory":true,"max_hp_per_floor":[70,70,70,70,70,70,70,70,76,76,76,76,76,76,76,82,82,82,82,82,82,82,84,84,84,90,90,90,90,90,90,90,96,96,96,96,96,96,102,102,102,102,108,108,108,108,108,108,108,114],"card_choices":[{"not_picked":["PiercingWail","Flechettes"],"picked":"Choke","floor":1.0},{"not_picked":["Acrobatics","Choke"],"picked":"Sucker Punch","floor":2.0},{"not_picked":["Quick Slash","Concentrate"],"picked":"Dash","floor":3.0},{"not_picked":["Concentrate","Distraction"],"picked":"Dagger Spray","floor":4.0},{"not_picked":["Underhanded Strike","Catalyst","Choke"],"picked":"SKIP","floor":6.0},{"not_picked":["Reflex","Bane+1"],"picked":"Poisoned Stab+1","floor":11.0},{"not_picked":["Accuracy","Deflect"],"picked":"Slice+1","floor":12.0},{"not_picked":["Bouncing Flask","Sucker Punch+1","Masterful Stab+1"],"picked":"SKIP","floor":13.0},{"not_picked":["Acrobatics","Sucker Punch+1"],"picked":"Noxious Fumes","floor":14.0},{"not_picked":["Doppelganger","Night Terror"],"picked":"Adrenaline","floor":16.0},{"not_picked":["Bane+1","Acrobatics"],"picked":"PiercingWail","floor":18.0},{"not_picked":["Predator+1","Escape Plan","Flying Knee+1"],"picked":"Singing Bowl","floor":23.0},{"not_picked":["Predator+1","Flying Knee+1"],"picked":"Corpse Explosion","floor":27.0},{"not_picked":["Quick Slash+1","Dagger Throw+1"],"picked":"PiercingWail","floor":28.0},{"not_picked":["Blade Dance","Masterful Stab+1"],"picked":"Cloak And Dagger","floor":29.0},{"not_picked":["Endless Agony+1","Distraction"],"picked":"Backstab+1","floor":31.0},{"not_picked":["Envenom","A Thousand Cuts"],"picked":"Glass Knife+1","floor":33.0},{"not_picked":["Deadly Poison","Poisoned Stab+1"],"picked":"Blade Dance+1","floor":35.0},{"not_picked":["Poisoned Stab+1","Masterful Stab+1"],"picked":"Flechettes+1","floor":36.0},{"not_picked":["Ghostly Armor+1","Backflip+1"],"picked":"Dark Shackles+1","floor":40.0},{"not_picked":["Combust+1","Ball Lightning+1"],"picked":"Blade Dance+1","floor":42.0},{"not_picked":["HandOfGreed+1","Bane+1"],"picked":"Armaments+1","floor":44.0},{"not_picked":["Amplify+1","Sword Boomerang+1"],"picked":"BootSequence+1","floor":46.0},{"not_picked":["Go for the Eyes+1","Compile Driver+1"],"picked":"Rebound+1","floor":47.0},{"not_picked":["Slice+1","Dropkick+1"],"picked":"Flechettes+1","floor":48.0}],"player_experience":1435612,"relics_obtained":[{"floor":6.0,"key":"Gambling Chip"},{"floor":9.0,"key":"Molten Egg 2"},{"floor":11.0,"key":"Bag of Marbles"},{"floor":14.0,"key":"Ninja Scroll"},{"floor":23.0,"key":"Mummified Hand"},{"floor":23.0,"key":"Singing Bowl"},{"floor":26.0,"key":"Ancient Tea Set"},{"floor":27.0,"key":"Oddly Smooth Stone"},{"floor":27.0,"key":"Tiny Chest"},{"floor":31.0,"key":"Juzu Bracelet"},{"floor":31.0,"key":"Vajra"},{"floor":36.0,"key":"Girya"},{"floor":39.0,"key":"Toxic Egg 2"},{"floor":40.0,"key":"MawBank"},{"floor":40.0,"key":"Art of War"},{"floor":43.0,"key":"Matryoshka"},{"floor":46.0,"key":"Potion Belt"},{"floor":46.0,"key":"Happy Flower"}],"event_choices":[{"event_name":"Shining Light","player_choice":"Entered Light","floor":5.0,"damage_taken":0.0},{"event_name":"Golden Shrine","player_choice":"Pray","floor":19.0,"damage_taken":0.0},{"event_name":"Addict","player_choice":"Obtained Relic","floor":20.0,"damage_taken":0.0},{"event_name":"WeMeetAgain","player_choice":"Gold","floor":22.0,"damage_taken":0.0},{"event_name":"MindBloom","player_choice":"Fight","floor":36.0,"damage_taken":0.0},{"event_name":"Upgrade Shrine","player_choice":"Upgraded","floor":37.0,"damage_taken":0.0}],"is_beta":false,"boss_relics":[{"not_picked":["Runic Dome","Tiny House"],"picked":"Black Star"},{"not_picked":["Velvet Choker","Philosopher\u0027s Stone"],"picked":"Lizard Tail"}],"items_purged_floors":[],"is_endless":false,"potions_floor_spawned":[2,3,4,12,13,16,18,27,29,31,42,46,47,48],"ascension_level":0}