{"gold_per_floor":[112,34,34,34,34,34,51,51,51,84,95,122,151,151,151,151],"floor_reached":16,"playtime":502,"items_purged":[],"score":131,"play_id":"ab6d606b-6771-4697-a44c-58fceadd2314","local_time":"20181214143438","is_ascension_mode":false,"campfire_choices":[{"data":"Whirlwind","floor":6,"key":"SMITH"},{"data":"Flex","floor":8,"key":"SMITH"},{"data":"Flex","floor":15,"key":"SMITH"}],"neow_cost":"NONE","seed_source_timestamp":1344241384581532,"circlet_count":0,"master_deck":["Strike_R","Strike_R","Strike_R","Strike_R","Defend_R","Defend_R","Defend_R","Defend_R","Bash","Whirlwind+1","Shockwave","Flex+1","Searing Blow+1","Flex+1","Clothesline+1","Heavy Blade+1"],"relics":["Black Star","Pear","Molten Egg 2","Boot","Odd Mushroom","Meat on the Bone","Dead Branch"],"potions_floor_usage":[13,13,13],"damage_taken":[{"damage":6,"enemies":"Small Slimes","floor":1,"turns":3},{"damage":1,"enemies":"Cultist","floor":7,"turns":3},{"damage":26,"enemies":"Lagavulin","floor":10,"turns":5},{"damage":0,"enemies":"2 Louse","floor":11,"turns":1},{"damage":21,"enemies":"The Mushroom Lair","floor":12,"turns":4},{"damage":0,"enemies":"3 Sentries","floor":13,"turns":2},{"damage":29,"enemies":"Hexaghost","floor":16,"turns":9}],"seed_played":"5937468168034727389","potions_obtained":[{"floor":1,"key":"Energy Potion"},{"floor":3,"key":"Poison Potion"},{"floor":3,"key":"Strength Potion"},{"floor":12,"key":"AttackPotion"}],"is_trial":false,"path_per_floor":["M","$","?","$","$","R","M","R","T","E","M","?","E","?","R","B"],"character_chosen":"IRONCLAD","items_purchased":["Shockwave"],"campfire_rested":0,"item_purchase_floors":[2],"current_hp_per_floor":[74,74,74,74,74,74,73,73,83,57,57,36,36,29,29,0],"gold":151,"neow_bonus":"BOSS_RELIC","is_prod":false,"is_daily":false,"chose_seed":false,"campfire_upgraded":3,"win_rate":0,"timestamp":1544765678,"path_taken":["M","$","?","?","$","R","M","R","T","E","M","?","E","?","R","BOSS"],"build_version":"2018-12-13","purchased_purges":0,"victory":false,"max_hp_per_floor":[80,80,80,80,80,80,80,80,90,90,90,90,90,90,90,90],"card_choices":[{"not_picked":["Flex","Havoc"],"picked":"Whirlwind","floor":1},{"not_picked":["Pommel Strike","Combust"],"picked":"Flex","floor":7},{"not_picked":["Wild Strike","Metallicize"],"picked":"Searing Blow","floor":10},{"not_picked":["Inflame","Cleave+1"],"picked":"Flex","floor":11},{"not_picked":["Power Through","Evolve"],"picked":"Clothesline+1","floor":12},{"not_picked":["Sword Boomerang+1","Dual Wield"],"picked":"Heavy Blade+1","floor":13}],"player_experience":188295,"relics_obtained":[{"floor":9,"key":"Pear"},{"floor":10,"key":"Molten Egg 2"},{"floor":10,"key":"Boot"},{"floor":12,"key":"Odd Mushroom"},{"floor":13,"key":"Meat on the Bone"},{"floor":13,"key":"Dead Branch"}],"event_choices":[{"damage_healed":0,"gold_gain":0,"player_choice":"Got Potions","damage_taken":0,"max_hp_gain":0,"max_hp_loss":0,"event_name":"Lab","floor":3,"gold_loss":0},{"damage_healed":0,"gold_gain":0,"player_choice":"Fought Mushrooms","damage_taken":0,"max_hp_gain":0,"max_hp_loss":0,"event_name":"Mushrooms","floor":12,"gold_loss":0},{"cards_removed":["Strike_R"],"damage_healed":0,"gold_gain":0,"player_choice":"Card Removal","damage_taken":7,"max_hp_gain":0,"max_hp_loss":0,"event_name":"Golden Wing","floor":14,"gold_loss":0}],"is_beta":false,"boss_relics":[],"items_purged_floors":[],"is_endless":false,"potions_floor_spawned":[1,12],"killed_by":"Hexaghost","ascension_level":0}