{"gold_per_floor":[114,124,141,141,151,181,181,356,439,451,467,467,467,477,477,576,576,591,258,258,275,346,346,38,72,72,172,172,189,207,225,225,325,325,339,339,358,207,224,224,239,239,239,38,48,48],"floor_reached":46,"playtime":4410,"items_purged":["Bane"],"score":644,"play_id":"12393041-51da-495a-9b3c-3712e02b09e6","local_time":"20180805152350","is_ascension_mode":true,"campfire_choices":[{"floor":7,"key":"REST"},{"floor":13,"key":"REST"},{"data":"Dodge and Roll","floor":15,"key":"SMITH"},{"floor":23,"key":"REST"},{"data":"Adrenaline","floor":28,"key":"SMITH"},{"floor":32,"key":"REST"},{"floor":40,"key":"REST"},{"floor":42,"key":"REST"}],"neow_cost":"NONE","seed_source_timestamp":938788472006045,"circlet_count":0,"master_deck":["Survivor","Neutralize+1","Crippling Poison","Slice","All Out Attack","PiercingWail","Acrobatics","Flying Knee","Outmaneuver","Flying Knee","Skewer","PiercingWail","Dodge and Roll+1","Underhanded Strike","Calculated Gamble","Die Die Die","Backstab","Backflip","Neutralize","Adrenaline+1","Well Laid Plans+1","Dodge and Roll+1","Underhanded Strike+1","Blade Dance+1","Backflip+1","Prepared+1","Malaise+1","Blur+1","Madness+1","Madness+1","Blade Dance+1","Backflip+1","Apotheosis+1"],"relics":["Pandora\u0027s Box","Dodecahedron","Tiny Chest","Sozu","Letter Opener","Shuriken","Torii","Omamori","Toxic Egg 2","Vajra","Singing Bowl"],"potions_floor_usage":[16,16,30],"damage_taken":[{"damage":0,"enemies":"Small Slimes","floor":1,"turns":2},{"damage":0,"enemies":"Cultist","floor":2,"turns":3},{"damage":0,"enemies":"2 Louse","floor":3,"turns":2},{"damage":13,"enemies":"Gremlin Gang","floor":5,"turns":2},{"damage":30,"enemies":"Lagavulin","floor":6,"turns":5},{"damage":5,"enemies":"Large Slime","floor":10,"turns":5},{"damage":1,"enemies":"Blue Slaver","floor":11,"turns":2},{"damage":7,"enemies":"Lots of Slimes","floor":14,"turns":2},{"damage":13,"enemies":"Hexaghost","floor":16,"turns":9},{"damage":5,"enemies":"Spheric Guardian","floor":18,"turns":3},{"damage":11,"enemies":"2 Thieves","floor":21,"turns":3},{"damage":23,"enemies":"Gremlin Leader","floor":25,"turns":6},{"damage":1,"enemies":"Centurion and Healer","floor":29,"turns":4},{"damage":7,"enemies":"Snecko","floor":30,"turns":3},{"damage":1,"enemies":"Snake Plant","floor":31,"turns":3},{"damage":27,"enemies":"Collector","floor":33,"turns":12},{"damage":16,"enemies":"3 Shapes","floor":35,"turns":5},{"damage":1,"enemies":"Flame Bruiser 1 Orb","floor":37,"turns":5},{"damage":17,"enemies":"Maw","floor":39,"turns":8},{"damage":9,"enemies":"Spire Growth","floor":41,"turns":5},{"damage":22,"enemies":"Transient","floor":45,"turns":5},{"damage":31,"enemies":"3 Darklings","floor":46,"turns":3}],"seed_played":"8121169568259418165","potions_obtained":[{"floor":1,"key":"LiquidBronze"},{"floor":6,"key":"Ancient Potion"},{"floor":10,"key":"PowerPotion"}],"is_trial":false,"path_per_floor":["M","M","M","?","M","E","R","?","T","M","M","?","R","M","R","B",null,"M","$","?","M","T","R","$","E","T","?","R","M","M","M","R","B",null,"M","?","M","$","M","R","M","R","T","$","M"],"character_chosen":"THE_SILENT","items_purchased":["Letter Opener","Torii","Vajra","Apotheosis+1"],"campfire_rested":6,"item_purchase_floors":[19,24,38,44],"current_hp_per_floor":[63,63,63,63,50,20,41,41,41,36,35,35,56,49,49,36,62,57,57,57,46,46,67,67,44,44,44,44,43,36,35,56,29,60,44,35,34,34,17,38,29,50,50,50,30,0],"gold":48,"neow_bonus":"BOSS_RELIC","is_prod":false,"is_daily":false,"chose_seed":false,"campfire_upgraded":2,"win_rate":0,"timestamp":1533497030,"path_taken":["M","M","M","?","?","E","R","?","T","M","M","?","R","M","R","BOSS","M","$","?","M","?","R","$","E","T","?","R","M","?","M","R","BOSS","M","?","M","?","M","R","M","R","T","$","M","M"],"build_version":"2018-08-02","purchased_purges":1,"victory":false,"max_hp_per_floor":[70,70,70,70,70,70,70,70,70,70,70,70,70,70,70,70,70,70,70,70,70,70,70,70,70,70,70,70,70,70,70,70,70,70,70,70,70,70,70,70,70,70,70,70,72,72],"card_choices":[{"not_picked":["Dagger Spray","Flying Knee"],"picked":"PiercingWail","floor":1},{"not_picked":["Flechettes","Slice"],"picked":"Dodge and Roll","floor":2},{"not_picked":["Dagger Spray","Masterful Stab"],"picked":"Underhanded Strike","floor":3},{"not_picked":["Bane","Outmaneuver"],"picked":"Calculated Gamble","floor":5},{"not_picked":["Riddle With Holes","Deflect"],"picked":"Die Die Die","floor":6},{"not_picked":["Quick Slash","Slice"],"picked":"Backstab","floor":10},{"not_picked":["Deadly Poison","Acrobatics"],"picked":"Backflip","floor":11},{"not_picked":["Heel Hook","Tactician","Quick Slash"],"picked":"SKIP","floor":14},{"not_picked":["Corpse Explosion","Night Terror"],"picked":"Adrenaline","floor":16},{"not_picked":["Reflex","PiercingWail"],"picked":"Well Laid Plans+1","floor":18},{"not_picked":["Acrobatics","Dagger Throw"],"picked":"Dodge and Roll+1","floor":21},{"not_picked":["Predator","Venomology"],"picked":"Underhanded Strike+1","floor":25},{"not_picked":["Poisoned Stab","Bane+1"],"picked":"Blade Dance+1","floor":29},{"not_picked":["Dagger Throw+1","Bane+1"],"picked":"Backflip+1","floor":30},{"not_picked":["Cloak And Dagger+1","All Out Attack"],"picked":"Prepared+1","floor":31},{"not_picked":["Wraith Form v2","Night Terror+1"],"picked":"Malaise+1","floor":33},{"not_picked":["Terror+1","Dodge and Roll+1"],"picked":"Blur+1","floor":35},{"not_picked":["Backflip+1","Prepared+1"],"picked":"Blade Dance+1","floor":37},{"not_picked":["Dodge and Roll+1","Acrobatics+1"],"picked":"Backflip+1","floor":39},{"not_picked":["Night Terror+1","Backflip+1","Deflect+1"],"picked":"SKIP","floor":41},{"not_picked":["Flying Knee","Underhanded Strike","Bane"],"picked":"Singing Bowl","floor":45}],"player_experience":1431677,"relics_obtained":[{"floor":6,"key":"Dodecahedron"},{"floor":9,"key":"Tiny Chest"},{"floor":22,"key":"Shuriken"},{"floor":25,"key":"Omamori"},{"floor":26,"key":"Toxic Egg 2"},{"floor":43,"key":"Singing Bowl"}],"event_choices":[{"event_name":"Upgrade Shrine","player_choice":"Upgraded","floor":4,"damage_taken":0},{"event_name":"Liars Game","player_choice":"agreed","floor":8,"damage_taken":0},{"event_name":"Match and Keep!","player_choice":"1 cards matched","floor":12,"damage_taken":0},{"event_name":"Back to Basics","player_choice":"Elegance","floor":20,"damage_taken":0},{"event_name":"Golden Shrine","player_choice":"Pray","floor":27,"damage_taken":0},{"event_name":"Winding Halls","player_choice":"Embrace Madness","floor":36,"damage_taken":0}],"is_beta":false,"boss_relics":[{"not_picked":["WristBlade","Snecko Eye"],"picked":"Sozu"},{"not_picked":["HoveringKite","Coffee Dripper","Runic Dome"]}],"items_purged_floors":[19],"is_endless":false,"potions_floor_spawned":[1,6,10,18,29,31,33,35,37,45],"killed_by":"3 Darklings","ascension_level":9}