{"gold_per_floor":[117,192,203,213,223,242,242,254,280,280,58,77,77,77,77,176,226,238,257,113,113,131,131,143,143,143,154,154,172,172,186,186,186],"floor_reached":33,"playtime":1825,"items_purged":["Body Slam"],"score":243,"play_id":"7e690662-d8c7-4385-8b30-2eb14f5aa281","local_time":"20190111210258","is_ascension_mode":false,"campfire_choices":[{"data":"Spot Weakness","floor":7,"key":"SMITH"},{"data":"Pommel Strike","floor":10,"key":"SMITH"},{"data":"Battle Trance","floor":13,"key":"SMITH"},{"data":"Bash","floor":15,"key":"SMITH"},{"floor":23,"key":"REST"},{"floor":28,"key":"REST"},{"floor":30,"key":"REST"},{"data":"Headbutt","floor":32,"key":"SMITH"}],"neow_cost":"NONE","seed_source_timestamp":12680630818235,"circlet_count":0,"master_deck":["Strike_R","Strike_R","Strike_R","Strike_R","Strike_R+1","Defend_R+1","Defend_R","Defend_R","Defend_R+1","Bash+1","Cleave+1","Cleave","Spot Weakness+1","Battle Trance+1","Pommel Strike+1","Battle Trance+1","Headbutt+1","Spot Weakness+1","Rampage"],"relics":["Burning Blood","Ancient Tea Set","War Paint","Juzu Bracelet","Tiny House","Regal Pillow","Pantograph"],"potions_floor_usage":[16,16,16,22,22,27,29,31],"damage_taken":[{"damage":1,"enemies":"Jaw Worm","floor":1,"turns":5},{"damage":0,"enemies":"2 Louse","floor":3,"turns":3},{"damage":1,"enemies":"Cultist","floor":4,"turns":4},{"damage":11,"enemies":"2 Fungi Beasts","floor":5,"turns":3},{"damage":19,"enemies":"Exordium Wildlife","floor":6,"turns":3},{"damage":15,"enemies":"3 Louse","floor":8,"turns":2},{"damage":0,"enemies":"Lots of Slimes","floor":12,"turns":1},{"damage":36,"enemies":"The Guardian","floor":16,"turns":14},{"damage":37,"enemies":"Spheric Guardian","floor":18,"turns":6},{"damage":2,"enemies":"Chosen","floor":19,"turns":3},{"damage":42,"enemies":"Snake Plant","floor":22,"turns":5},{"damage":47,"enemies":"Shelled Parasite and Fungi","floor":24,"turns":5},{"damage":18,"enemies":"Centurion and Healer","floor":27,"turns":6},{"damage":33,"enemies":"Snake Plant","floor":29,"turns":4},{"damage":13,"enemies":"3 Cultists","floor":31,"turns":4},{"damage":99,"enemies":"Automaton","floor":33,"turns":6}],"seed_played":"-2058778591234111646","potions_obtained":[{"floor":4,"key":"SkillPotion"},{"floor":6,"key":"Block Potion"},{"floor":8,"key":"SpeedPotion"},{"floor":17,"key":"FearPotion"},{"floor":19,"key":"Strength Potion"},{"floor":22,"key":"PowerPotion"},{"floor":27,"key":"Regen Potion"},{"floor":29,"key":"Poison Potion"}],"is_trial":false,"path_per_floor":["M","?","M","M","M","M","R","M","T","R","$","M","R","?","R","B",null,"M","M","$","?","M","R","M","?","T","M","R","M","R","M","R","B"],"character_chosen":"IRONCLAD","items_purchased":["Juzu Bracelet","Regal Pillow"],"campfire_rested":3,"item_purchase_floors":[11,20],"current_hp_per_floor":[80,69,75,80,75,62,62,53,53,53,53,59,59,43,43,13,85,54,58,58,58,22,62,21,21,21,9,49,34,74,67,67,0],"gold":186,"neow_bonus":"RANDOM_COMMON_RELIC","is_prod":false,"is_daily":false,"chose_seed":false,"campfire_upgraded":5,"win_rate":0,"timestamp":1547269378,"path_taken":["M","?","M","M","M","M","R","M","T","R","$","M","R","?","R","BOSS","M","M","$","?","M","R","M","?","T","M","R","M","R","M","R","BOSS"],"build_version":"2019-01-10","purchased_purges":1,"victory":false,"max_hp_per_floor":[80,80,80,80,80,80,80,80,80,80,80,80,80,80,80,80,85,85,85,85,85,85,85,85,85,85,85,85,85,85,85,85,85],"card_choices":[{"not_picked":["Sword Boomerang","Blood for Blood"],"picked":"Cleave","floor":1},{"not_picked":["Seeing Red","Thunderclap"],"picked":"Body Slam","floor":3},{"not_picked":["Thunderclap","Anger"],"picked":"Cleave","floor":4},{"not_picked":["Intimidate","Sentinel"],"picked":"Spot Weakness","floor":5},{"not_picked":["Infernal Blade","Burning Pact"],"picked":"Battle Trance","floor":6},{"not_picked":["Warcry","Infernal Blade"],"picked":"Pommel Strike","floor":8},{"not_picked":["Twin Strike","Heavy Blade"],"picked":"Battle Trance","floor":12},{"not_picked":["Twin Strike","Corruption+1"],"picked":"Headbutt","floor":18},{"not_picked":["Anger","Metallicize","Perfected Strike+1"],"picked":"SKIP","floor":19},{"not_picked":["Clothesline+1","Iron Wave+1"],"picked":"Rampage","floor":22},{"not_picked":["Bloodletting","Thunderclap+1","Combust"],"picked":"SKIP","floor":24},{"not_picked":["Reckless Charge","Blood for Blood","Anger"],"picked":"SKIP","floor":27},{"not_picked":["Anger","Thunderclap","Whirlwind"],"picked":"SKIP","floor":29},{"not_picked":["Battle Trance","Rage","Dual Wield"],"picked":"SKIP","floor":31}],"player_experience":108296,"relics_obtained":[{"floor":9,"key":"War Paint"},{"floor":26,"key":"Pantograph"}],"event_choices":[{"damage_healed":0,"gold_gain":75,"player_choice":"Gather Gold","damage_taken":11,"max_hp_gain":0,"max_hp_loss":0,"event_name":"World of Goop","floor":2,"gold_loss":0},{"damage_healed":0,"gold_gain":0,"player_choice":"Entered Light","damage_taken":16,"max_hp_gain":0,"max_hp_loss":0,"event_name":"Shining Light","floor":14,"gold_loss":0,"cards_upgraded":["Strike_R","Battle Trance"]},{"damage_healed":0,"gold_gain":0,"player_choice":"Copied","damage_taken":0,"max_hp_gain":0,"max_hp_loss":0,"event_name":"Duplicator","floor":21,"gold_loss":0,"cards_obtained":["Spot Weakness"]},{"damage_healed":0,"gold_gain":0,"player_choice":"Ignored","damage_taken":0,"max_hp_gain":0,"max_hp_loss":0,"event_name":"Ghosts","floor":25,"gold_loss":0}],"is_beta":false,"boss_relics":[{"not_picked":["Cursed Key","Mark of Pain"],"picked":"Tiny House"}],"items_purged_floors":[11],"is_endless":false,"potions_floor_spawned":[4,6,8,12,19,22,27,29],"killed_by":"Automaton","ascension_level":0}