{"gold_per_floor":[213,223,243,31,31,31,58,58,82,101,101,101,120,131,131,228,228,242,231,0,13,28,28,38,38,91,42,60,24,24],"floor_reached":30,"playtime":1337,"items_purged":["Strike_G"],"score":259,"play_id":"e43a736a-1dce-4814-8fc9-1c0ab8e0fdb8","local_time":"20180816000104","is_ascension_mode":false,"campfire_choices":[{"data":"Catalyst","floor":6,"key":"SMITH"},{"floor":8,"key":"REST"},{"data":"Noxious Fumes","floor":12,"key":"SMITH"},{"floor":15,"key":"REST"},{"data":"Noxious Fumes","floor":23,"key":"SMITH"},{"floor":25,"key":"REST"}],"neow_cost":"NONE","seed_source_timestamp":34052585656406,"circlet_count":0,"master_deck":["Defend_G","Defend_G","Defend_G","Defend_G","Defend_G","Strike_G","Strike_G","Strike_G+1","Strike_G","Survivor","Neutralize","Catalyst+1","Outmaneuver","Outmaneuver+1","Noxious Fumes+1","Deadly Poison","Outmaneuver","Backflip","Noxious Fumes+1","Outmaneuver","Night Terror","Dodge and Roll","Catalyst","Leg Sweep+1","Quick Slash+1","Bouncing Flask","Venomology","Blur"],"relics":["Ring of the Snake"],"potions_floor_usage":[16,16,16,19,24,28,30],"damage_taken":[{"damage":0,"enemies":"Cultist","floor":1,"turns":5},{"damage":1,"enemies":"Jaw Worm","floor":2,"turns":5},{"damage":1,"enemies":"2 Louse","floor":3,"turns":4},{"damage":50,"enemies":"3 Sentries","floor":7,"turns":9},{"damage":4,"enemies":"Blue Slaver","floor":10,"turns":3},{"damage":2,"enemies":"Looter","floor":13,"turns":3},{"damage":8,"enemies":"Exordium Wildlife","floor":14,"turns":4},{"damage":30,"enemies":"Slime Boss","floor":16,"turns":5},{"damage":17,"enemies":"Chosen","floor":18,"turns":5},{"damage":22,"enemies":"2 Thieves","floor":19,"turns":5},{"damage":2,"enemies":"Snecko","floor":21,"turns":4},{"damage":6,"enemies":"Centurion and Healer","floor":22,"turns":7},{"damage":12,"enemies":"Chosen and Byrds","floor":24,"turns":6},{"damage":26,"enemies":"3 Cultists","floor":28,"turns":5},{"damage":3,"enemies":"Cultist and Chosen","floor":30,"turns":4}],"seed_played":"7593428896276217512","potions_obtained":[{"floor":1,"key":"Fire Potion"},{"floor":2,"key":"FearPotion"},{"floor":10,"key":"Swift Potion"},{"floor":16,"key":"SteroidPotion"},{"floor":18,"key":"FearPotion"},{"floor":21,"key":"SteroidPotion"},{"floor":22,"key":"Energy Potion"},{"floor":28,"key":"Weak Potion"}],"is_trial":false,"path_per_floor":["M","M","M","$","T","R","E","R","T","M","?","R","M","M","R","B",null,"M","M","?","M","M","R","M","R","T","$","M","$"],"character_chosen":"THE_SILENT","items_purchased":["Noxious Fumes","Deadly Poison","Outmaneuver","Fire Potion","Blur"],"campfire_rested":3,"item_purchase_floors":[4,4,4,27,29],"current_hp_per_floor":[70,69,68,68,68,68,18,39,39,35,21,21,19,11,32,2,70,53,31,31,29,23,23,11,32,32,32,6,6,3],"gold":24,"neow_bonus":"HUNDRED_GOLD","is_prod":false,"is_daily":false,"chose_seed":false,"campfire_upgraded":3,"win_rate":0,"timestamp":1534343464,"path_taken":["M","M","M","$","?","R","E","R","T","M","?","R","M","M","R","BOSS","M","M","?","M","M","R","M","R","T","$","M","$","M"],"build_version":"2018-08-09","purchased_purges":1,"victory":false,"max_hp_per_floor":[70,70,70,70,70,70,70,70,70,70,70,70,70,70,70,70,70,70,70,70,70,70,70,70,70,70,70,70,70,70],"card_choices":[{"not_picked":["Crippling Poison","Riddle With Holes"],"picked":"Catalyst","floor":1},{"not_picked":["All Out Attack","Acrobatics"],"picked":"Outmaneuver","floor":2},{"not_picked":["Eviscerate","Bane"],"picked":"Outmaneuver","floor":3},{"not_picked":["Accuracy","PiercingWail"],"picked":"Backflip","floor":7},{"not_picked":["Endless Agony","Sucker Punch","Distraction"],"picked":"SKIP","floor":10},{"not_picked":["Acrobatics","Bane"],"picked":"Noxious Fumes","floor":13},{"not_picked":["Underhanded Strike","Endless Agony"],"picked":"Outmaneuver","floor":14},{"not_picked":["Storm of Steel","After Image"],"picked":"Night Terror","floor":16},{"not_picked":["Concentrate","Underhanded Strike"],"picked":"Dodge and Roll","floor":18},{"not_picked":["Outmaneuver","Blur"],"picked":"Catalyst","floor":19},{"not_picked":["Outmaneuver","Dagger Spray"],"picked":"Leg Sweep+1","floor":21},{"not_picked":["Eviscerate+1","PiercingWail+1"],"picked":"Quick Slash+1","floor":22},{"not_picked":["Cloak And Dagger","All Out Attack"],"picked":"Bouncing Flask","floor":24},{"not_picked":["Deadly Poison","Blade Dance+1"],"picked":"Venomology","floor":28}],"player_experience":360225,"relics_obtained":[],"event_choices":[{"event_name":"Shining Light","player_choice":"Entered Light","floor":11,"damage_taken":0},{"event_name":"Masked Bandits","player_choice":"Paid Fearfully","floor":20,"damage_taken":0}],"is_beta":false,"boss_relics":[{"not_picked":["Runic Dome","Sozu","Cursed Key"]}],"items_purged_floors":[4],"is_endless":false,"potions_floor_spawned":[1,2,10,16,18,21,22,28],"killed_by":"Cultist and Chosen","ascension_level":0}