{"gold_per_floor":[115,186,59,69,88,88,88,116,164,164,176,238,250,262,262,262],"floor_reached":16,"playtime":889,"items_purged":[],"score":112,"play_id":"9d32fc7c-0e23-4f52-8b8f-8ad78361428b","local_time":"20190208171535","is_ascension_mode":true,"campfire_choices":[{"floor":6,"key":"REST"},{"floor":10,"key":"REST"},{"floor":15,"key":"REST"}],"neow_cost":"NONE","seed_source_timestamp":2348354192143679,"circlet_count":0,"master_deck":["Defend_G","Defend_G","Defend_G","Defend_G","Defend_G","Strike_G","Strike_G","Strike_G","Strike_G","Strike_G","Survivor","Neutralize","Underhanded Strike","Predator","Infinite Blades","Dodge and Roll","Dodge and Roll","Crippling Poison","Outmaneuver","Deflect"],"relics":["Ring of the Snake","Tiny Chest","Matryoshka","Bag of Preparation","Letter Opener","Potion Belt","Centennial Puzzle"],"potions_floor_usage":[16,16],"damage_taken":[{"damage":0,"enemies":"2 Louse","floor":1,"turns":3},{"damage":11,"enemies":"Jaw Worm","floor":4,"turns":4},{"damage":2,"enemies":"Small Slimes","floor":5,"turns":3},{"damage":39,"enemies":"Gremlin Nob","floor":8,"turns":6},{"damage":4,"enemies":"Blue Slaver","floor":11,"turns":5},{"damage":19,"enemies":"3 Sentries","floor":12,"turns":11},{"damage":16,"enemies":"Gremlin Gang","floor":13,"turns":5},{"damage":5,"enemies":"Large Slime","floor":14,"turns":6},{"damage":44,"enemies":"Slime Boss","floor":16,"turns":10}],"seed_played":"8610112366767575728","potions_obtained":[{"floor":4,"key":"Energy Potion"},{"floor":8,"key":"Strength Potion"},{"floor":11,"key":"Poison Potion"},{"floor":12,"key":"SkillPotion"}],"is_trial":false,"path_per_floor":["M","?","$","M","M","R","T","E","T","R","M","?","M","M","R","B"],"character_chosen":"THE_SILENT","items_purchased":["Tiny Chest"],"campfire_rested":3,"item_purchase_floors":[3],"current_hp_per_floor":[77,77,77,66,64,77,77,38,38,61,57,38,22,17,40,0],"gold":262,"neow_bonus":"TEN_PERCENT_HP_BONUS","is_prod":false,"is_daily":false,"chose_seed":false,"campfire_upgraded":0,"win_rate":0,"timestamp":1549617335,"path_taken":["M","?","$","M","M","R","?","E","T","R","M","?","M","M","R","BOSS"],"build_version":"2019-01-23","purchased_purges":0,"victory":false,"max_hp_per_floor":[77,77,77,77,77,77,77,77,77,77,77,77,77,77,77,77],"card_choices":[{"not_picked":["Bane","Flying Knee"],"picked":"Underhanded Strike","floor":1},{"not_picked":["Eviscerate","Underhanded Strike"],"picked":"Predator","floor":4},{"not_picked":["Bane","Dodge and Roll"],"picked":"Infinite Blades","floor":5},{"not_picked":["Flying Knee","Flechettes"],"picked":"Dodge and Roll","floor":8},{"not_picked":["Poisoned Stab","Sucker Punch"],"picked":"Dodge and Roll","floor":11},{"not_picked":["Poisoned Stab","Prepared"],"picked":"Crippling Poison","floor":12},{"not_picked":["Predator","Poisoned Stab"],"picked":"Outmaneuver","floor":13},{"not_picked":["Setup","Glass Knife"],"picked":"Deflect","floor":14}],"player_experience":60391,"relics_obtained":[{"floor":7,"key":"Matryoshka"},{"floor":8,"key":"Bag of Preparation"},{"floor":9,"key":"Letter Opener"},{"floor":9,"key":"Potion Belt"},{"floor":12,"key":"Centennial Puzzle"}],"event_choices":[{"damage_healed":0,"gold_gain":71,"player_choice":"Gained Gold","damage_taken":0,"max_hp_gain":0,"max_hp_loss":0,"event_name":"Golden Wing","floor":2,"gold_loss":0},{"damage_healed":0,"gold_gain":0,"player_choice":"Searched \u00271\u0027 times","damage_taken":0,"max_hp_gain":0,"max_hp_loss":0,"event_name":"Dead Adventurer","floor":12,"gold_loss":0}],"is_beta":false,"boss_relics":[],"items_purged_floors":[],"is_endless":false,"potions_floor_spawned":[4,8,11,12],"killed_by":"Slime Boss","ascension_level":2}