{"gold_per_floor":[111,111,36,50,50,50,50,70,146,187,187,218,239,257,257,348,348,361,361,382,396,412,412,456,470,470,470,490,490,490,529,529,618,618,633,646,662,81,81,81,81,81,104,104,104,123,143,103,103,103],"floor_reached":51,"playtime":3627,"items_purged":["Decay"],"score":1125,"play_id":"b7d574b1-1e18-4294-b752-a087281389d8","local_time":"20190201220203","is_ascension_mode":true,"campfire_choices":[{"data":"Spot Weakness","floor":6.0,"key":"SMITH"},{"floor":11.0,"key":"REST"},{"floor":15.0,"key":"REST"},{"floor":23.0,"key":"REST"},{"floor":27.0,"key":"REST"},{"floor":30.0,"key":"REST"},{"floor":32.0,"key":"REST"},{"data":"Corruption","floor":40,"key":"SMITH"},{"data":"Pommel Strike","floor":42,"key":"SMITH"},{"data":"Demon Form","floor":44,"key":"SMITH"},{"floor":49,"key":"REST"}],"neow_cost":"NONE","seed_source_timestamp":722445544315889,"circlet_count":0,"master_deck":["AscendersBane","Strike_R","Strike_R","Strike_R","Strike_R","Strike_R","Defend_R","Defend_R","Defend_R","Defend_R","Bash+1","Spot Weakness+1","Rage","Injury","Metallicize+1","Flame Barrier+1","Pommel Strike+1","Corruption+1","Pummel","Demon Form+1","Rage+1","Flame Barrier+1","Disarm+1","Ghostly Armor+1","True Grit+1","Sentinel+1","Pommel Strike","Jack Of All Trades+1","Disarm+1","Dark Embrace","Entrench+1","True Grit+1","Armaments+1","Sentinel+1","Madness+1","Madness+1","Havoc+1","Seeing Red+1"],"special_seed":0,"relics":["Black Blood","Golden Idol","Toxic Egg 2","Ornamental Fan","Dead Branch","Sozu","Happy Flower","Sundial","Vajra","Shuriken","Pantograph","Smiling Mask","Dream Catcher"],"potions_floor_usage":[],"damage_taken":[{"damage":0.0,"enemies":"2 Louse","floor":1.0,"turns":2.0},{"damage":6.0,"enemies":"Cultist","floor":4.0,"turns":4.0},{"damage":8.0,"enemies":"Small Slimes","floor":8.0,"turns":4.0},{"damage":33.0,"enemies":"3 Sentries","floor":10.0,"turns":10.0},{"damage":25.0,"enemies":"Lagavulin","floor":12.0,"turns":9.0},{"damage":8.0,"enemies":"Looter","floor":13.0,"turns":3.0},{"damage":26.0,"enemies":"3 Louse","floor":14.0,"turns":5.0},{"damage":24.0,"enemies":"Hexaghost","floor":16.0,"turns":10.0},{"damage":4.0,"enemies":"Chosen","floor":18.0,"turns":5.0},{"damage":0.0,"enemies":"3 Byrds","floor":20.0,"turns":2.0},{"damage":14.0,"enemies":"Centurion and Healer","floor":21.0,"turns":6.0},{"damage":43.0,"enemies":"Snake Plant","floor":22.0,"turns":5.0},{"damage":22.0,"enemies":"Book of Stabbing","floor":24.0,"turns":4.0},{"damage":6.0,"enemies":"Snecko","floor":25.0,"turns":4.0},{"damage":5.0,"enemies":"Cultist and Chosen","floor":28.0,"turns":6.0},{"damage":30.0,"enemies":"Slavers","floor":31.0,"turns":5.0},{"damage":12.0,"enemies":"Champ","floor":33.0,"turns":8.0},{"damage":15.0,"enemies":"3 Shapes","floor":35.0,"turns":6.0},{"damage":11.0,"enemies":"Orb Walker","floor":36.0,"turns":4.0},{"damage":18,"enemies":"Transient","floor":37,"turns":5},{"damage":33,"enemies":"3 Darklings","floor":46,"turns":6},{"damage":12,"enemies":"Jaw Worm Horde","floor":47,"turns":4},{"damage":57,"enemies":"Awakened One","floor":50,"turns":6}],"seed_played":"-5569033882147652937","potions_obtained":[{"floor":8.0,"key":"Energy Potion"},{"floor":14.0,"key":"LiquidBronze"},{"floor":16.0,"key":"GamblersBrew"}],"is_trial":false,"path_per_floor":["M","?","$","M","?","R","?","M","T","E","R","E","M","M","R","B",null,"M","?","M","M","M","R","E","M","T","R","M","?","R","E","R","B",null,"M","M","M","$","?","R","T","R","T","R","?","M","M","?","R","B",null],"character_chosen":"IRONCLAD","items_purchased":["Shuriken","Sentinel+1","Pantograph"],"campfire_rested":7,"item_purchase_floors":[38,38,38],"current_hp_per_floor":[74,74,74,74,74,74,79,77,77,50,74,55,53,33,57,39,70,72,72,78,70,33,57,41,41,41,65,66,66,80,56,80,74,79,74,73,65,65,55,55,55,55,55,55,55,32,30,30,54,32],"gold":103,"neow_bonus":"UPGRADE_CARD","is_prod":false,"is_daily":false,"chose_seed":false,"campfire_upgraded":4,"win_rate":0,"timestamp":1549076523,"path_taken":["M","?","$","?","?","R","?","M","T","E","R","E","M","M","R","BOSS","M","?","M","M","M","R","E","M","T","R","M","?","R","E","R","BOSS","M","M","M","?","?","R","?","R","T","R","?","M","M","?","R","BOSS"],"build_version":"2019-01-23","purchased_purges":1,"victory":true,"max_hp_per_floor":[75,75,75,75,75,75,80,80,80,80,80,80,80,80,80,80,80,80,80,80,80,80,80,80,80,80,80,80,80,80,80,80,80,80,80,80,80,80,80,80,80,80,80,80,80,80,80,80,80,80],"card_choices":[{"not_picked":["Clothesline","Headbutt"],"picked":"Spot Weakness","floor":1.0},{"not_picked":["Wild Strike","Heavy Blade"],"picked":"Rage","floor":4.0},{"not_picked":["Body Slam","Blood for Blood"],"picked":"Metallicize","floor":8.0},{"not_picked":["Ghostly Armor+1","Clash"],"picked":"Flame Barrier+1","floor":10.0},{"not_picked":["Intimidate+1","Fire Breathing"],"picked":"Pommel Strike","floor":12.0},{"not_picked":["Armaments+1","Perfected Strike"],"picked":"Corruption","floor":13.0},{"not_picked":["Corruption","Havoc+1"],"picked":"Pummel","floor":14.0},{"not_picked":["Double Tap+1","Juggernaut"],"picked":"Demon Form","floor":16.0},{"not_picked":["Headbutt","Rampage","Fire Breathing"],"picked":"SKIP","floor":18.0},{"not_picked":["Clash+1","Cleave"],"picked":"Rage+1","floor":20.0},{"not_picked":["Entrench+1","Infernal Blade+1"],"picked":"Flame Barrier+1","floor":21.0},{"not_picked":["Sword Boomerang","Havoc+1"],"picked":"Disarm+1","floor":22.0},{"not_picked":["Clothesline","Twin Strike"],"picked":"Ghostly Armor+1","floor":24.0},{"not_picked":["Thunderclap","Clash"],"picked":"True Grit+1","floor":25.0},{"not_picked":["Shrug It Off+1","Entrench+1"],"picked":"Sentinel+1","floor":28.0},{"not_picked":["Armaments+1","True Grit+1"],"picked":"Disarm+1","floor":31.0},{"not_picked":["Berserk","Fiend Fire"],"picked":"Dark Embrace","floor":33.0},{"not_picked":["Thunderclap","Armaments+1"],"picked":"Entrench+1","floor":35.0},{"not_picked":["Iron Wave","Twin Strike"],"picked":"True Grit+1","floor":36.0},{"not_picked":["Havoc+1","Warcry+1"],"picked":"Armaments+1","floor":37},{"not_picked":["Heavy Blade","Dual Wield+1","Hemokinesis+1"],"picked":"SKIP","floor":46},{"not_picked":["Twin Strike","Clash"],"picked":"Havoc+1","floor":47},{"not_picked":["Intimidate+1","Thunderclap"],"picked":"Seeing Red+1","floor":49}],"player_experience":2280727,"relics_obtained":[{"floor":9.0,"key":"Toxic Egg 2"},{"floor":10.0,"key":"Ornamental Fan"},{"floor":12.0,"key":"Dead Branch"},{"floor":24.0,"key":"Happy Flower"},{"floor":26.0,"key":"Sundial"},{"floor":31.0,"key":"Vajra"},{"floor":41,"key":"Smiling Mask"},{"floor":43,"key":"Dream Catcher"}],"event_choices":[{"damage_healed":0.0,"max_hp_gain":0.0,"max_hp_loss":0.0,"gold_gain":0.0,"event_name":"Wheel of Change","player_choice":"Cursed","floor":2.0,"gold_loss":0.0,"damage_taken":0.0,"cards_obtained":["Decay"]},{"damage_healed":0.0,"max_hp_gain":0.0,"max_hp_loss":0.0,"gold_gain":0.0,"event_name":"Golden Idol","player_choice":"Take Wound","floor":5.0,"gold_loss":0.0,"damage_taken":0.0,"relics_obtained":["Golden Idol"],"cards_obtained":["Injury"]},{"damage_healed":0.0,"max_hp_gain":5.0,"max_hp_loss":0.0,"gold_gain":0.0,"event_name":"Big Fish","player_choice":"Donut","floor":7.0,"gold_loss":0.0,"damage_taken":0.0},{"damage_healed":0.0,"max_hp_gain":0.0,"max_hp_loss":0.0,"gold_gain":0.0,"event_name":"The Mausoleum","player_choice":"Ignored","floor":19.0,"gold_loss":0.0,"damage_taken":0.0},{"damage_healed":0.0,"max_hp_gain":0.0,"max_hp_loss":0.0,"gold_gain":0.0,"event_name":"Match and Keep!","player_choice":"2 cards matched","floor":29.0,"gold_loss":0.0,"damage_taken":0.0,"cards_obtained":["Pommel Strike","Jack Of All Trades"]},{"damage_healed":0,"gold_gain":0,"player_choice":"Embrace Madness","damage_taken":10,"max_hp_gain":0,"max_hp_loss":0,"event_name":"Winding Halls","floor":39,"gold_loss":0,"cards_obtained":["Madness","Madness"]},{"damage_healed":0,"gold_gain":0,"player_choice":"Ignored","damage_taken":0,"max_hp_gain":0,"max_hp_loss":0,"event_name":"Mysterious Sphere","floor":45,"gold_loss":0},{"damage_healed":0,"gold_gain":0,"player_choice":"Upgrade","damage_taken":0,"max_hp_gain":0,"max_hp_loss":0,"event_name":"Designer","floor":48,"gold_loss":40,"cards_upgraded":["Metallicize"]}],"is_beta":false,"boss_relics":[{"not_picked":["Coffee Dripper","Runic Pyramid"],"picked":"Sozu"},{"not_picked":["Cursed Key","Lizard Tail"],"picked":"Black Blood"}],"items_purged_floors":[3],"is_endless":false,"potions_floor_spawned":[8,14,16,21,25,28,35,46,47],"ascension_level":14}