{"path_per_floor":["M","M","$","?","?","R","M","M","T","R","M","R","M","$","R"],"character_chosen":"DEFECT","items_purchased":["Chill","Cold Snap"],"gold_per_floor":[117,132,53,53,53,53,65,80,103,103,114,114,125,0,0,0],"floor_reached":16,"campfire_rested":1,"playtime":720,"item_purchase_floors":[3,14],"current_hp_per_floor":[75,70,70,70,70,74,71,67,67,71,71,75,46,46,74,0],"items_purged":["Strike_B"],"gold":0,"score":115,"play_id":"60742ec4-f9d5-4fc7-8abb-3d84355d9bcd","local_time":"20180616142614","is_prod":false,"is_daily":false,"chose_seed":false,"is_ascension_mode":true,"campfire_upgraded":3,"win_rate":0,"timestamp":1529173574,"campfire_choices":[{"data":"Chill","floor":6,"key":"SMITH"},{"data":"Electrodynamics","floor":10,"key":"SMITH"},{"data":"Redo","floor":12,"key":"SMITH"},{"floor":15,"key":"REST"}],"path_taken":["M","M","$","?","?","R","?","M","T","R","M","R","?","$","R","BOSS"],"build_version":"2018-06-14v2","seed_source_timestamp":212195099616293,"purchased_purges":1,"victory":false,"master_deck":["Strike_B+1","Strike_B+1","Defend_B","Defend_B","Defend_B","Defend_B","Zap","Dualcast","White Noise","Coolheaded","Chill+1","Redo+1","Electrodynamics+1","Heatsinks","Consume","Cold Snap"],"max_hp_per_floor":[75,75,75,75,75,75,75,75,75,75,75,75,75,75,75,75],"relics":["Eternal Feather","Whetstone"],"card_choices":[{"not_picked":["Hello World","Redo"],"picked":"White Noise","floor":1},{"not_picked":["FTL","Steam"],"picked":"Coolheaded","floor":2},{"not_picked":["Steam","Steam Power"],"picked":"Redo","floor":7},{"not_picked":["Gash","Aggregate"],"picked":"Electrodynamics","floor":8},{"not_picked":["Hologram","Steam"],"picked":"Heatsinks","floor":11},{"not_picked":["Coolheaded","Auto Shields"],"picked":"Consume","floor":13}],"player_experience":601906,"potions_floor_usage":[16],"damage_taken":[{"damage":0,"enemies":"Small Slimes","floor":1,"turns":3},{"damage":5,"enemies":"Cultist","floor":2,"turns":4},{"damage":3,"enemies":"Jaw Worm","floor":7,"turns":4},{"damage":4,"enemies":"3 Louse","floor":8,"turns":5},{"damage":0,"enemies":"Large Slime","floor":11,"turns":4},{"damage":29,"enemies":"Gremlin Gang","floor":13,"turns":4},{"damage":90,"enemies":"Hexaghost","floor":16,"turns":14}],"relics_obtained":[{"floor":9,"key":"Whetstone"}],"event_choices":[{"event_name":"Purifier","player_choice":"One Purge","floor":4,"damage_taken":0},{"event_name":"Liars Game","player_choice":"disagreed","floor":5,"damage_taken":0}],"boss_relics":[],"items_purged_floors":[14],"is_endless":false,"potions_floor_spawned":[1,2,11],"seed_played":"-5963417410806613284","killed_by":"Hexaghost","ascension_level":5,"potions_obtained":[{"floor":1,"key":"Regen Potion"},{"floor":2,"key":"Energy Potion"},{"floor":11,"key":"SpeedPotion"}],"is_trial":false}