{"gold_per_floor":[111,111,127,127,127,127,147,147,171,184,184,259,237,207,207,207],"floor_reached":16,"playtime":446,"items_purged":[],"score":90,"play_id":"185915b3-7c34-4f6b-b922-6438cf03e5d7","local_time":"20180801110509","is_ascension_mode":false,"campfire_choices":[{"data":"Neutralize","floor":6,"key":"SMITH"},{"data":"Accuracy","floor":8,"key":"SMITH"},{"floor":15,"key":"REST"}],"neow_cost":"NONE","seed_source_timestamp":50205106639087,"circlet_count":0,"master_deck":["Defend_G+1","Defend_G","Defend_G","Defend_G","Defend_G+1","Strike_G","Strike_G","Strike_G","Strike_G","Survivor","Neutralize+1","Catalyst","Accuracy+1","Escape Plan"],"relics":["Busted Crown","Golden Idol","Shuriken","Art of War","Paper Crane"],"potions_floor_usage":[13],"damage_taken":[{"damage":0,"enemies":"Small Slimes","floor":1,"turns":4},{"damage":2,"enemies":"Jaw Worm","floor":3,"turns":5},{"damage":0,"enemies":"Cultist","floor":7,"turns":6},{"damage":13,"enemies":"Gremlin Gang","floor":10,"turns":7},{"damage":12,"enemies":"Exordium Thugs","floor":13,"turns":7},{"damage":0,"enemies":"Looter","floor":14,"turns":4},{"damage":35,"enemies":"Hexaghost","floor":16,"turns":17}],"seed_played":"-4912592516948697159","potions_obtained":[{"floor":1,"key":"Swift Potion"},{"floor":7,"key":"SpeedPotion"}],"is_trial":false,"path_per_floor":["M","?","M","T","?","R","M","R","T","M","?","T","M","M","R"],"character_chosen":"THE_SILENT","items_purchased":[],"campfire_rested":1,"item_purchase_floors":[],"current_hp_per_floor":[70,53,51,51,51,51,51,51,51,38,24,24,12,12,33,0],"gold":207,"neow_bonus":"BOSS_RELIC","is_prod":false,"is_daily":false,"chose_seed":false,"campfire_upgraded":2,"win_rate":0,"timestamp":1533087309,"path_taken":["M","?","M","?","?","R","M","R","T","?","?","?","M","?","R","BOSS"],"build_version":"2018-07-26","purchased_purges":0,"victory":false,"max_hp_per_floor":[70,70,70,70,70,70,70,70,70,70,70,70,70,70,70,70],"card_choices":[{"not_picked":[],"picked":"Catalyst","floor":1},{"not_picked":["Sucker Punch"],"picked":"SKIP","floor":3},{"not_picked":[],"picked":"Accuracy","floor":7},{"not_picked":["Sucker Punch"],"picked":"SKIP","floor":10},{"not_picked":["Deflect"],"picked":"SKIP","floor":13},{"not_picked":[],"picked":"Escape Plan","floor":14}],"player_experience":284976,"relics_obtained":[{"floor":4,"key":"Shuriken"},{"floor":9,"key":"Art of War"},{"floor":12,"key":"Paper Crane"}],"event_choices":[{"event_name":"Golden Idol","player_choice":"Take Damage","floor":2,"damage_taken":0},{"event_name":"Purifier","player_choice":"One Purge","floor":5,"damage_taken":0},{"event_name":"Shining Light","player_choice":"Entered Light","floor":11,"damage_taken":0}],"is_beta":false,"boss_relics":[],"items_purged_floors":[],"is_endless":false,"potions_floor_spawned":[1,7],"killed_by":"Hexaghost","ascension_level":0}