{"gold_per_floor":[119,119,131,13,33,68,87,104,128,147,165,195,195,30,30,101,101,114,114,164,164,40,40],"floor_reached":23,"playtime":817,"items_purged":[],"score":426,"play_id":"37e11eca-6fc3-44cc-9e93-04ef6315385b","local_time":"20181222225026","is_ascension_mode":true,"campfire_choices":[{"floor":15,"key":"REST"}],"neow_cost":"NONE","seed_source_timestamp":242417769969738,"circlet_count":0,"master_deck":["AscendersBane","Strike_B","Strike_B+1","Defend_B","Defend_B","Defend_B","Defend_B","Zap","Dualcast","Streamline","Defragment","Streamline+1","Reinforced Body","Steam","Sweeping Beam","Self Repair","Cold Snap","Electrodynamics","Glacier","All For One","Buffer","Go for the Eyes","Heatsinks","Force Field"],"relics":["Cracked Core","NeowsBlessing","MawBank","Anchor","Vajra","Whetstone","Lantern","Inserter"],"potions_floor_usage":[8,16,21],"damage_taken":[{"damage":0,"enemies":"Jaw Worm","floor":1,"turns":1},{"damage":0,"enemies":"2 Louse","floor":5,"turns":1},{"damage":0,"enemies":"Gremlin Nob","floor":6,"turns":1},{"damage":6,"enemies":"Cultist","floor":7,"turns":3},{"damage":0,"enemies":"3 Louse","floor":8,"turns":1},{"damage":20,"enemies":"Exordium Thugs","floor":10,"turns":5},{"damage":7,"enemies":"2 Fungi Beasts","floor":11,"turns":4},{"damage":6,"enemies":"3 Sentries","floor":12,"turns":3},{"damage":24,"enemies":"Slime Boss","floor":16,"turns":11},{"damage":37,"enemies":"Shell Parasite","floor":18,"turns":7},{"damage":8,"enemies":"Colosseum Slavers","floor":21,"turns":4},{"damage":37,"enemies":"Gremlin Leader","floor":23,"turns":4}],"seed_played":"-9125752806293242010","potions_obtained":[{"floor":5,"key":"FearPotion"},{"floor":7,"key":"Explosive Potion"},{"floor":8,"key":"Swift Potion"},{"floor":12,"key":"Block Potion"}],"is_trial":false,"path_per_floor":["M","?","?","$","M","E","M","M","T","M","M","E","?","$","R","B",null,"M","$","?","?","$","E"],"character_chosen":"DEFECT","items_purchased":["Defragment","Streamline","Lantern","Heatsinks","Force Field"],"campfire_rested":1,"item_purchase_floors":[4,4,14,22,22],"current_hp_per_floor":[64,46,46,46,46,46,40,40,40,27,27,21,21,21,42,25,60,30,30,30,29,29,0],"gold":40,"neow_bonus":"THREE_ENEMY_KILL","is_prod":false,"is_daily":false,"chose_seed":false,"campfire_upgraded":0,"win_rate":0,"timestamp":1545537026,"path_taken":["M","?","?","$","M","E","M","M","T","?","M","E","?","$","R","BOSS","M","$","?","?","$","E"],"build_version":"2018-12-20","purchased_purges":0,"victory":false,"max_hp_per_floor":[71,71,71,71,71,71,71,71,71,71,71,71,71,71,71,71,71,71,71,71,71,71,71],"card_choices":[{"not_picked":["Redo","Skim"],"picked":"Streamline","floor":1},{"not_picked":["Rebound","Undo"],"picked":"Reinforced Body","floor":5},{"not_picked":["All For One","Reinforced Body"],"picked":"Steam","floor":6},{"not_picked":["Streamline","Rebound"],"picked":"Sweeping Beam","floor":7},{"not_picked":["Go for the Eyes","Beam Cell"],"picked":"Self Repair","floor":8},{"not_picked":["Compile Driver","Lockon"],"picked":"Cold Snap","floor":10},{"not_picked":["Compile Driver","Melter"],"picked":"Electrodynamics","floor":11},{"not_picked":["Steam","Streamline"],"picked":"Glacier","floor":12},{"not_picked":["Core Surge","Seek"],"picked":"Buffer","floor":16},{"not_picked":["Sweeping Beam","Cold Snap"],"picked":"Go for the Eyes","floor":18}],"player_experience":1942672,"relics_obtained":[{"floor":6,"key":"Anchor"},{"floor":9,"key":"Vajra"},{"floor":12,"key":"Whetstone"}],"event_choices":[{"damage_healed":0,"gold_gain":0,"player_choice":"Success","damage_taken":18,"relics_obtained":["MawBank"],"max_hp_gain":0,"max_hp_loss":0,"event_name":"Scrap Ooze","floor":2,"gold_loss":0},{"cards_removed":["Strike_B"],"damage_healed":0,"gold_gain":0,"player_choice":"Offered Basic","damage_taken":0,"max_hp_gain":0,"max_hp_loss":0,"event_name":"Bonfire Elementals","floor":3,"gold_loss":0},{"damage_healed":0,"gold_gain":0,"cards_transformed":["Strike_B"],"player_choice":"Transformed","damage_taken":0,"max_hp_gain":0,"max_hp_loss":0,"event_name":"Transmorgrifier","floor":13,"gold_loss":0,"cards_obtained":["All For One"]},{"damage_healed":0,"gold_gain":50,"player_choice":"Stole From Cult","damage_taken":0,"max_hp_gain":0,"max_hp_loss":0,"event_name":"Nest","floor":20,"gold_loss":0},{"damage_healed":0,"gold_gain":0,"player_choice":"Fight","damage_taken":0,"max_hp_gain":0,"max_hp_loss":0,"event_name":"Colosseum","floor":21,"gold_loss":0},{"damage_healed":0,"gold_gain":0,"player_choice":"Fled From Nobs","damage_taken":0,"max_hp_gain":0,"max_hp_loss":0,"event_name":"Colosseum","floor":21,"gold_loss":0}],"is_beta":false,"boss_relics":[{"not_picked":["White Beast Statue","FrozenCore"],"picked":"Inserter"}],"items_purged_floors":[],"is_endless":false,"potions_floor_spawned":[5,7,8,11,12,21],"killed_by":"Gremlin Leader","ascension_level":18}