{"gold_per_floor":[111,111,122,45,45,77,97,109,162,175,175,191,220,220],"floor_reached":14,"playtime":434,"items_purged":[],"score":241,"play_id":"918f9375-e9e0-4b0b-9821-93a12915ad0b","local_time":"20181221160623","is_ascension_mode":true,"campfire_choices":[{"floor":11,"key":"REST"}],"neow_cost":"NONE","seed_source_timestamp":132165696851361,"circlet_count":0,"master_deck":["AscendersBane","Strike_B","Strike_B","Strike_B","Strike_B","Defend_B","Defend_B","Defend_B","Defend_B","Zap","Dualcast","Streamline","Coolheaded","Sunder","Genetic Algorithm+1","Leap+1","Capacitor","Chill+1","Steam+1"],"relics":["Cracked Core","NeowsBlessing","Toxic Egg 2","Centennial Puzzle","Vajra","Lantern"],"potions_floor_usage":[],"damage_taken":[{"damage":0,"enemies":"Cultist","floor":1,"turns":1},{"damage":0,"enemies":"Jaw Worm","floor":3,"turns":1},{"damage":0,"enemies":"Gremlin Nob","floor":6,"turns":1},{"damage":0,"enemies":"2 Louse","floor":7,"turns":2},{"damage":17,"enemies":"Blue Slaver","floor":8,"turns":3},{"damage":12,"enemies":"Exordium Wildlife","floor":10,"turns":4},{"damage":0,"enemies":"3 Louse","floor":12,"turns":2},{"damage":29,"enemies":"Lagavulin","floor":13,"turns":9},{"damage":18,"enemies":"Large Slime","floor":14,"turns":4}],"seed_played":"-893917578889978828","potions_obtained":[{"floor":6,"key":"LiquidBronze"},{"floor":10,"key":"GamblersBrew"}],"is_trial":false,"path_per_floor":["M","?","M","$","T","E","M","M","T","M","R","M","E","M"],"character_chosen":"DEFECT","items_purchased":["Sunder"],"campfire_rested":1,"item_purchase_floors":[4],"current_hp_per_floor":[64,54,54,54,54,54,54,37,37,25,46,46,17,0],"gold":220,"neow_bonus":"THREE_ENEMY_KILL","is_prod":false,"is_daily":false,"chose_seed":false,"campfire_upgraded":0,"win_rate":0,"timestamp":1545426383,"path_taken":["M","?","M","?","?","E","?","M","T","M","R","M","E","M"],"build_version":"2018-12-20","purchased_purges":0,"victory":false,"max_hp_per_floor":[71,71,71,71,71,71,71,71,71,71,71,71,71,71],"card_choices":[{"not_picked":["Redo","Ball Lightning"],"picked":"Streamline","floor":1},{"not_picked":["Conserve Battery","Chaos"],"picked":"Coolheaded","floor":3},{"not_picked":["Turbo+1","Gash"],"picked":"Genetic Algorithm+1","floor":6},{"not_picked":["Force Field+1","Melter"],"picked":"Leap+1","floor":7},{"not_picked":["Heatsinks","Beam Cell"],"picked":"Capacitor","floor":8},{"not_picked":["Rebound","Redo+1"],"picked":"Chill+1","floor":10},{"not_picked":["Turbo+1","Rebound","Fusion+1"],"picked":"SKIP","floor":12},{"not_picked":["Meteor Strike","Sunder"],"picked":"Steam+1","floor":13}],"player_experience":1932367,"relics_obtained":[{"floor":5,"key":"Toxic Egg 2"},{"floor":6,"key":"Centennial Puzzle"},{"floor":9,"key":"Vajra"},{"floor":13,"key":"Lantern"}],"event_choices":[{"damage_healed":0,"gold_gain":0,"player_choice":"Damaged","damage_taken":10,"max_hp_gain":0,"max_hp_loss":0,"event_name":"Wheel of Change","floor":2,"gold_loss":0}],"is_beta":false,"boss_relics":[],"items_purged_floors":[],"is_endless":false,"potions_floor_spawned":[6,10,12],"killed_by":"Large Slime","ascension_level":18}