{"path_per_floor":["M","?","M","M","$","E","R","E","T","?","R","T","$","M","R","B",null,"M","T","?","M","$","E","R","M","T","R","E","R","M","E","R","B",null,"M","M","M","?","$","R","E","R","T","M","M","M","M","$","R"],"character_chosen":"THE_SILENT","items_purchased":["Vajra","Bronze Scales","Apotheosis","Panache","Noxious Fumes","Regal Pillow"],"gold_per_floor":[116,191,204,220,145,179,179,213,236,411,411,411,12,25,25,130,130,144,168,168,188,5,31,31,47,70,70,134,134,147,179,179,276,276,286,300,319,319,41,41,72,72,124,137,151,166,178,27,27,27],"floor_reached":50,"campfire_rested":6,"playtime":4733,"current_hp_per_floor":[70,59,59,59,59,44,65,65,65,65,65,65,65,65,65,43,70,70,70,70,70,70,39,39,36,36,57,57,70,65,65,65,50,70,59,44,36,36,36,67,21,54,54,42,30,30,15,15,63,0],"items_purged":["Defend_G","Defend_G"],"gold":27,"score":640,"play_id":"01703dbf-676c-43fb-8b0f-e4923ff9bf62","local_time":"20180515145420","is_prod":false,"is_daily":false,"chose_seed":false,"is_ascension_mode":false,"campfire_upgraded":4,"timestamp":1526388860,"path_taken":["M","?","M","M","$","E","R","E","T","?","R","?","$","M","R","BOSS","M","?","?","M","$","E","R","M","T","R","E","R","M","E","R","BOSS","M","M","M","?","$","R","E","R","T","M","M","M","M","?","R","BOSS"],"build_version":"2018-05-10","seed_source_timestamp":0,"purchased_purges":2,"victory":false,"master_deck":["Defend_G+1","Defend_G","Defend_G","Strike_G","Strike_G+1","Strike_G","Strike_G","Strike_G","Survivor+1","Neutralize+1","Finisher","Backflip","Backstab","Backflip","Outmaneuver+1","Sucker Punch+1","Envenom+1","Flying Knee","Apotheosis+1","Slice+1","Prepared","Footwork+1","A Thousand Cuts+1","Leg Sweep+1","Die Die Die+1","Flying Knee+1","Neutralize+1","Panache+1","Noxious Fumes+1","Heel Hook+1","Prepared","Sucker Punch+1","Backflip","Calculated Gamble"],"max_hp_per_floor":[70,70,70,70,70,70,70,70,70,70,70,70,70,70,70,70,70,70,70,70,70,70,70,70,70,70,70,70,70,70,70,70,70,70,70,70,70,70,70,70,70,70,70,70,70,70,70,70,70,70],"relics":["Ring of the Snake","Bag of Preparation","Omamori","Orichalcum","Dodecahedron","Vajra","Bronze Scales","Sozu","Ancient Tea Set","Happy Flower","War Paint","Tiny Chest","Frozen Egg 2","Eternal Feather","Whetstone","Anchor","Regal Pillow"],"card_choices":[{"not_picked":["All Out Attack","Dodge and Roll"],"picked":"Finisher","floor":1.0},{"not_picked":["Bane","Skewer"],"picked":"Backflip","floor":3.0},{"not_picked":["Noxious Fumes","Slice"],"picked":"Backstab","floor":4.0},{"not_picked":["Glass Knife","Masterful Stab"],"picked":"Backflip","floor":6.0},{"not_picked":["All Out Attack","PiercingWail"],"picked":"Outmaneuver","floor":8.0},{"not_picked":["Slice","Skewer"],"picked":"Sucker Punch","floor":14.0},{"not_picked":["Glass Knife","Doppelganger"],"picked":"Envenom","floor":16.0},{"not_picked":["Poisoned Stab","PiercingWail"],"picked":"Flying Knee","floor":21.0},{"not_picked":["Dodge and Roll","Deflect"],"picked":"Slice","floor":28},{"not_picked":["Slice","Outmaneuver"],"picked":"Prepared","floor":30},{"not_picked":["Escape Plan","Bane"],"picked":"Footwork","floor":31},{"not_picked":["Night Terror","Corpse Explosion"],"picked":"A Thousand Cuts","floor":33},{"not_picked":["Dodge and Roll","Predator"],"picked":"Leg Sweep","floor":35},{"not_picked":["Sucker Punch","Dagger Throw"],"picked":"Die Die Die","floor":36},{"not_picked":["Bouncing Flask","Quick Slash"],"picked":"Flying Knee","floor":37},{"not_picked":["Reflex","Terror"],"picked":"Heel Hook","floor":41},{"not_picked":["PiercingWail","Leg Sweep"],"picked":"Prepared","floor":44},{"not_picked":["Predator","Dodge and Roll"],"picked":"Sucker Punch","floor":45},{"not_picked":["Dagger Throw","Underhanded Strike"],"picked":"Backflip","floor":46},{"not_picked":["Underhanded Strike","Flechettes"],"picked":"Calculated Gamble","floor":47}],"player_experience":67807,"potions_floor_usage":[],"damage_taken":[{"damage":0.0,"enemies":"Jaw Worm","floor":1.0,"turns":5.0},{"damage":0.0,"enemies":"2 Louse","floor":3.0,"turns":3.0},{"damage":0.0,"enemies":"Cultist","floor":4.0,"turns":4.0},{"damage":15.0,"enemies":"Lagavulin","floor":6.0,"turns":8.0},{"damage":0.0,"enemies":"3 Sentries","floor":8.0,"turns":4.0},{"damage":0.0,"enemies":"Looter","floor":14.0,"turns":1.0},{"damage":22.0,"enemies":"Hexaghost","floor":16.0,"turns":9.0},{"damage":0.0,"enemies":"Chosen","floor":18.0,"turns":2.0},{"damage":0.0,"enemies":"3 Byrds","floor":21.0,"turns":4.0},{"damage":31.0,"enemies":"Slavers","floor":23.0,"turns":7.0},{"damage":3.0,"enemies":"Snake Plant","floor":25.0,"turns":3.0},{"damage":0,"enemies":"Book of Stabbing","floor":28,"turns":3},{"damage":5,"enemies":"Chosen and Byrds","floor":30,"turns":4},{"damage":0,"enemies":"Gremlin Leader","floor":31,"turns":4},{"damage":15,"enemies":"Champ","floor":33,"turns":7},{"damage":11,"enemies":"Orb Walker","floor":35,"turns":4},{"damage":15,"enemies":"3 Shapes","floor":36,"turns":4},{"damage":8,"enemies":"Sphere and 2 Shapes","floor":37,"turns":6},{"damage":46,"enemies":"2 Orb Walkers","floor":41,"turns":6},{"damage":12,"enemies":"Maw","floor":44,"turns":5},{"damage":12,"enemies":"3 Darklings","floor":45,"turns":3},{"damage":0,"enemies":"4 Shapes","floor":46,"turns":3},{"damage":15,"enemies":"Maw","floor":47,"turns":5},{"damage":69,"enemies":"Awakened One","floor":50,"turns":10}],"event_choices":[{"event_name":"World of Goop","player_choice":"Gather Gold","floor":2.0,"damage_taken":0.0},{"event_name":"Liars Game","player_choice":"agreed","floor":10.0,"damage_taken":0.0},{"event_name":"Drug Dealer","player_choice":"Ignored","floor":20.0,"damage_taken":0.0},{"event_name":"Duplicator","player_choice":"One dupe","floor":38,"damage_taken":0}],"boss_relics":[{"not_picked":["Cursed Key","Runic Dome"],"picked":"Eternal Feather"}],"potions_floor_spawned":[1,3,4,16,18,23,33,35,36,45,46],"seed_played":"-5843053718771936373","killed_by":"Awakened One","ascension_level":0,"is_trial":false}