{"gold_per_floor":[15,33,45,120,120,120,158,158,158,182,218,218,108,131,131,131],"floor_reached":16,"playtime":456,"items_purged":["Strike_G"],"score":171,"play_id":"8e98713a-8431-4a3c-8739-0492e31b6f4a","local_time":"20181216221526","is_ascension_mode":true,"campfire_choices":[{"data":"Glass Knife","floor":6.0,"key":"SMITH"},{"data":"Neutralize","floor":8.0,"key":"SMITH"},{"data":"After Image","floor":15.0,"key":"SMITH"}],"neow_cost":"NO_GOLD","seed_source_timestamp":293864058893944,"circlet_count":0,"master_deck":["AscendersBane","Defend_G","Defend_G","Defend_G","Defend_G","Defend_G","Strike_G","Strike_G","Survivor","Neutralize+1","Glass Knife+1","Blade Dance","Distraction","Distraction","Flechettes","PiercingWail","Backflip","After Image+1","Footwork","Predator"],"special_seed":0,"relics":["Ring of the Snake","Golden Idol","Letter Opener","Blood Vial","Shuriken"],"potions_floor_usage":[],"damage_taken":[{"damage":0.0,"enemies":"Cultist","floor":1.0,"turns":3.0},{"damage":1.0,"enemies":"Small Slimes","floor":2.0,"turns":3.0},{"damage":7.0,"enemies":"2 Louse","floor":3.0,"turns":3.0},{"damage":24.0,"enemies":"Gremlin Nob","floor":7.0,"turns":4.0},{"damage":1.0,"enemies":"Blue Slaver","floor":10.0,"turns":3.0},{"damage":12.0,"enemies":"Lagavulin","floor":11.0,"turns":6.0},{"damage":0.0,"enemies":"Exordium Thugs","floor":14.0,"turns":2.0},{"damage":25,"enemies":"Slime Boss","floor":16,"turns":6}],"seed_played":"788983828353230453","potions_obtained":[{"floor":1.0,"key":"FearPotion"},{"floor":2.0,"key":"Explosive Potion"},{"floor":10.0,"key":"SteroidPotion"}],"is_trial":false,"path_per_floor":["M","M","M","?","?","R","E","R","T","M","E","?","$","M","R","B"],"character_chosen":"THE_SILENT","items_purchased":["Footwork"],"campfire_rested":0,"item_purchase_floors":[13],"current_hp_per_floor":[63,62,55,44,44,44,20,20,20,21,11,16,16,18,18,0],"gold":131,"neow_bonus":"TRANSFORM_TWO_CARDS","is_prod":false,"is_daily":false,"chose_seed":false,"campfire_upgraded":3,"win_rate":0,"timestamp":1544994926,"path_taken":["M","M","M","?","?","R","E","R","T","M","E","?","?","M","R","BOSS"],"build_version":"2018-12-13","purchased_purges":1,"victory":false,"max_hp_per_floor":[70,70,70,70,65,65,65,65,65,65,65,70,70,70,70,70],"card_choices":[{"not_picked":["Dagger Throw","All Out Attack"],"picked":"Distraction","floor":1.0},{"not_picked":["Bane","Accuracy"],"picked":"Distraction","floor":2.0},{"not_picked":["Dagger Spray","Masterful Stab"],"picked":"Flechettes","floor":3.0},{"not_picked":["Acrobatics","Dodge and Roll"],"picked":"PiercingWail","floor":7.0},{"not_picked":["Underhanded Strike","PiercingWail"],"picked":"Backflip","floor":10.0},{"not_picked":["Deadly Poison","Choke"],"picked":"After Image","floor":11.0},{"not_picked":["Bane","Concentrate"],"picked":"Predator","floor":14.0}],"player_experience":1149204,"relics_obtained":[{"floor":7.0,"key":"Letter Opener"},{"floor":9.0,"key":"Blood Vial"},{"floor":11.0,"key":"Shuriken"}],"event_choices":[{"damage_healed":0.0,"max_hp_gain":0.0,"max_hp_loss":0.0,"gold_gain":75.0,"event_name":"World of Goop","player_choice":"Gather Gold","floor":4.0,"gold_loss":0.0,"damage_taken":11.0},{"damage_healed":0.0,"max_hp_gain":0.0,"max_hp_loss":5.0,"gold_gain":0.0,"event_name":"Golden Idol","player_choice":"Lose Max HP","floor":5.0,"gold_loss":0.0,"damage_taken":0.0,"relics_obtained":["Golden Idol"]},{"damage_healed":0.0,"max_hp_gain":5.0,"max_hp_loss":0.0,"gold_gain":0.0,"event_name":"Big Fish","player_choice":"Donut","floor":12.0,"gold_loss":0.0,"damage_taken":0.0}],"is_beta":false,"boss_relics":[],"items_purged_floors":[13],"is_endless":false,"potions_floor_spawned":[1,2,10],"killed_by":"Slime Boss","ascension_level":11}