{"gold_per_floor":[112,127,139,89,107,134,14,14,14,14,28,28,60,70,70,170,170,189,129,129,145,345,345,345],"floor_reached":24,"playtime":967,"items_purged":["Strike_B"],"score":237,"play_id":"26be2009-e792-41f7-8cdb-653269154d85","local_time":"20190212220858","is_ascension_mode":true,"campfire_choices":[{"floor":12,"key":"REST"},{"data":"Zap","floor":15,"key":"SMITH"},{"data":"White Noise","floor":23,"key":"SMITH"}],"neow_cost":"NONE","seed_source_timestamp":32309660827971,"circlet_count":0,"master_deck":["Strike_B","Strike_B","Defend_B","Defend_B","Defend_B","Zap+1","Dualcast","Chill","Cold Snap","Capacitor+1","Core Surge","Conserve Battery+1","White Noise+1","Go for the Eyes","Thunder Strike","Recycle","Ball Lightning"],"relics":["Cracked Core","Bottled Flame","Meat on the Bone","The Courier","Philosopher\u0027s Stone"],"potions_floor_usage":[16,24,24],"damage_taken":[{"damage":1,"enemies":"Cultist","floor":1,"turns":4},{"damage":0,"enemies":"Small Slimes","floor":2,"turns":3},{"damage":2,"enemies":"2 Louse","floor":3,"turns":3},{"damage":7,"enemies":"Looter","floor":5,"turns":5},{"damage":30,"enemies":"Lagavulin","floor":6,"turns":8},{"damage":9,"enemies":"3 Louse","floor":11,"turns":4},{"damage":6,"enemies":"3 Sentries","floor":13,"turns":13},{"damage":6,"enemies":"Blue Slaver","floor":14,"turns":4},{"damage":20,"enemies":"The Guardian","floor":16,"turns":12},{"damage":29,"enemies":"2 Thieves","floor":18,"turns":4},{"damage":15,"enemies":"Shell Parasite","floor":21,"turns":7},{"damage":46,"enemies":"Gremlin Leader","floor":24,"turns":3}],"seed_played":"-4443884637307929772","potions_obtained":[{"floor":2,"key":"SteroidPotion"},{"floor":3,"key":"GamblersBrew"},{"floor":13,"key":"PowerPotion"},{"floor":16,"key":"SpeedPotion"},{"floor":21,"key":"Swift Potion"}],"is_trial":false,"path_per_floor":["M","M","M","?","M","E","$","?","T","?","M","R","E","M","R","B",null,"M","$","?","M","?","R","E"],"character_chosen":"DEFECT","items_purchased":["Core Surge","Conserve Battery"],"campfire_rested":1,"item_purchase_floors":[7,7],"current_hp_per_floor":[74,74,72,72,65,35,35,20,20,20,23,45,39,45,45,37,75,46,46,46,43,43,43,0],"gold":345,"neow_bonus":"REMOVE_CARD","is_prod":false,"is_daily":false,"chose_seed":false,"campfire_upgraded":2,"win_rate":0,"timestamp":1550005738,"path_taken":["M","?","M","?","M","E","$","?","T","?","M","R","E","M","R","BOSS","M","$","?","M","?","R","E"],"build_version":"2019-01-23","purchased_purges":1,"victory":false,"max_hp_per_floor":[75,75,75,75,75,75,75,75,75,75,75,75,75,75,75,75,75,75,75,75,75,75,75,75],"card_choices":[{"not_picked":["Hologram","Turbo"],"picked":"Chill","floor":1},{"not_picked":["Rebound","Barrage"],"picked":"Cold Snap","floor":2},{"not_picked":["Tempest","Stack"],"picked":"Capacitor","floor":3},{"not_picked":["Turbo","Hello World","Leap"],"picked":"SKIP","floor":5},{"not_picked":["Turbo","Undo","Steam"],"picked":"SKIP","floor":6},{"not_picked":["Rainbow","Loop"],"picked":"White Noise","floor":11},{"not_picked":["Heatsinks","Skim"],"picked":"Go for the Eyes","floor":13},{"not_picked":["Barrage","Cold Snap","Rebound"],"picked":"SKIP","floor":14},{"not_picked":["Electrodynamics","Creative AI"],"picked":"Thunder Strike","floor":16},{"not_picked":["Lockon","Double Energy+1","Turbo"],"picked":"SKIP","floor":18},{"not_picked":["Redo","Darkness"],"picked":"Ball Lightning","floor":21}],"player_experience":78629,"relics_obtained":[{"floor":6,"key":"Bottled Flame"},{"floor":9,"key":"Meat on the Bone"},{"floor":13,"key":"The Courier"}],"event_choices":[{"cards_removed":["Defend_B"],"damage_healed":0,"gold_gain":0,"player_choice":"Card Removal","damage_taken":0,"max_hp_gain":0,"max_hp_loss":0,"event_name":"The Cleric","floor":4,"gold_loss":50},{"damage_healed":0,"gold_gain":0,"player_choice":"Entered Light","damage_taken":15,"max_hp_gain":0,"max_hp_loss":0,"event_name":"Shining Light","floor":8,"gold_loss":0,"cards_upgraded":["Conserve Battery","Capacitor"]},{"damage_healed":0,"gold_gain":0,"player_choice":"Ignored","damage_taken":0,"max_hp_gain":0,"max_hp_loss":0,"event_name":"Liars Game","floor":10,"gold_loss":0},{"damage_healed":0,"gold_gain":0,"player_choice":"Read","damage_taken":0,"max_hp_gain":0,"max_hp_loss":0,"event_name":"The Library","floor":20,"gold_loss":0,"cards_obtained":["Recycle"]},{"damage_healed":0,"gold_gain":250,"player_choice":"Bet on Owner","damage_taken":0,"max_hp_gain":0,"max_hp_loss":0,"event_name":"The Joust","floor":22,"gold_loss":50}],"is_beta":false,"boss_relics":[{"not_picked":["White Beast Statue","Tiny House"],"picked":"Philosopher\u0027s Stone"}],"items_purged_floors":[19],"is_endless":false,"potions_floor_spawned":[2,3,13,16,21],"killed_by":"Gremlin Leader","ascension_level":3}