{"gold_per_floor":[112,15,30,30,54,98,98,114,114,114,114,130,145,166,166,285,285,301,301,38,38,38,61,55,68,92,92,115,115,10,10,10,135,135,155,171,44,44,44,44,377,377,457,476,76,0,16,31,31,31],"floor_reached":51,"playtime":2360,"items_purged":["Injury"],"score":940,"play_id":"3234d51e-66fe-40ff-8a67-9a3815aa42c4","local_time":"20181004002954","is_ascension_mode":true,"campfire_choices":[{"floor":7,"key":"REST"},{"data":"Darkness","floor":11,"key":"SMITH"},{"floor":15,"key":"REST"},{"data":"Defragment","floor":27,"key":"SMITH"},{"data":"Chill","floor":29,"key":"SMITH"},{"data":"Echo Form","floor":32,"key":"SMITH"},{"floor":40,"key":"REST"},{"data":"Leap","floor":42,"key":"SMITH"},{"data":"Rainbow","floor":49,"key":"SMITH"}],"neow_cost":"","seed_source_timestamp":301830200304380,"circlet_count":0,"master_deck":["Strike_B","Strike_B","Strike_B","Strike_B","Defend_B","Defend_B","Defend_B","Defend_B","Zap","Dualcast","Cold Snap","Darkness+1","Compile Driver","Cold Snap","Conserve Battery","Undo","Leap+1","Go for the Eyes","BootSequence","Ball Lightning","BootSequence","Defragment+1","Chill+1","Melter","Compile Driver","Echo Form+1","Defragment","Conserve Battery","Echo Form","Streamline+1","Conserve Battery+1","Rainbow+1"],"relics":["Cracked Core","Singing Bowl","Shuriken","Inserter","Torii","Bag of Marbles","Vajra","Snecko Eye","Calipers","Bottled Tornado","Pantograph","Red Mask"],"potions_floor_usage":[6,12,16,16,25,25,25,28,33,36,39,47,50,50],"damage_taken":[{"damage":4,"enemies":"Jaw Worm","floor":1,"turns":4},{"damage":4,"enemies":"2 Louse","floor":3,"turns":2},{"damage":0,"enemies":"Cultist","floor":5,"turns":2},{"damage":22,"enemies":"3 Sentries","floor":6,"turns":5},{"damage":3,"enemies":"3 Louse","floor":8,"turns":5},{"damage":17,"enemies":"Lots of Slimes","floor":12,"turns":4},{"damage":9,"enemies":"Exordium Thugs","floor":13,"turns":5},{"damage":6,"enemies":"Exordium Wildlife","floor":14,"turns":5},{"damage":20,"enemies":"The Guardian","floor":16,"turns":12},{"damage":23,"enemies":"Shell Parasite","floor":18,"turns":8},{"damage":1,"enemies":"2 Thieves","floor":24,"turns":4},{"damage":23,"enemies":"Shelled Parasite and Fungi","floor":25,"turns":9},{"damage":0,"enemies":"Centurion and Healer","floor":28,"turns":6},{"damage":1,"enemies":"Colosseum Slavers","floor":31,"turns":6},{"damage":54,"enemies":"Champ","floor":33,"turns":15},{"damage":33,"enemies":"3 Darklings","floor":35,"turns":11},{"damage":5,"enemies":"3 Shapes","floor":36,"turns":8},{"damage":0,"enemies":"Mind Bloom Boss Battle","floor":39,"turns":6},{"damage":1,"enemies":"3 Darklings","floor":44,"turns":9},{"damage":2,"enemies":"Spire Growth","floor":47,"turns":5},{"damage":0,"enemies":"4 Shapes","floor":48,"turns":5},{"damage":42,"enemies":"Donu and Deca","floor":50,"turns":9}],"seed_played":"9090188275042908331","potions_obtained":[{"floor":3,"key":"Explosive Potion"},{"floor":8,"key":"SteroidPotion"},{"floor":13,"key":"Strength Potion"},{"floor":14,"key":"Fire Potion"},{"floor":24,"key":"EntropicBrew"},{"floor":28,"key":"Block Potion"},{"floor":35,"key":"FocusPotion"},{"floor":36,"key":"FearPotion"},{"floor":47,"key":"FearPotion"}],"is_trial":false,"path_per_floor":["M","$","M","?","M","E","R","M","T","?","R","M","M","M","R","B",null,"M","T","$","?","$","T","M","M","T","R","M","R","$","?","R","B",null,"M","M","$","?","?","R","?","R","T","M","$","?","M","M","R","B"],"character_chosen":"DEFECT","items_purchased":["Darkness","Compile Driver","Defragment","Chill","Melter","Defragment","Conserve Battery","PowerPotion","FocusPotion","Rainbow","Pantograph"],"campfire_rested":3,"item_purchase_floors":[2,2,20,20,20,30,30,37,37,45,45],"current_hp_per_floor":[64,64,60,60,60,38,60,57,57,75,75,58,49,43,65,45,68,45,45,45,85,85,85,84,78,78,78,78,78,78,77,77,23,71,40,35,35,35,35,61,61,61,61,62,62,62,62,64,64,47],"gold":31,"neow_bonus":"","is_prod":false,"is_daily":false,"chose_seed":false,"campfire_upgraded":6,"win_rate":0,"timestamp":1538630994,"path_taken":["M","$","M","?","M","E","R","M","T","?","R","M","M","M","R","BOSS","M","?","$","?","$","?","M","M","T","R","?","R","?","?","R","BOSS","M","M","$","?","?","R","?","R","T","M","?","?","M","?","R","BOSS"],"build_version":"2018-09-27","purchased_purges":1,"victory":true,"max_hp_per_floor":[75,75,75,75,75,75,75,75,75,75,75,75,75,75,75,75,75,75,75,75,85,85,85,85,87,87,87,87,87,87,87,87,87,87,89,89,89,89,89,89,89,89,89,91,91,91,93,95,95,95],"card_choices":[{"not_picked":["Redo","Gash"],"picked":"Cold Snap","floor":1},{"not_picked":["Gash","Compile Driver"],"picked":"Cold Snap","floor":3},{"not_picked":["Stack","Sweeping Beam"],"picked":"Conserve Battery","floor":5},{"not_picked":["Go for the Eyes","Aggregate"],"picked":"Undo","floor":6},{"not_picked":["Cold Snap","Chaos"],"picked":"Leap","floor":8},{"not_picked":["Hello World","Hologram"],"picked":"Go for the Eyes","floor":12},{"not_picked":["Melter","Stack"],"picked":"BootSequence","floor":13},{"not_picked":["Barrage","Consume"],"picked":"Ball Lightning","floor":14},{"not_picked":["Biased Cognition","Multi-Cast"],"picked":"Core Surge","floor":16},{"not_picked":["Rebound","Sweeping Beam"],"picked":"BootSequence","floor":18},{"not_picked":["White Noise","Genetic Algorithm"],"picked":"Compile Driver","floor":24},{"not_picked":["Stack","Conserve Battery","Loop"],"picked":"Singing Bowl","floor":25},{"not_picked":["Sunder","Capacitor+1"],"picked":"Echo Form","floor":28},{"not_picked":["Hyperbeam","Reboot"],"picked":"Echo Form","floor":33},{"not_picked":["Chaos+1","Turbo+1","Force Field"],"picked":"Singing Bowl","floor":35},{"not_picked":["Gash+1","FTL"],"picked":"Streamline+1","floor":36},{"not_picked":["Sweeping Beam","Force Field"],"picked":"Conserve Battery+1","floor":39},{"not_picked":["Rebound","Redo+1","Recycle"],"picked":"Singing Bowl","floor":44},{"not_picked":["Gash+1","Steam+1","Conserve Battery"],"picked":"Singing Bowl","floor":47},{"not_picked":["Rebound+1","Loop","Conserve Battery"],"picked":"Singing Bowl","floor":48}],"player_experience":710651,"relics_obtained":[{"floor":6,"key":"Singing Bowl"},{"floor":9,"key":"Shuriken"},{"floor":19,"key":"Torii"},{"floor":23,"key":"Bag of Marbles"},{"floor":26,"key":"Vajra"},{"floor":39,"key":"Calipers"},{"floor":43,"key":"Bottled Tornado"}],"event_choices":[{"event_name":"Golden Idol","player_choice":"Take Wound","floor":4,"damage_taken":0},{"event_name":"Big Fish","player_choice":"Banana","floor":10,"damage_taken":0},{"event_name":"Bonfire Elementals","player_choice":"RARE","floor":21,"damage_taken":0},{"event_name":"Colosseum","player_choice":"Fight","floor":31,"damage_taken":0},{"event_name":"Colosseum","player_choice":"Fled From Nobs","floor":31,"damage_taken":0},{"event_name":"Mysterious Sphere","player_choice":"Ignore","floor":38,"damage_taken":0},{"event_name":"MindBloom","player_choice":"Fight","floor":39,"damage_taken":0},{"event_name":"The Moai Head","player_choice":"Gave Idol","floor":41,"damage_taken":0},{"event_name":"Tomb of Lord Red Mask","player_choice":"Paid","floor":46,"damage_taken":0}],"is_beta":false,"boss_relics":[{"not_picked":["Ectoplasm","Runic Pyramid"],"picked":"Inserter"},{"not_picked":["Fusion Hammer","Empty Cage"],"picked":"Snecko Eye"}],"items_purged_floors":[20],"is_endless":false,"potions_floor_spawned":[3,8,13,14,24,28,31,35,36,47],"ascension_level":7}