{"gold_per_floor":[110,185,185,206,220,289,23,23,71,85,85],"floor_reached":11,"playtime":801,"items_purged":["Strike_G"],"score":102,"play_id":"5404f720-6676-4bb9-8522-e9d2a43959f8","local_time":"20180731151232","is_ascension_mode":true,"campfire_choices":[{"data":"Cloak And Dagger","floor":8,"key":"SMITH"}],"neow_cost":"NONE","seed_source_timestamp":392156598888649,"circlet_count":0,"master_deck":["Defend_G","Defend_G","Defend_G","Defend_G","Defend_G","Strike_G","Strike_G","Strike_G","Strike_G","Survivor","Neutralize","Cloak And Dagger+1","Well Laid Plans","Dodge and Roll","Tools of the Trade","Slice"],"relics":["Ring of the Snake","Anchor","Golden Idol","Tiny Chest","HandDrill","Happy Flower"],"potions_floor_usage":[6],"damage_taken":[{"damage":7,"enemies":"Small Slimes","floor":1,"turns":4},{"damage":0,"enemies":"2 Louse","floor":4,"turns":3},{"damage":0,"enemies":"Cultist","floor":5,"turns":4},{"damage":13,"enemies":"3 Sentries","floor":6,"turns":13},{"damage":3,"enemies":"Exordium Wildlife","floor":10,"turns":6},{"damage":46,"enemies":"Gremlin Nob","floor":11,"turns":5}],"seed_played":"5764282652441800700","potions_obtained":[{"floor":5,"key":"Fruit Juice"}],"is_trial":false,"path_per_floor":["M","?","?","M","M","E","$","R","T","M"],"character_chosen":"THE_SILENT","items_purchased":["HandDrill"],"campfire_rested":0,"item_purchase_floors":[7],"current_hp_per_floor":[56,45,45,45,45,37,37,37,37,34,0],"gold":85,"neow_bonus":"RANDOM_COMMON_RELIC","is_prod":false,"is_daily":false,"chose_seed":false,"campfire_upgraded":1,"win_rate":0,"timestamp":1533067952,"path_taken":["M","?","?","M","M","E","$","R","T","?","E"],"build_version":"2018-07-30","purchased_purges":1,"victory":false,"max_hp_per_floor":[70,70,65,65,65,70,70,70,70,70,70],"card_choices":[{"not_picked":["Accuracy","Backflip"],"picked":"Cloak And Dagger","floor":1},{"not_picked":["PiercingWail","Expertise"],"picked":"Well Laid Plans","floor":4},{"not_picked":["Dagger Throw","Acrobatics"],"picked":"Dodge and Roll","floor":5},{"not_picked":["Deadly Poison","Sucker Punch"],"picked":"Tools of the Trade","floor":6},{"not_picked":["Bane","Underhanded Strike"],"picked":"Slice","floor":10}],"player_experience":310853,"relics_obtained":[{"floor":6,"key":"Tiny Chest"},{"floor":9,"key":"Happy Flower"}],"event_choices":[{"event_name":"World of Goop","player_choice":"Gather Gold","floor":2,"damage_taken":0},{"event_name":"Golden Idol","player_choice":"Lose Max HP","floor":3,"damage_taken":0}],"is_beta":true,"boss_relics":[],"items_purged_floors":[7],"is_endless":false,"potions_floor_spawned":[5],"killed_by":"Gremlin Nob","ascension_level":8}