{"gold_per_floor":[114,133,133,133,147,179,179,214,260,260,260,273,40,58,58,151,151,166,11,11,27,42,42,141,141,141,181,81,81,81,99,99,189,189,208,233,258,271,286,286,286,286,286,286,304,304],"floor_reached":46,"playtime":2792,"items_purged":["Storm","Writhe"],"score":743,"play_id":"0718e6da-54b5-435f-9f78-ca56611ba5b2","local_time":"20180806123003","is_ascension_mode":true,"campfire_choices":[{"floor":7,"key":"REST"},{"floor":11,"key":"REST"},{"floor":15,"key":"REST"},{"data":"Zap","floor":29,"key":"SMITH"},{"floor":32,"key":"REST"},{"floor":40,"key":"REST"},{"data":"Echo Form","floor":44,"key":"SMITH"}],"neow_cost":"NONE","seed_source_timestamp":1016381532675230,"circlet_count":0,"master_deck":["Zap+1","Dualcast","AscendersBane","Gash","Undo","Lockon","Beam Cell","Gash","Glacier+1","FTL","Redo+1","Reboot+1","Compile Driver","Beam Cell","Sweeping Beam","Capacitor","Genetic Algorithm+1","Defragment","Coolheaded+1","FTL","Go for the Eyes","Leap+1","Go for the Eyes+1","Barrage+1","Leap+1","Coolheaded+1","Beam Cell+1","Glacier+1","Genetic Algorithm+1","BootSequence+1","FTL+1","Leap+1","Echo Form+1","Doubt"],"relics":["Cracked Core","NeowsBlessing","Toxic Egg 2","Boot","Juzu Bracelet","Golden Idol","Anchor","Pandora\u0027s Box","Bottled Flame","Torii","Molten Egg 2","Bag of Preparation","Orrery","Darkstone Periapt"],"potions_floor_usage":[6,16,16,22,22,36,37,38,39],"damage_taken":[{"damage":0,"enemies":"2 Louse","floor":1,"turns":1},{"damage":0,"enemies":"Jaw Worm","floor":2,"turns":1},{"damage":0,"enemies":"Cultist","floor":5,"turns":1},{"damage":39,"enemies":"Lagavulin","floor":6,"turns":7},{"damage":27,"enemies":"3 Sentries","floor":8,"turns":8},{"damage":11,"enemies":"Looter","floor":12,"turns":2},{"damage":0,"enemies":"2 Fungi Beasts","floor":14,"turns":3},{"damage":3,"enemies":"The Guardian","floor":16,"turns":11},{"damage":3,"enemies":"3 Byrds","floor":18,"turns":4},{"damage":6,"enemies":"Shell Parasite","floor":21,"turns":3},{"damage":6,"enemies":"Cultist and Chosen","floor":22,"turns":8},{"damage":20,"enemies":"Book of Stabbing","floor":27,"turns":6},{"damage":10,"enemies":"Snecko","floor":31,"turns":6},{"damage":35,"enemies":"Automaton","floor":33,"turns":9},{"damage":13,"enemies":"Flame Bruiser 1 Orb","floor":35,"turns":8},{"damage":28,"enemies":"3 Darklings","floor":36,"turns":8},{"damage":10,"enemies":"Flame Bruiser 2 Orb","floor":37,"turns":6},{"damage":7,"enemies":"Spire Growth","floor":38,"turns":6},{"damage":0,"enemies":"4 Shapes","floor":39,"turns":6},{"damage":23,"enemies":"3 Darklings","floor":45,"turns":9},{"damage":66,"enemies":"Giant Head","floor":46,"turns":9}],"seed_played":"3019894704643492859","potions_obtained":[{"floor":5,"key":"SpeedPotion"},{"floor":8,"key":"Regen Potion"},{"floor":14,"key":"FocusPotion"},{"floor":16,"key":"Regen Potion"},{"floor":21,"key":"Dexterity Potion"},{"floor":33,"key":"EssenceOfSteel"},{"floor":35,"key":"AttackPotion"},{"floor":36,"key":"Dexterity Potion"},{"floor":38,"key":"Explosive Potion"},{"floor":39,"key":"EssenceOfSteel"}],"is_trial":false,"path_per_floor":["M","M","?","?","M","E","R","E","T","?","R","M","$","M","R","B",null,"M","$","?","M","M","T","?","?","T","E","$","R","?","M","R","B",null,"M","M","M","M","M","R","?","?","T","R","M"],"character_chosen":"DEFECT","items_purchased":["FTL","Anchor","FTL"],"campfire_rested":5,"item_purchase_floors":[13,13,19],"current_hp_per_floor":[68,68,61,66,66,27,51,24,24,24,46,35,35,35,57,69,73,70,70,70,64,70,70,70,70,70,50,50,50,50,40,62,27,62,49,21,11,4,4,26,26,74,74,74,51,0],"gold":304,"neow_bonus":"THREE_ENEMY_KILL","is_prod":false,"is_daily":false,"chose_seed":false,"campfire_upgraded":2,"win_rate":0,"timestamp":1533573003,"path_taken":["M","M","?","?","?","E","R","E","T","?","R","M","$","M","R","BOSS","M","$","?","M","M","?","?","?","T","E","?","R","?","M","R","BOSS","M","M","M","M","M","R","?","?","T","R","M","E"],"build_version":"2018-08-02","purchased_purges":2,"victory":false,"max_hp_per_floor":[75,75,75,80,80,80,80,80,80,74,74,74,74,74,74,74,74,74,74,74,74,74,74,74,74,74,74,74,74,74,74,74,74,74,74,74,74,74,74,74,74,74,74,74,74,74],"card_choices":[{"not_picked":["Melter","Compile Driver"],"picked":"Gash","floor":1},{"not_picked":["Sweeping Beam","Streamline"],"picked":"Undo","floor":2},{"not_picked":["Chaos","Turbo"],"picked":"Lockon","floor":5},{"not_picked":["Barrage","Sunder"],"picked":"Beam Cell","floor":6},{"not_picked":["Creative AI","Beam Cell"],"picked":"Gash","floor":8},{"not_picked":["Cold Snap","Steam+1"],"picked":"Glacier+1","floor":12},{"not_picked":["Reinforced Body+1","Rip and Tear"],"picked":"Redo+1","floor":14},{"not_picked":["Creative AI","Electrodynamics"],"picked":"Reboot+1","floor":16},{"not_picked":["Sweeping Beam","Lockon"],"picked":"Coolheaded+1","floor":18},{"not_picked":["Chaos+1","Sweeping Beam"],"picked":"Go for the Eyes","floor":21},{"not_picked":["Turbo+1","Stack+1"],"picked":"Leap+1","floor":22},{"not_picked":["Tempest+1","Conserve Battery+1"],"picked":"Go for the Eyes+1","floor":27},{"not_picked":["Sunder+1","Consume+1"],"picked":"Barrage+1","floor":31},{"not_picked":["Barrage+1","Ball Lightning+1"],"picked":"Leap+1","floor":34},{"not_picked":["Turbo+1","Redo+1"],"picked":"Coolheaded+1","floor":34},{"not_picked":["Compile Driver+1","Ball Lightning+1"],"picked":"Beam Cell+1","floor":34},{"not_picked":["Conserve Battery+1","Go for the Eyes+1"],"picked":"Glacier+1","floor":34},{"not_picked":["Rebound+1","Compile Driver+1"],"picked":"Genetic Algorithm+1","floor":34},{"not_picked":["Conserve Battery+1","Auto Shields+1"],"picked":"BootSequence+1","floor":35},{"not_picked":["Barrage+1","Sweeping Beam+1"],"picked":"FTL+1","floor":36},{"not_picked":["Genetic Algorithm+1","Rip and Tear+1","Fusion+1"],"picked":"SKIP","floor":37},{"not_picked":["Ball Lightning+1","Go for the Eyes+1"],"picked":"Leap+1","floor":38},{"not_picked":["Ball Lightning+1","Steam+1"],"picked":"Echo Form","floor":39},{"not_picked":["Coolheaded+1","Cold Snap+1","Leap+1"],"picked":"SKIP","floor":45}],"player_experience":1451279,"relics_obtained":[{"floor":6,"key":"Toxic Egg 2"},{"floor":8,"key":"Boot"},{"floor":9,"key":"Juzu Bracelet"},{"floor":23,"key":"Bottled Flame"},{"floor":26,"key":"Molten Egg 2"},{"floor":27,"key":"Bag of Preparation"},{"floor":43,"key":"Darkstone Periapt"}],"event_choices":[{"event_name":"Golden Wing","player_choice":"Card Removal","floor":3,"damage_taken":0},{"event_name":"Big Fish","player_choice":"Donut","floor":4,"damage_taken":0},{"event_name":"Golden Idol","player_choice":"Lose Max HP","floor":10,"damage_taken":0},{"event_name":"Cursed Tome","player_choice":"Ignored","floor":20,"damage_taken":0},{"event_name":"Nest","player_choice":"Stole From Cult","floor":24,"damage_taken":0},{"event_name":"The Mausoleum","player_choice":"Yes","floor":25,"damage_taken":0},{"event_name":"Vampires","player_choice":"Ignored","floor":30,"damage_taken":0},{"event_name":"Mysterious Sphere","player_choice":"Ignore","floor":41,"damage_taken":0},{"event_name":"MindBloom","player_choice":"Heal","floor":42,"damage_taken":0}],"is_beta":false,"boss_relics":[{"not_picked":["Nuclear Battery","Snecko Eye"],"picked":"Pandora\u0027s Box"},{"not_picked":["Astrolabe","Busted Crown"],"picked":"Orrery"}],"items_purged_floors":[19,28],"is_endless":false,"potions_floor_spawned":[5,8,14,16,21,33,35,36,38,39],"killed_by":"Giant Head","ascension_level":13}