{"gold_per_floor":[212,225,236,252,263,290,290,465,492,492,74,85,117,133,133,231,231,249,260,260,260,270,270,290,302,302,302,312,312],"floor_reached":29,"playtime":1644,"items_purged":["Doubt"],"score":241,"play_id":"7f89c07b-b247-44e5-940b-cf9a8bf9faec","local_time":"20181206165922","is_ascension_mode":false,"campfire_choices":[{"floor":7,"key":"REST"},{"floor":10,"key":"RECALL"},{"data":"Glacier","floor":15,"key":"SMITH"},{"floor":23,"key":"REST"},{"data":"Storm","floor":27,"key":"SMITH"}],"neow_cost":"NONE","seed_source_timestamp":335032713128541,"circlet_count":0,"master_deck":["Strike_B","Strike_B","Strike_B","Strike_B","Defend_B","Defend_B","Defend_B","Defend_B","Zap","Dualcast","Genetic Algorithm","Glacier+1","Sweeping Beam","Streamline","Darkness","Ball Lightning","Capacitor","The Bomb","Chill","Cold Snap","Barrage","Echo Form","Beam Cell","Conserve Battery+1","Decay","Storm+1","Sunder+1","Coolheaded"],"relics":["FrozenCore","Blood Vial","Oddly Smooth Stone","Orichalcum","Nilry\u0027s Codex","Kunai"],"potions_floor_usage":[6,6,11,16,16,29,29],"damage_taken":[{"damage":0,"enemies":"Cultist","floor":1,"turns":3},{"damage":1,"enemies":"2 Louse","floor":2,"turns":2},{"damage":6,"enemies":"Small Slimes","floor":3,"turns":4},{"damage":25,"enemies":"Gremlin Gang","floor":4,"turns":5},{"damage":1,"enemies":"2 Fungi Beasts","floor":5,"turns":3},{"damage":14,"enemies":"Lagavulin","floor":6,"turns":6},{"damage":0,"enemies":"Exordium Wildlife","floor":12,"turns":2},{"damage":18,"enemies":"Gremlin Nob","floor":13,"turns":5},{"damage":0,"enemies":"3 Louse","floor":14,"turns":3},{"damage":16,"enemies":"Hexaghost","floor":16,"turns":11},{"damage":8,"enemies":"Spheric Guardian","floor":18,"turns":7},{"damage":4,"enemies":"Shell Parasite","floor":19,"turns":6},{"damage":25,"enemies":"Snake Plant","floor":22,"turns":7},{"damage":6,"enemies":"Snecko","floor":24,"turns":6},{"damage":4,"enemies":"Centurion and Healer","floor":25,"turns":8},{"damage":18,"enemies":"3 Cultists","floor":28,"turns":5},{"damage":36,"enemies":"Book of Stabbing","floor":29,"turns":8}],"seed_played":"-6732766177362493164","potions_obtained":[{"floor":2,"key":"GamblersBrew"},{"floor":4,"key":"AttackPotion"},{"floor":5,"key":"Dexterity Potion"},{"floor":13,"key":"Poison Potion"},{"floor":16,"key":"EssenceOfSteel"},{"floor":19,"key":"SpeedPotion"},{"floor":25,"key":"Energy Potion"}],"is_trial":false,"path_per_floor":["M","M","M","M","M","E","R","?","T","R","$","M","E","M","R","B",null,"M","M","?","?","M","R","M","M","T","R","M","E"],"character_chosen":"DEFECT","items_purchased":["Capacitor","The Bomb","Fruit Juice"],"campfire_rested":2,"item_purchase_floors":[11,11,11],"current_hp_per_floor":[75,74,68,43,42,28,50,50,50,50,55,57,41,43,43,29,80,72,70,54,54,31,55,51,49,49,49,33,0],"gold":312,"neow_bonus":"HUNDRED_GOLD","is_prod":false,"is_daily":false,"chose_seed":false,"campfire_upgraded":2,"win_rate":0,"timestamp":1544133562,"path_taken":["M","?","M","M","M","E","R","?","T","R","$","M","E","M","R","BOSS","M","M","?","?","M","R","M","M","T","R","?","E"],"build_version":"2018-11-15","purchased_purges":1,"victory":false,"max_hp_per_floor":[75,75,75,75,75,75,75,75,75,75,80,80,80,80,80,80,80,80,80,80,80,80,80,80,80,80,80,80,80],"card_choices":[{"not_picked":["Stack","Go for the Eyes"],"picked":"Genetic Algorithm","floor":1},{"not_picked":["Barrage","Static Discharge"],"picked":"Glacier","floor":2},{"not_picked":["Rebound","Rip and Tear"],"picked":"Sweeping Beam","floor":3},{"not_picked":["Glacier","Coolheaded"],"picked":"Streamline","floor":4},{"not_picked":["Recycle","Genetic Algorithm"],"picked":"Darkness","floor":5},{"not_picked":["All For One","Streamline"],"picked":"Ball Lightning","floor":6},{"not_picked":["Heatsinks","Ball Lightning"],"picked":"Chill","floor":12},{"not_picked":["Compile Driver","Rebound"],"picked":"Cold Snap","floor":13},{"not_picked":["All For One","Steam"],"picked":"Barrage","floor":14},{"not_picked":["Amplify","Rainbow"],"picked":"Echo Form","floor":16},{"not_picked":["Scrape","Blizzard"],"picked":"Beam Cell","floor":18},{"not_picked":["Barrage+1","Coolheaded"],"picked":"Conserve Battery+1","floor":19},{"not_picked":["Hologram","Go for the Eyes+1"],"picked":"Storm","floor":22},{"not_picked":["Hologram","Beam Cell","Consume+1"],"picked":"SKIP","floor":24},{"not_picked":["Tempest","Beam Cell"],"picked":"Sunder+1","floor":25},{"not_picked":["Steam","Redo"],"picked":"Coolheaded","floor":28}],"player_experience":1778234,"relics_obtained":[{"floor":6,"key":"Blood Vial"},{"floor":9,"key":"Oddly Smooth Stone"},{"floor":13,"key":"Orichalcum"},{"floor":20,"key":"Nilry\u0027s Codex"},{"floor":26,"key":"Kunai"}],"event_choices":[{"damage_healed":0,"gold_gain":175,"player_choice":"AGREE","damage_taken":0,"max_hp_gain":0,"max_hp_loss":0,"event_name":"Liars Game","floor":8,"gold_loss":0,"cards_obtained":["Doubt"]},{"damage_healed":0,"gold_gain":0,"player_choice":"Obtained Book","damage_taken":16,"max_hp_gain":0,"max_hp_loss":0,"event_name":"Cursed Tome","floor":20,"gold_loss":0},{"damage_healed":0,"gold_gain":0,"player_choice":"Cursed","damage_taken":0,"max_hp_gain":0,"max_hp_loss":0,"event_name":"Wheel of Change","floor":21,"gold_loss":0,"cards_obtained":["Decay"]}],"is_beta":false,"boss_relics":[{"not_picked":["Coffee Dripper","Lizard Tail"],"picked":"FrozenCore"}],"items_purged_floors":[11],"is_endless":false,"potions_floor_spawned":[2,4,5,13,16,19,25,28],"killed_by":"Book of Stabbing","ascension_level":0}