{"gold_per_floor":[116,128,128,138,138,138,148,148,226,256,256,280,280,296,296,427,427,440,440,463,486,500,500,500,500,577,577,492,528,156,176,176,295,295,314,335,557,581,581,581,581,581,581,650,160,160,160,174,174,174],"floor_reached":51,"playtime":3722,"items_purged":[],"score":645,"play_id":"65ec3fc6-215d-4d19-b46c-c650d67fd27e","local_time":"20190113221116","is_ascension_mode":false,"campfire_choices":[{"data":"Iron Wave","floor":6,"key":"SMITH"},{"data":"Bash","floor":8,"key":"SMITH"},{"data":"Sword Boomerang","floor":15,"key":"SMITH"},{"data":"Demon Form","floor":23,"key":"SMITH"},{"data":"Cleave","floor":32,"key":"SMITH"},{"data":"Iron Wave","floor":40,"key":"SMITH"},{"data":"Heavy Blade","floor":42,"key":"SMITH"},{"data":"Body Slam","floor":49,"key":"SMITH"}],"neow_cost":"NONE","seed_source_timestamp":187683256683119,"circlet_count":0,"master_deck":["Strike_R","Strike_R","Strike_R","Defend_R","Defend_R","Defend_R","Defend_R","Bash+1","Iron Wave+1","Inflame+1","Sword Boomerang+1","Cleave+1","Cleave","Flame Barrier+1","Demon Form+1","Iron Wave+1","Entrench+1","Shrug It Off+1","Double Tap+1","Heavy Blade+1","Necronomicurse","Flame Barrier+1","Intimidate+1","Iron Wave+1","Dual Wield+1","Doubt","Body Slam+1"],"relics":["Burning Blood","Orichalcum","Juzu Bracelet","Toxic Egg 2","Regal Pillow","Golden Idol","Velvet Choker","MutagenicStrength","GremlinMask","Singing Bowl","Necronomicon","Boot","Red Mask","Pen Nib","Lee\u0027s Waffle","Runic Pyramid","Dodecahedron","Du-Vu Doll","Paper Frog","Self Forming Clay"],"potions_floor_usage":[7,10,14,22,33,35,44,50,50],"damage_taken":[{"damage":0,"enemies":"Small Slimes","floor":1,"turns":4},{"damage":0,"enemies":"Cultist","floor":2,"turns":3},{"damage":2,"enemies":"Jaw Worm","floor":4,"turns":4},{"damage":15,"enemies":"Gremlin Gang","floor":7,"turns":4},{"damage":7,"enemies":"Gremlin Nob","floor":10,"turns":3},{"damage":7,"enemies":"Lots of Slimes","floor":12,"turns":2},{"damage":2,"enemies":"Large Slime","floor":14,"turns":4},{"damage":48,"enemies":"Hexaghost","floor":16,"turns":10},{"damage":17,"enemies":"2 Thieves","floor":18,"turns":3},{"damage":8,"enemies":"Shell Parasite","floor":20,"turns":4},{"damage":10,"enemies":"Snake Plant","floor":21,"turns":4},{"damage":0,"enemies":"Snecko","floor":22,"turns":2},{"damage":18,"enemies":"Masked Bandits","floor":29,"turns":4},{"damage":8,"enemies":"Shelled Parasite and Fungi","floor":31,"turns":7},{"damage":59,"enemies":"Automaton","floor":33,"turns":8},{"damage":0,"enemies":"Orb Walker","floor":35,"turns":4},{"damage":6,"enemies":"3 Shapes","floor":36,"turns":3},{"damage":11,"enemies":"Maw","floor":38,"turns":7},{"damage":35,"enemies":"2 Orb Walkers","floor":44,"turns":5},{"damage":4,"enemies":"Transient","floor":48,"turns":5},{"damage":74,"enemies":"Awakened One","floor":50,"turns":14}],"seed_played":"-3245165970611904978","potions_obtained":[{"floor":1,"key":"Energy Potion"},{"floor":7,"key":"Fire Potion"},{"floor":12,"key":"Fire Potion"},{"floor":14,"key":"SneckoOil"},{"floor":21,"key":"AttackPotion"},{"floor":29,"key":"Swift Potion"},{"floor":31,"key":"EssenceOfSteel"},{"floor":33,"key":"AttackPotion"},{"floor":38,"key":"Weak Potion"},{"floor":48,"key":"Explosive Potion"}],"is_trial":false,"path_per_floor":["M","M","?","M","?","R","M","R","T","E","?","M","?","M","R","B",null,"M","?","M","M","M","R","?","?","T","?","?","?","$","M","R","B",null,"M","M","?","M","?","R","?","R","T","?","$","?","?","M","R","B",null],"character_chosen":"IRONCLAD","items_purchased":["Flame Barrier+1","Pen Nib","Lee\u0027s Waffle","Paper Frog","Self Forming Clay"],"campfire_rested":0,"item_purchase_floors":[30,30,30,45,45],"current_hp_per_floor":[80,80,55,59,80,80,71,71,71,70,70,69,69,73,73,31,74,63,63,61,57,63,63,63,63,63,47,47,37,83,81,81,30,85,87,87,87,82,82,82,82,82,82,55,55,89,89,89,89,21],"gold":174,"neow_bonus":"RANDOM_COMMON_RELIC","is_prod":false,"is_daily":false,"chose_seed":false,"campfire_upgraded":8,"win_rate":0,"timestamp":1547446276,"path_taken":["M","M","?","M","?","R","M","R","T","E","?","M","?","M","R","BOSS","M","?","M","M","M","R","?","?","T","?","?","?","?","M","R","BOSS","M","M","?","M","?","R","?","R","T","?","$","?","?","M","R","BOSS"],"build_version":"2019-01-10","purchased_purges":0,"victory":true,"max_hp_per_floor":[80,80,80,80,80,80,80,80,80,80,74,74,74,74,74,74,74,74,74,74,74,74,74,74,74,74,74,74,76,83,83,83,85,85,87,87,87,87,87,87,87,87,87,89,89,89,89,89,89,89],"card_choices":[{"not_picked":["Flame Barrier","Havoc"],"picked":"Whirlwind","floor":1},{"not_picked":["Anger","Clothesline"],"picked":"Iron Wave","floor":2},{"not_picked":["Shrug It Off","Pommel Strike"],"picked":"Inflame","floor":4},{"not_picked":["Havoc","Rage"],"picked":"Sword Boomerang","floor":7},{"not_picked":["Heavy Blade","Fire Breathing"],"picked":"Cleave","floor":10},{"not_picked":["Clothesline","Blood for Blood"],"picked":"Cleave","floor":12},{"not_picked":["Clothesline","Perfected Strike"],"picked":"Flame Barrier+1","floor":14},{"not_picked":["Immolate","Fiend Fire"],"picked":"Demon Form","floor":16},{"not_picked":["Headbutt+1","Cleave"],"picked":"Iron Wave+1","floor":18},{"not_picked":["Sever Soul","Twin Strike"],"picked":"Shrug It Off+1","floor":20},{"not_picked":["Twin Strike","Iron Wave+1"],"picked":"Double Tap+1","floor":21},{"not_picked":["Iron Wave+1","Ghostly Armor+1"],"picked":"Heavy Blade","floor":22},{"not_picked":["Wild Strike","Warcry+1","Clash"],"picked":"Singing Bowl","floor":29},{"not_picked":["Whirlwind","Second Wind+1"],"picked":"Intimidate+1","floor":31},{"not_picked":["Demon Form","Offering+1","Barricade"],"picked":"Singing Bowl","floor":33},{"not_picked":["Blood for Blood","Heavy Blade+1","Clothesline"],"picked":"Singing Bowl","floor":35},{"not_picked":["Shrug It Off+1","Wild Strike"],"picked":"Iron Wave","floor":36},{"not_picked":["Clash","Feel No Pain"],"picked":"Dual Wield+1","floor":38},{"not_picked":["Sentinel+1","Havoc+1","Heavy Blade"],"picked":"Singing Bowl","floor":44},{"not_picked":["Spot Weakness+1","Intimidate+1"],"picked":"Body Slam","floor":48}],"player_experience":123920,"relics_obtained":[{"floor":9,"key":"Toxic Egg 2"},{"floor":10,"key":"Regal Pillow"},{"floor":26,"key":"Singing Bowl"},{"floor":27,"key":"Necronomicon"},{"floor":29,"key":"Red Mask"},{"floor":43,"key":"Dodecahedron"},{"floor":44,"key":"Du-Vu Doll"}],"event_choices":[{"damage_healed":0,"gold_gain":0,"player_choice":"Success","damage_taken":25,"relics_obtained":["Juzu Bracelet"],"max_hp_gain":0,"max_hp_loss":0,"event_name":"Scrap Ooze","floor":3,"gold_loss":0},{"cards_removed":["Whirlwind"],"damage_healed":21,"gold_gain":0,"player_choice":"Offered Uncommon","damage_taken":0,"max_hp_gain":0,"max_hp_loss":0,"event_name":"Bonfire Elementals","floor":5,"gold_loss":0},{"damage_healed":0,"gold_gain":0,"player_choice":"Lose Max HP","damage_taken":0,"relics_obtained":["Golden Idol"],"max_hp_gain":0,"max_hp_loss":6,"event_name":"Golden Idol","floor":11,"gold_loss":0},{"damage_healed":0,"gold_gain":0,"player_choice":"Forge","damage_taken":0,"max_hp_gain":0,"max_hp_loss":0,"event_name":"Accursed Blacksmith","floor":13,"gold_loss":0,"cards_upgraded":["Inflame"]},{"damage_healed":0,"gold_gain":0,"cards_transformed":["Strike_R"],"player_choice":"Transformed","damage_taken":0,"max_hp_gain":0,"max_hp_loss":0,"event_name":"Transmorgrifier","floor":19,"gold_loss":0,"cards_obtained":["Entrench"]},{"damage_healed":0,"gold_gain":0,"player_choice":"Inject Mutagens","damage_taken":0,"relics_obtained":["MutagenicStrength"],"max_hp_gain":0,"max_hp_loss":0,"event_name":"Drug Dealer","floor":24,"gold_loss":0},{"damage_healed":0,"gold_gain":0,"player_choice":"Trade","damage_taken":0,"relics_obtained":["GremlinMask"],"max_hp_gain":0,"max_hp_loss":0,"event_name":"FaceTrader","floor":25,"gold_loss":0},{"damage_healed":0,"gold_gain":0,"player_choice":"Obtained Book","damage_taken":16,"max_hp_gain":0,"max_hp_loss":0,"event_name":"Cursed Tome","floor":27,"gold_loss":0},{"damage_healed":0,"gold_gain":0,"player_choice":"Obtained Relic","damage_taken":0,"relics_obtained":["Boot"],"max_hp_gain":0,"max_hp_loss":0,"event_name":"Addict","floor":28,"gold_loss":85},{"damage_healed":0,"gold_gain":0,"player_choice":"Fought Bandits","damage_taken":0,"max_hp_gain":0,"max_hp_loss":0,"event_name":"Masked Bandits","floor":29,"gold_loss":0},{"damage_healed":0,"gold_gain":222,"player_choice":"Wore Mask","damage_taken":0,"max_hp_gain":0,"max_hp_loss":0,"event_name":"Tomb of Lord Red Mask","floor":37,"gold_loss":0},{"damage_healed":0,"gold_gain":0,"player_choice":"Ignored","damage_taken":0,"max_hp_gain":0,"max_hp_loss":0,"event_name":"The Moai Head","floor":39,"gold_loss":0},{"damage_healed":0,"gold_gain":0,"player_choice":"0 cards matched","damage_taken":0,"max_hp_gain":0,"max_hp_loss":0,"event_name":"Match and Keep!","floor":41,"gold_loss":0,"cards_obtained":[]},{"damage_healed":0,"gold_gain":0,"player_choice":"Fight","damage_taken":0,"max_hp_gain":0,"max_hp_loss":0,"event_name":"Mysterious Sphere","floor":44,"gold_loss":0},{"damage_healed":34,"gold_gain":0,"player_choice":"Heal","damage_taken":0,"max_hp_gain":0,"max_hp_loss":0,"event_name":"MindBloom","floor":46,"gold_loss":0,"cards_obtained":["Doubt"]},{"cards_removed":["Strike_R"],"damage_healed":0,"gold_gain":0,"player_choice":"Removed Attack","damage_taken":0,"max_hp_gain":0,"max_hp_loss":0,"event_name":"Falling","floor":47,"gold_loss":0}],"is_beta":false,"boss_relics":[{"not_picked":["Orrery","Black Blood"],"picked":"Velvet Choker"},{"not_picked":["Lizard Tail","Black Star"],"picked":"Runic Pyramid"}],"items_purged_floors":[],"is_endless":false,"potions_floor_spawned":[1,7,12,14,21,29,31,33,38,48],"ascension_level":0}