{"gold_per_floor":[109,8,8,24,43,74,74,102,125,152,152,186,197,209,209,307,307,317,317,328,53,70,80,80,80],"floor_reached":25,"playtime":1495,"items_purged":["Defend_R"],"score":280,"play_id":"6fd9cfc5-8746-4dc2-b058-7067b60941e0","local_time":"20180628162031","is_ascension_mode":true,"campfire_choices":[{"data":"Bash","floor":7,"key":"SMITH"},{"data":"Iron Wave","floor":11,"key":"SMITH"},{"floor":15,"key":"REST"},{"data":"Metallicize","floor":24,"key":"SMITH"}],"neow_cost":"","seed_source_timestamp":154320408462620,"circlet_count":0,"master_deck":["Strike_R","Strike_R+1","Strike_R","Strike_R","Strike_R","Defend_R","Defend_R","Defend_R","Bash+1","Iron Wave+1","Anger+1","Burning Pact","Feel No Pain","Evolve","Metallicize+1","Spot Weakness","Offering","Shrug It Off+1","Flame Barrier","Iron Wave","True Grit","Ghostly Armor"],"relics":["Boot","Pen Nib","Whetstone","Blue Candle","Centennial Puzzle","Cursed Key","Nloth\u0027s Gift","Kunai"],"potions_floor_usage":[6,8,8,16,22,23],"damage_taken":[{"damage":7,"enemies":"Small Slimes","floor":1,"turns":4},{"damage":2,"enemies":"2 Louse","floor":4,"turns":2},{"damage":1,"enemies":"Cultist","floor":5,"turns":3},{"damage":13,"enemies":"Gremlin Nob","floor":6,"turns":3},{"damage":8,"enemies":"3 Sentries","floor":8,"turns":6},{"damage":32,"enemies":"Gremlin Nob","floor":10,"turns":4},{"damage":23,"enemies":"Lagavulin","floor":12,"turns":7},{"damage":10,"enemies":"Lots of Slimes","floor":13,"turns":4},{"damage":13,"enemies":"3 Louse","floor":14,"turns":4},{"damage":24,"enemies":"Hexaghost","floor":16,"turns":8},{"damage":20,"enemies":"Spheric Guardian","floor":18,"turns":4},{"damage":9,"enemies":"2 Thieves","floor":20,"turns":4},{"damage":6,"enemies":"Snake Plant","floor":22,"turns":4},{"damage":19,"enemies":"Sentry and Sphere","floor":23,"turns":7},{"damage":42,"enemies":"Gremlin Leader","floor":25,"turns":4}],"seed_played":"7436807610066189658","potions_obtained":[{"floor":1,"key":"Fire Potion"},{"floor":4,"key":"Fire Potion"},{"floor":5,"key":"EssenceOfSteel"},{"floor":14,"key":"Block Potion"},{"floor":20,"key":"Weak Potion"},{"floor":22,"key":"PowerPotion"}],"is_trial":false,"path_per_floor":["M","$","?","M","M","E","R","E","T","E","R","E","M","M","R","B",null,"M","?","M","$","M","M","R"],"character_chosen":"IRONCLAD","items_purchased":["Iron Wave","Kunai","Iron Wave"],"campfire_rested":1,"item_purchase_floors":[2,21,21],"current_hp_per_floor":[79,79,84,85,85,78,78,76,76,50,50,33,29,22,47,29,85,71,71,62,62,56,37,37,0],"gold":80,"neow_bonus":"","is_prod":false,"is_daily":false,"chose_seed":false,"campfire_upgraded":3,"win_rate":0,"timestamp":1530220831,"path_taken":["M","$","?","M","M","E","R","E","T","E","R","E","M","M","R","BOSS","M","?","M","$","?","M","R","E"],"build_version":"2018-06-27","purchased_purges":1,"victory":false,"max_hp_per_floor":[80,80,85,85,85,85,85,85,85,85,85,85,85,85,85,85,85,85,85,85,85,85,85,85,85],"card_choices":[{"not_picked":["Rupture","Shrug It Off","True Grit"],"picked":"SKIP","floor":1},{"not_picked":["Havoc","Twin Strike","Pommel Strike"],"picked":"SKIP","floor":4},{"not_picked":["Shrug It Off","Thunderclap"],"picked":"Anger","floor":5},{"not_picked":["Body Slam","Flex"],"picked":"Burning Pact","floor":6},{"not_picked":["Blood for Blood","Headbutt"],"picked":"Feel No Pain","floor":8},{"not_picked":["Sentinel","Carnage","Clothesline"],"picked":"SKIP","floor":10},{"not_picked":["Sever Soul","Perfected Strike"],"picked":"Evolve","floor":12},{"not_picked":["Iron Wave","Immolate"],"picked":"Metallicize","floor":13},{"not_picked":["Inflame","Body Slam"],"picked":"Spot Weakness","floor":14},{"not_picked":["Limit Break","Immolate"],"picked":"Offering","floor":16},{"not_picked":["Blood for Blood","Havoc+1"],"picked":"Shrug It Off+1","floor":18},{"not_picked":["Juggernaut","Clothesline"],"picked":"Flame Barrier","floor":20},{"not_picked":["Clash","Perfected Strike"],"picked":"True Grit","floor":22},{"not_picked":["Dual Wield","Evolve"],"picked":"Ghostly Armor","floor":23}],"player_experience":163511,"relics_obtained":[{"floor":6,"key":"Boot"},{"floor":8,"key":"Pen Nib"},{"floor":9,"key":"Whetstone"},{"floor":10,"key":"Blue Candle"},{"floor":12,"key":"Centennial Puzzle"}],"event_choices":[{"event_name":"Big Fish","player_choice":"Donut","floor":3,"damage_taken":0},{"event_name":"N\u0027loth","player_choice":"Traded a Burning Blood","floor":19,"damage_taken":0}],"boss_relics":[{"not_picked":["Coffee Dripper","Philosopher\u0027s Stone"],"picked":"Cursed Key"}],"items_purged_floors":[2],"is_endless":false,"potions_floor_spawned":[1,4,5,14,20,22],"killed_by":"Gremlin Leader","ascension_level":4}