{"gold_per_floor":[110,123,50,66,66,66,95,150,177,177,188,87,102,112,112,112],"floor_reached":16,"playtime":725,"items_purged":[],"score":179,"play_id":"a66bb437-24b5-4056-888d-46c7613cfc65","local_time":"20180717205231","is_ascension_mode":true,"campfire_choices":[{"data":"Malaise","floor":6,"key":"SMITH"},{"floor":15,"key":"REST"}],"neow_cost":"NONE","seed_source_timestamp":594272306646913,"circlet_count":0,"master_deck":["Defend_G","Defend_G","Defend_G","Defend_G","Defend_G","Strike_G","Strike_G","Strike_G","Strike_G","Survivor","Neutralize","AscendersBane","Riddle With Holes","Dash","Malaise+1","Deadly Poison","PiercingWail","Cloak And Dagger","Outmaneuver","Burst"],"relics":["Ring of the Snake","Potion Belt","Centennial Puzzle","Girya","Question Card","Snake Skull"],"potions_floor_usage":[8,13,13,14,14],"damage_taken":[{"damage":1,"enemies":"Small Slimes","floor":1,"turns":4},{"damage":0,"enemies":"Jaw Worm","floor":2,"turns":6},{"damage":1,"enemies":"Cultist","floor":4,"turns":4},{"damage":30,"enemies":"3 Sentries","floor":7,"turns":11},{"damage":21,"enemies":"3 Sentries","floor":8,"turns":11},{"damage":0,"enemies":"2 Fungi Beasts","floor":11,"turns":5},{"damage":0,"enemies":"Gremlin Gang","floor":13,"turns":3},{"damage":0,"enemies":"Exordium Wildlife","floor":14,"turns":4},{"damage":23,"enemies":"Hexaghost","floor":16,"turns":14}],"seed_played":"7728945561067544865","potions_obtained":[{"floor":7,"key":"Poison Potion"},{"floor":8,"key":"Swift Potion"},{"floor":13,"key":"FearPotion"}],"is_trial":false,"path_per_floor":["M","M","$","M","?","R","E","?","T","?","M","$","M","M","R"],"character_chosen":"THE_SILENT","items_purchased":["Malaise","Explosive Potion","Poison Potion"],"campfire_rested":1,"item_purchase_floors":[3,12,12],"current_hp_per_floor":[58,58,58,57,52,52,22,1,1,1,1,1,1,1,20,0],"gold":112,"neow_bonus":"RANDOM_COMMON_RELIC","is_prod":false,"is_daily":false,"chose_seed":false,"campfire_upgraded":1,"win_rate":0,"timestamp":1531853551,"path_taken":["M","M","$","M","?","R","E","?","T","?","M","$","M","M","R","BOSS"],"build_version":"2018-07-12","purchased_purges":0,"victory":false,"max_hp_per_floor":[66,66,66,66,66,66,66,66,66,66,66,66,66,66,66,66],"card_choices":[{"not_picked":["Prepared","All Out Attack"],"picked":"Riddle With Holes","floor":1},{"not_picked":["Escape Plan","Blade Dance"],"picked":"Dash","floor":2},{"not_picked":["Deadly Poison","Prepared","Bane"],"picked":"SKIP","floor":4},{"not_picked":["Prepared","Bane"],"picked":"Deadly Poison","floor":4},{"not_picked":["Outmaneuver","Quick Slash"],"picked":"PiercingWail","floor":7},{"not_picked":["Setup","Finisher"],"picked":"Cloak And Dagger","floor":8},{"not_picked":["Dagger Throw","Expertise","Flechettes","Quick Slash"],"picked":"SKIP","floor":11},{"not_picked":["Dagger Spray","Distraction","All Out Attack","Sucker Punch"],"picked":"SKIP","floor":13},{"not_picked":["Terror","Poisoned Stab","Reflex"],"picked":"Burst","floor":14}],"player_experience":1074060,"relics_obtained":[{"floor":7,"key":"Girya"},{"floor":8,"key":"Question Card"},{"floor":9,"key":"Snake Skull"}],"event_choices":[{"event_name":"Scrap Ooze","player_choice":"success","floor":5,"damage_taken":5},{"event_name":"Dead Adventurer","player_choice":"Searched \u00272\u0027 times","floor":8,"damage_taken":0},{"event_name":"Transmorgrifier","player_choice":"Transform","floor":10,"damage_taken":0}],"boss_relics":[],"items_purged_floors":[],"is_endless":false,"potions_floor_spawned":[7,8,13],"killed_by":"Hexaghost","ascension_level":15}