{"gold_per_floor":[118,118,118,71,71,71,397,397,397,425,438,452,463,423,423,521,521,537,537,379,394,406,406,406,436,436,436],"floor_reached":27,"playtime":753,"items_purged":["Strike_R"],"score":382,"play_id":"fa6c5200-a48c-4cf4-86a7-95186c14dad0","local_time":"20190204153001","is_ascension_mode":true,"campfire_choices":[{"floor":6,"key":"REST"},{"floor":8,"key":"REST"},{"data":"Whirlwind","floor":15,"key":"SMITH"},{"floor":23,"key":"REST"}],"neow_cost":"NONE","seed_source_timestamp":1057428446067699,"circlet_count":0,"master_deck":["AscendersBane","Strike_R","Strike_R","Strike_R","Strike_R+1","Defend_R","Defend_R","Defend_R","Defend_R","Bash+1","Entrench","Clothesline","Uppercut","Whirlwind+1","Flex","Barricade+1","Enlightenment"],"relics":["Burning Blood","Charon\u0027s Ashes","Shuriken","Old Coin","Torii","Omamori","Busted Crown","Centennial Puzzle","Toxic Egg 2"],"potions_floor_usage":[13,16,16,18,22,25,25],"damage_taken":[{"damage":1,"enemies":"Cultist","floor":1,"turns":3},{"damage":34,"enemies":"Gremlin Nob","floor":7,"turns":5},{"damage":30,"enemies":"Lagavulin","floor":10,"turns":5},{"damage":1,"enemies":"Jaw Worm","floor":11,"turns":3},{"damage":1,"enemies":"2 Louse","floor":12,"turns":2},{"damage":8,"enemies":"Looter","floor":13,"turns":2},{"damage":28,"enemies":"Hexaghost","floor":16,"turns":9},{"damage":1,"enemies":"3 Byrds","floor":18,"turns":3},{"damage":27,"enemies":"Chosen","floor":21,"turns":5},{"damage":42,"enemies":"3 Cultists","floor":22,"turns":5},{"damage":29,"enemies":"Book of Stabbing","floor":25,"turns":5},{"damage":31,"enemies":"Gremlin Leader","floor":27,"turns":5}],"seed_played":"2257037284114789345","potions_obtained":[{"floor":7,"key":"LiquidBronze"},{"floor":12,"key":"Poison Potion"},{"floor":13,"key":"EssenceOfSteel"},{"floor":14,"key":"SteroidPotion"},{"floor":16,"key":"Regen Potion"},{"floor":19,"key":"Strength Potion"},{"floor":19,"key":"FearPotion"},{"floor":22,"key":"Strength Potion"}],"is_trial":false,"path_per_floor":["M","?","?","?","T","R","E","R","T","E","M","M","M","?","R","B",null,"M","?","$","M","M","R","?","E","T","E"],"character_chosen":"IRONCLAD","items_purchased":["Enlightenment"],"campfire_rested":3,"item_purchase_floors":[20],"current_hp_per_floor":[77,61,43,43,43,67,39,63,63,39,44,49,47,47,47,25,66,80,80,80,59,23,47,47,24,24,0],"gold":436,"neow_bonus":"THREE_CARDS","is_prod":false,"is_daily":false,"chose_seed":false,"campfire_upgraded":1,"win_rate":0,"timestamp":1549261801,"path_taken":["M","?","?","?","?","R","E","R","T","E","M","M","M","?","R","BOSS","M","?","$","?","M","R","?","E","T","E"],"build_version":"2019-01-23","purchased_purges":1,"victory":false,"max_hp_per_floor":[80,80,80,80,80,80,80,80,80,80,80,80,80,80,80,80,80,80,80,80,80,80,80,80,80,80,80],"card_choices":[{"not_picked":["Heavy Blade","Havoc"],"picked":"Entrench","floor":0},{"not_picked":["Sword Boomerang","True Grit"],"picked":"Clothesline","floor":1},{"not_picked":["Rage","Twin Strike"],"picked":"Uppercut","floor":7},{"not_picked":["Clash","Metallicize"],"picked":"Whirlwind","floor":10},{"not_picked":["Pommel Strike","Hemokinesis"],"picked":"Flex","floor":11},{"not_picked":["Sever Soul","Thunderclap","Fire Breathing"],"picked":"SKIP","floor":12},{"not_picked":["Clothesline","Sentinel","Thunderclap"],"picked":"SKIP","floor":13},{"not_picked":["Impervious","Exhume"],"picked":"Barricade","floor":16},{"not_picked":["Twin Strike"],"picked":"SKIP","floor":18},{"not_picked":["Clothesline"],"picked":"SKIP","floor":21},{"not_picked":["Searing Blow"],"picked":"SKIP","floor":22},{"not_picked":["Iron Wave"],"picked":"SKIP","floor":25}],"player_experience":464833,"relics_obtained":[{"floor":5,"key":"Shuriken"},{"floor":7,"key":"Old Coin"},{"floor":9,"key":"Torii"},{"floor":10,"key":"Omamori"},{"floor":25,"key":"Centennial Puzzle"},{"floor":26,"key":"Toxic Egg 2"}],"event_choices":[{"damage_healed":0,"gold_gain":0,"player_choice":"Entered Light","damage_taken":16,"max_hp_gain":0,"max_hp_loss":0,"event_name":"Shining Light","floor":2,"gold_loss":0,"cards_upgraded":["Bash","Strike_R"]},{"damage_healed":0,"gold_gain":0,"player_choice":"Success","damage_taken":18,"relics_obtained":["Charon\u0027s Ashes"],"max_hp_gain":0,"max_hp_loss":0,"event_name":"Scrap Ooze","floor":3,"gold_loss":0},{"damage_healed":0,"gold_gain":0,"player_choice":"Left Gold","damage_taken":0,"max_hp_gain":0,"max_hp_loss":0,"event_name":"World of Goop","floor":4,"gold_loss":47},{"damage_healed":0,"gold_gain":0,"player_choice":"Bought 3 Potions","damage_taken":0,"max_hp_gain":0,"max_hp_loss":0,"event_name":"The Woman in Blue","floor":14,"gold_loss":0},{"damage_healed":0,"gold_gain":0,"player_choice":"Got Potions","damage_taken":0,"max_hp_gain":0,"max_hp_loss":0,"event_name":"Lab","floor":19,"gold_loss":0},{"damage_healed":0,"gold_gain":0,"player_choice":"Forge","damage_taken":0,"max_hp_gain":0,"max_hp_loss":0,"event_name":"Accursed Blacksmith","floor":24,"gold_loss":0,"cards_upgraded":["Barricade"]}],"is_beta":false,"boss_relics":[{"not_picked":["Empty Cage","Snecko Eye"],"picked":"Busted Crown"}],"items_purged_floors":[20],"is_endless":false,"potions_floor_spawned":[7,12,13,16,21,22],"killed_by":"Gremlin Leader","ascension_level":12}