{"gold_per_floor":[114,134,152,162,162,162,182,182,208,12,24,36,62,82,82,177,177,189,189,208,221,18,18,18],"floor_reached":24,"playtime":1162,"items_purged":[],"score":232,"play_id":"487fc227-f070-48c3-b934-a3d5dfdced6e","local_time":"20181022005601","is_ascension_mode":true,"campfire_choices":[{"data":"Chaos","floor":6,"key":"SMITH"},{"floor":8,"key":"REST"},{"floor":15,"key":"REST"},{"data":"Fission","floor":23,"key":"SMITH"}],"neow_cost":"NONE","seed_source_timestamp":120874970179027,"circlet_count":0,"master_deck":["Strike_B","Strike_B","Strike_B","Defend_B","Defend_B","Defend_B","Defend_B","Zap","Dualcast","Compile Driver","Reinforced Body","Chaos+1","Ball Lightning","Melter","Leap","Loop","Buffer","Lockon","Cold Snap","Fission+1","Undo","Auto Shields","Go for the Eyes","Reinforced Body+1","BootSequence","Steam+1"],"relics":["Cracked Core","Strawberry","Bag of Preparation","Happy Flower","Orrery","PrismaticShard"],"potions_floor_usage":[4,11,12,24],"damage_taken":[{"damage":3,"enemies":"Jaw Worm","floor":1,"turns":4},{"damage":3,"enemies":"Small Slimes","floor":2,"turns":2},{"damage":0,"enemies":"Cultist","floor":3,"turns":4},{"damage":26,"enemies":"Gremlin Gang","floor":4,"turns":5},{"damage":1,"enemies":"3 Louse","floor":7,"turns":3},{"damage":0,"enemies":"Large Slime","floor":11,"turns":4},{"damage":3,"enemies":"Blue Slaver","floor":12,"turns":3},{"damage":19,"enemies":"Gremlin Nob","floor":13,"turns":5},{"damage":3,"enemies":"Looter","floor":14,"turns":3},{"damage":26,"enemies":"The Guardian","floor":16,"turns":13},{"damage":0,"enemies":"Chosen","floor":18,"turns":4},{"damage":0,"enemies":"Spheric Guardian","floor":20,"turns":1},{"damage":5,"enemies":"Shelled Parasite and Fungi","floor":21,"turns":8},{"damage":116,"enemies":"Gremlin Leader","floor":24,"turns":15}],"seed_played":"-1793131049673759356","potions_obtained":[{"floor":2,"key":"SteroidPotion"},{"floor":4,"key":"EssenceOfSteel"},{"floor":11,"key":"SteroidPotion"},{"floor":18,"key":"SteroidPotion"}],"is_trial":false,"path_per_floor":["M","M","M","M","?","R","M","R","T","$","M","M","E","M","R","B",null,"M","?","M","M","$","R"],"character_chosen":"DEFECT","items_purchased":["Leap","Bag of Preparation","PrismaticShard"],"campfire_rested":2,"item_purchase_floors":[10,10,22],"current_hp_per_floor":[79,76,76,50,50,50,49,73,80,80,80,77,58,55,81,55,89,89,89,89,84,84,84,0],"gold":18,"neow_bonus":"TEN_PERCENT_HP_BONUS","is_prod":false,"is_daily":false,"chose_seed":false,"campfire_upgraded":2,"win_rate":0,"timestamp":1540187761,"path_taken":["M","M","M","M","?","R","M","R","T","$","M","?","E","M","R","BOSS","M","?","M","M","$","R","E"],"build_version":"2018-10-19","purchased_purges":0,"victory":false,"max_hp_per_floor":[82,82,82,82,82,82,82,82,89,89,89,89,89,89,89,89,89,89,89,89,89,89,89,89],"card_choices":[{"not_picked":["Hello World","White Noise"],"picked":"Compile Driver","floor":1},{"not_picked":["Aggregate","Steam"],"picked":"Reinforced Body","floor":2},{"not_picked":["Cold Snap","Steam"],"picked":"Chaos","floor":3},{"not_picked":["Lockon","Barrage"],"picked":"Ball Lightning","floor":4},{"not_picked":["Rebound","Turbo"],"picked":"Melter","floor":7},{"not_picked":["Hello World","Barrage"],"picked":"Loop","floor":11},{"not_picked":["Turbo","Compile Driver"],"picked":"Buffer","floor":12},{"not_picked":["Hologram","Consume"],"picked":"Lockon","floor":13},{"not_picked":["Compile Driver","Conserve Battery"],"picked":"Cold Snap","floor":14},{"not_picked":["All For One","Buffer"],"picked":"Fission","floor":16},{"not_picked":["Coolheaded","Streamline"],"picked":"Undo","floor":17},{"not_picked":["Rebound","Coolheaded"],"picked":"Auto Shields","floor":17},{"not_picked":["All For One","Gash"],"picked":"Go for the Eyes","floor":17},{"not_picked":["Gash","Barrage"],"picked":"Reinforced Body+1","floor":18},{"not_picked":["Gash","Barrage","Coolheaded"],"picked":"SKIP","floor":20},{"not_picked":["Hologram+1","Turbo"],"picked":"Steam+1","floor":21}],"player_experience":443672,"relics_obtained":[{"floor":9,"key":"Strawberry"},{"floor":13,"key":"Happy Flower"}],"event_choices":[{"damage_healed":0,"gold_gain":0,"player_choice":"Ignored","damage_taken":0,"max_hp_gain":0,"max_hp_loss":0,"event_name":"Liars Game","floor":5,"gold_loss":0},{"damage_healed":0,"gold_gain":0,"cards_transformed":["Strike_B"],"player_choice":"Transformed","damage_taken":0,"max_hp_gain":0,"max_hp_loss":0,"event_name":"Transmorgrifier","floor":19,"gold_loss":0,"cards_obtained":["BootSequence"]}],"is_beta":true,"boss_relics":[{"not_picked":["Velvet Choker","Calling Bell"],"picked":"Orrery"}],"items_purged_floors":[],"is_endless":false,"potions_floor_spawned":[2,4,11,18],"killed_by":"Gremlin Leader","ascension_level":3}