{"gold_per_floor":[110,125,135,135,135,176,176,212,212,291,291,141,162,162,162,162],"floor_reached":16,"playtime":939,"items_purged":["Dualcast"],"score":119,"play_id":"a5780d15-f046-46b8-8827-b39e100982e9","local_time":"20190209075833","is_ascension_mode":true,"campfire_choices":[{"data":"Zap","floor":7,"key":"SMITH"},{"data":"Barrage","floor":11,"key":"SMITH"},{"floor":15,"key":"RECALL"}],"neow_cost":"NONE","seed_source_timestamp":2704182321501211,"circlet_count":0,"master_deck":["Strike_B","Strike_B","Strike_B","Strike_B","Defend_B","Defend_B+1","Defend_B+1","Defend_B","Zap+1","Capacitor","Barrage+1","Coolheaded","Conserve Battery","Cold Snap","BootSequence"],"relics":["Cracked Core","Anchor","Golden Idol","Mercury Hourglass","PreservedInsect","Pen Nib"],"potions_floor_usage":[2,8,8,10,16],"damage_taken":[{"damage":2,"enemies":"Jaw Worm","floor":1,"turns":3},{"damage":0,"enemies":"2 Louse","floor":2,"turns":3},{"damage":0,"enemies":"Small Slimes","floor":3,"turns":3},{"damage":22,"enemies":"Gremlin Nob","floor":6,"turns":4},{"damage":6,"enemies":"3 Sentries","floor":8,"turns":4},{"damage":16,"enemies":"Gremlin Nob","floor":10,"turns":3},{"damage":0,"enemies":"Blue Slaver","floor":13,"turns":3},{"damage":16,"enemies":"The Guardian","floor":16,"turns":2}],"seed_played":"-828660137119394214","potions_obtained":[{"floor":0,"key":"Explosive Potion"},{"floor":0,"key":"Dexterity Potion"},{"floor":0,"key":"SpeedPotion"},{"floor":2,"key":"SpeedPotion"},{"floor":6,"key":"PowerPotion"}],"is_trial":false,"path_per_floor":["M","M","M","?","?","E","R","E","T","?","R","$","M","?","R","B"],"character_chosen":"DEFECT","items_purchased":["FocusPotion"],"campfire_rested":0,"item_purchase_floors":[12],"current_hp_per_floor":[73,73,73,70,69,47,47,41,41,25,25,25,25,11,11,0],"gold":162,"neow_bonus":"THREE_SMALL_POTIONS","is_prod":false,"is_daily":false,"chose_seed":false,"campfire_upgraded":2,"win_rate":0,"timestamp":1549720713,"path_taken":["M","M","M","?","?","E","R","E","T","?","R","?","?","?","R","BOSS"],"build_version":"2019-02-06","purchased_purges":1,"victory":false,"max_hp_per_floor":[75,75,75,75,69,69,69,69,69,69,69,69,69,69,69,69],"card_choices":[{"not_picked":["Rip and Tear","Coolheaded"],"picked":"Capacitor","floor":1},{"not_picked":["Hello World","Rebound"],"picked":"Barrage","floor":2},{"not_picked":["Blizzard","Leap"],"picked":"Coolheaded","floor":3},{"not_picked":["Gash","Barrage","Coolheaded"],"picked":"SKIP","floor":6},{"not_picked":["Hologram","Hello World"],"picked":"Conserve Battery","floor":8},{"not_picked":["Rebound","Leap"],"picked":"Cold Snap","floor":10},{"not_picked":["Reprogram","Compile Driver"],"picked":"BootSequence","floor":13}],"player_experience":51787,"relics_obtained":[{"floor":6,"key":"Mercury Hourglass"},{"floor":8,"key":"PreservedInsect"},{"floor":10,"key":"Pen Nib"}],"event_choices":[{"damage_healed":0,"gold_gain":0,"player_choice":"Success","damage_taken":3,"relics_obtained":["Anchor"],"max_hp_gain":0,"max_hp_loss":0,"event_name":"Scrap Ooze","floor":4,"gold_loss":0},{"damage_healed":0,"gold_gain":0,"player_choice":"Lose Max HP","damage_taken":0,"relics_obtained":["Golden Idol"],"max_hp_gain":0,"max_hp_loss":6,"event_name":"Golden Idol","floor":5,"gold_loss":0},{"damage_healed":0,"gold_gain":0,"player_choice":"Searched \u00271\u0027 times","damage_taken":0,"max_hp_gain":0,"max_hp_loss":0,"event_name":"Dead Adventurer","floor":10,"gold_loss":0},{"damage_healed":0,"gold_gain":0,"player_choice":"Entered Light","damage_taken":14,"max_hp_gain":0,"max_hp_loss":0,"event_name":"Shining Light","floor":14,"gold_loss":0,"cards_upgraded":["Defend_B","Defend_B"]}],"is_beta":true,"boss_relics":[],"items_purged_floors":[12],"is_endless":false,"potions_floor_spawned":[1,2,6],"killed_by":"The Guardian","ascension_level":2}