{"gold_per_floor":[219,219,230,242,257,257,292,292,292,304,323,63,86,11,11,116,116,127,27,40,56,56],"floor_reached":22,"playtime":1712,"items_purged":["Strike_R","Strike_R"],"score":226,"play_id":"cadf3fb5-4e7e-49f7-a74d-d5dcc3ea9472","local_time":"20180629072928","is_ascension_mode":true,"campfire_choices":[{"data":"Infernal Blade","floor":6,"key":"SMITH"},{"floor":8,"key":"REST"},{"data":"Rampage","floor":15,"key":"SMITH"}],"neow_cost":"NONE","seed_source_timestamp":387113267713991,"circlet_count":0,"master_deck":["Strike_R","Strike_R","Defend_R","Defend_R","Defend_R","Defend_R","Bash","Infernal Blade+1","Flame Barrier","Battle Trance","Rampage+1","Infernal Blade","Headbutt","Demon Form","Demon Form","Shrug It Off"],"relics":["Burning Blood","Boot","Mummified Hand","Pantograph","Omamori","Sozu"],"potions_floor_usage":[21,21,21],"damage_taken":[{"damage":5,"enemies":"Small Slimes","floor":1,"turns":4},{"damage":0,"enemies":"2 Louse","floor":3,"turns":2},{"damage":6,"enemies":"Cultist","floor":4,"turns":4},{"damage":0,"enemies":"3 Louse","floor":5,"turns":5},{"damage":35,"enemies":"Lagavulin","floor":7,"turns":5},{"damage":4,"enemies":"Red Slaver","floor":10,"turns":2},{"damage":10,"enemies":"Exordium Wildlife","floor":11,"turns":3},{"damage":64,"enemies":"The Guardian","floor":16,"turns":11},{"damage":34,"enemies":"2 Thieves","floor":18,"turns":4},{"damage":26,"enemies":"Shell Parasite","floor":20,"turns":8},{"damage":30,"enemies":"Cultist and Chosen","floor":21,"turns":7},{"damage":11,"enemies":"Snake Plant","floor":22,"turns":1}],"seed_played":"-6877762350950124340","potions_obtained":[{"floor":1,"key":"SkillPotion"},{"floor":4,"key":"Swift Potion"},{"floor":5,"key":"Swift Potion"},{"floor":10,"key":"Weak Potion"}],"is_trial":false,"path_per_floor":["M","?","M","M","M","R","E","R","T","M","M","$","T","$","R","B",null,"M","$","M","M"],"character_chosen":"IRONCLAD","items_purchased":["Pantograph"],"campfire_rested":1,"item_purchase_floors":[12],"current_hp_per_floor":[80,73,79,79,80,80,51,75,75,77,73,73,73,73,73,22,80,52,52,32,8,0],"gold":56,"neow_bonus":"HUNDRED_GOLD","is_prod":false,"is_daily":false,"chose_seed":false,"campfire_upgraded":2,"win_rate":0,"timestamp":1530271768,"path_taken":["M","?","?","M","M","R","E","R","T","M","M","?","?","$","R","BOSS","M","$","M","M","?"],"build_version":"2018-06-28","purchased_purges":2,"victory":false,"max_hp_per_floor":[80,80,80,80,80,80,80,80,80,80,80,80,80,80,80,80,80,80,80,80,80,80],"card_choices":[{"not_picked":["Pummel","Heavy Blade"],"picked":"Infernal Blade","floor":1},{"not_picked":["Pummel","Havoc"],"picked":"Flame Barrier","floor":3},{"not_picked":["Perfected Strike","Cleave"],"picked":"Battle Trance","floor":4},{"not_picked":["Disarm","Anger"],"picked":"Rampage","floor":5},{"not_picked":["Intimidate","True Grit"],"picked":"Infernal Blade","floor":7},{"not_picked":["Pummel","Pommel Strike"],"picked":"Headbutt","floor":10},{"not_picked":["Twin Strike","Headbutt"],"picked":"Demon Form","floor":11},{"not_picked":["Double Tap","Immolate"],"picked":"Demon Form","floor":16},{"not_picked":["Flex+1","True Grit"],"picked":"Shrug It Off","floor":18},{"not_picked":["Armaments","Hemokinesis","Anger"],"picked":"SKIP","floor":20},{"not_picked":["Anger","Dual Wield","Body Slam"],"picked":"SKIP","floor":21}],"player_experience":836694,"relics_obtained":[{"floor":7,"key":"Boot"},{"floor":9,"key":"Mummified Hand"},{"floor":13,"key":"Omamori"}],"event_choices":[{"event_name":"Golden Wing","player_choice":"Card Removal","floor":2,"damage_taken":0}],"boss_relics":[{"not_picked":["Astrolabe","Pandora\u0027s Box"],"picked":"Sozu"}],"items_purged_floors":[14,19],"is_endless":false,"potions_floor_spawned":[1,4,5,10],"killed_by":"Snake Plant","ascension_level":4}