{"gold_per_floor":[110,12,12,31,31,31,64,64,88,102,112,112,135,145,145,223,223,241,254,234,234,155,155,189,189,189,204,235,253,29,40,40,116,116,131,147,198,198,210,210,244,244,244,244,244,256,103,115,115,115],"floor_reached":51,"playtime":6224,"items_purged":["Strike_G"],"score":1233,"play_id":"72b5d60c-0bab-4199-affb-516a4b371589","local_time":"20180924144834","is_ascension_mode":true,"campfire_choices":[{"data":"Neutralize","floor":6,"key":"SMITH"},{"data":"Cloak And Dagger","floor":8,"key":"SMITH"},{"floor":15,"key":"REST"},{"data":"A Thousand Cuts","floor":23,"key":"SMITH"},{"floor":25,"key":"REST"},{"floor":32,"key":"REST"},{"floor":40,"key":"REST"},{"data":"After Image","floor":45,"key":"SMITH"},{"floor":49,"key":"REST"}],"neow_cost":"NONE","seed_source_timestamp":13043057929481,"circlet_count":0,"master_deck":["Defend_G","Defend_G","Defend_G","Defend_G","Defend_G","Strike_G","Strike_G","Strike_G","Strike_G+1","Survivor+1","Neutralize+1","AscendersBane","Blade Dance+1","Cloak And Dagger+1","PiercingWail","Flying Knee","Terror","Flechettes","Infinite Blades","Deadly Poison","A Thousand Cuts+1","Cloak And Dagger+1","Skewer","Dash","Dash","Blur","Burst","Footwork","Leg Sweep","Dash","After Image+1","Footwork","Backflip","Riddle With Holes+1","Backflip+1","Distraction+1","Skewer+1","Cloak And Dagger","Leg Sweep"],"relics":["Ring of the Snake","NeowsBlessing","Happy Flower","Dream Catcher","Odd Mushroom","Snecko Eye","Oddly Smooth Stone","Nunchaku","PreservedInsect","Pen Nib","Lizard Tail","Tingsha","Bronze Scales","War Paint"],"potions_floor_usage":[13,16,16,24,28,33,50,50],"damage_taken":[{"damage":0,"enemies":"Jaw Worm","floor":1,"turns":1},{"damage":0,"enemies":"Small Slimes","floor":4,"turns":1},{"damage":0,"enemies":"Lagavulin","floor":7,"turns":1},{"damage":0,"enemies":"Cultist","floor":10,"turns":3},{"damage":2,"enemies":"Large Slime","floor":11,"turns":7},{"damage":9,"enemies":"The Mushroom Lair","floor":13,"turns":3},{"damage":4,"enemies":"Exordium Wildlife","floor":14,"turns":3},{"damage":2,"enemies":"Hexaghost","floor":16,"turns":6},{"damage":0,"enemies":"Chosen","floor":18,"turns":4},{"damage":3,"enemies":"Shell Parasite","floor":19,"turns":5},{"damage":42,"enemies":"Gremlin Leader","floor":24,"turns":7},{"damage":6,"enemies":"Cultist and Chosen","floor":27,"turns":5},{"damage":15,"enemies":"Book of Stabbing","floor":28,"turns":4},{"damage":16,"enemies":"Snake Plant","floor":29,"turns":4},{"damage":2,"enemies":"Sentry and Sphere","floor":31,"turns":4},{"damage":16,"enemies":"Collector","floor":33,"turns":7},{"damage":0,"enemies":"3 Shapes","floor":35,"turns":5},{"damage":4,"enemies":"3 Darklings","floor":36,"turns":7},{"damage":11,"enemies":"Mysterious Sphere","floor":37,"turns":5},{"damage":30,"enemies":"Sphere and 2 Shapes","floor":39,"turns":6},{"damage":12,"enemies":"Nemesis","floor":41,"turns":7},{"damage":33,"enemies":"Maw","floor":46,"turns":10},{"damage":0,"enemies":"Spire Growth","floor":48,"turns":3},{"damage":31,"enemies":"Donu and Deca","floor":50,"turns":13}],"seed_played":"-6637883129793513523","potions_obtained":[{"floor":1,"key":"PowerPotion"},{"floor":13,"key":"AttackPotion"},{"floor":16,"key":"PowerPotion"},{"floor":20,"key":"Regen Potion"},{"floor":24,"key":"FearPotion"},{"floor":39,"key":"GhostInAJar"},{"floor":46,"key":"Regen Potion"}],"is_trial":false,"path_per_floor":["M","$","?","M","$","R","E","R","T","M","M","?","?","M","R","B",null,"M","M","?","?","$","R","E","R","T","M","E","M","$","M","R","B",null,"M","M","?","?","M","R","E","?","T","?","R","M","$","M","R","B"],"character_chosen":"THE_SILENT","items_purchased":["Cloak And Dagger","Explosive Potion","Dash","Leg Sweep","Pen Nib","GhostInAJar"],"campfire_rested":5,"item_purchase_floors":[2,2,22,30,30,47],"current_hp_per_floor":[59,59,64,64,64,64,64,64,64,64,62,41,32,28,49,47,65,65,62,62,62,62,62,32,53,53,47,32,16,16,14,35,19,58,58,54,43,43,13,34,22,71,71,71,71,38,38,38,59,28],"gold":115,"neow_bonus":"THREE_ENEMY_KILL","is_prod":false,"is_daily":false,"chose_seed":false,"campfire_upgraded":4,"win_rate":0,"timestamp":1537793314,"path_taken":["M","$","?","M","$","R","E","R","T","?","M","?","?","M","R","BOSS","M","?","?","?","?","R","E","R","T","?","E","M","$","M","R","BOSS","M","M","?","?","?","R","E","?","T","?","R","M","$","M","R","BOSS"],"build_version":"2018-09-20","purchased_purges":1,"victory":true,"max_hp_per_floor":[66,66,71,71,71,71,71,71,71,71,71,71,71,71,71,71,71,71,71,71,71,71,71,71,71,71,71,71,71,71,71,71,71,71,71,71,71,71,71,71,71,71,71,71,71,71,71,71,71,71],"card_choices":[{"not_picked":["Underhanded Strike","Accuracy"],"picked":"Blade Dance","floor":1},{"not_picked":["Deflect","Flying Knee"],"picked":"PiercingWail","floor":4},{"not_picked":["Slice","Reflex"],"picked":"Flying Knee","floor":7},{"not_picked":["Expertise","Calculated Gamble","Blade Dance"],"picked":"SKIP","floor":10},{"not_picked":["Slice","Bane"],"picked":"Terror","floor":11},{"not_picked":["Acrobatics","Outmaneuver"],"picked":"Flechettes","floor":13},{"not_picked":["Acrobatics","Prepared"],"picked":"Infinite Blades","floor":14},{"not_picked":["Outmaneuver","Poisoned Stab"],"picked":"Deadly Poison","floor":15},{"not_picked":["Unload","Die Die Die"],"picked":"A Thousand Cuts","floor":16},{"not_picked":["Choke","Backstab"],"picked":"Cloak And Dagger+1","floor":18},{"not_picked":["Dagger Throw","Terror+1"],"picked":"Skewer","floor":19},{"not_picked":["Flying Knee","Outmaneuver"],"picked":"Dash","floor":24},{"not_picked":["Deflect","Endless Agony"],"picked":"Blur","floor":27},{"not_picked":["Prepared","Deflect"],"picked":"Burst","floor":28},{"not_picked":["Slice","Bane"],"picked":"Footwork","floor":29},{"not_picked":["Slice","Flying Knee","Quick Slash"],"picked":"SKIP","floor":31},{"not_picked":["Poisoned Stab","Terror"],"picked":"Dash","floor":32},{"not_picked":["Glass Knife","A Thousand Cuts"],"picked":"After Image","floor":33},{"not_picked":["Dagger Throw","Cloak And Dagger+1"],"picked":"Footwork","floor":35},{"not_picked":["All Out Attack","Masterful Stab"],"picked":"Backflip","floor":36},{"not_picked":["Dagger Throw+1","Poisoned Stab"],"picked":"Riddle With Holes+1","floor":37},{"not_picked":["A Thousand Cuts","All Out Attack","Blur"],"picked":"SKIP","floor":39},{"not_picked":["Sucker Punch+1","Poisoned Stab"],"picked":"Backflip+1","floor":40},{"not_picked":["Slice","Deflect"],"picked":"Distraction","floor":41},{"not_picked":["Dash+1","Caltrops"],"picked":"Skewer+1","floor":46},{"not_picked":["Bane","Prepared+1"],"picked":"Cloak And Dagger","floor":48},{"not_picked":["PiercingWail","Flying Knee"],"picked":"Leg Sweep","floor":49}],"player_experience":1467554,"relics_obtained":[{"floor":7,"key":"Happy Flower"},{"floor":9,"key":"Dream Catcher"},{"floor":13,"key":"Odd Mushroom"},{"floor":24,"key":"Oddly Smooth Stone"},{"floor":26,"key":"Nunchaku"},{"floor":28,"key":"PreservedInsect"},{"floor":37,"key":"Tingsha"},{"floor":41,"key":"Bronze Scales"},{"floor":43,"key":"War Paint"}],"event_choices":[{"event_name":"Big Fish","player_choice":"Donut","floor":3,"damage_taken":0},{"event_name":"Shining Light","player_choice":"Entered Light","floor":12,"damage_taken":0},{"event_name":"Mushrooms","player_choice":"Fought Mushrooms","floor":13,"damage_taken":0},{"event_name":"The Woman in Blue","player_choice":"Bought 1 Potion","floor":20,"damage_taken":0},{"event_name":"Ghosts","player_choice":"Ignored","floor":21,"damage_taken":0},{"event_name":"Mysterious Sphere","player_choice":"Fight","floor":37,"damage_taken":0},{"event_name":"FaceTrader","player_choice":"Leave","floor":38,"damage_taken":0},{"event_name":"MindBloom","player_choice":"Heal","floor":42,"damage_taken":0},{"event_name":"Purifier","player_choice":"One Purge","floor":44,"damage_taken":0}],"is_beta":false,"boss_relics":[{"not_picked":["Ring of the Serpent","Pandora\u0027s Box"],"picked":"Snecko Eye"},{"not_picked":["Orrery","Runic Pyramid"],"picked":"Lizard Tail"}],"items_purged_floors":[47],"is_endless":false,"potions_floor_spawned":[1,4,10,13,16,24,39,46,48],"ascension_level":15}