{"gold_per_floor":[111,129,146,176,192,192,224,224,224,238,262,274,274],"floor_reached":13,"playtime":600,"items_purged":[],"score":139,"play_id":"5d486039-f2ce-43d9-9297-83244e838289","local_time":"20181027213950","is_ascension_mode":true,"campfire_choices":[{"floor":6.0,"key":"REST"},{"floor":8.0,"key":"REST"}],"neow_cost":"NONE","seed_source_timestamp":1534029966067116,"circlet_count":0,"master_deck":["Defend_G","Defend_G","Defend_G","Defend_G","Defend_G","Strike_G","Strike_G","Strike_G","Strike_G","Strike_G","Survivor","Neutralize","AscendersBane","Backflip","Underhanded Strike","Flying Knee","Dagger Throw","Phantasmal Killer","Terror","Infinite Blades","Poisoned Stab","Underhanded Strike","Acrobatics","Blade Dance","Bouncing Flask","Sucker Punch"],"special_seed":0,"relics":["Orrery","Tiny Chest","Mercury Hourglass","Vajra","Odd Mushroom"],"potions_floor_usage":[11],"damage_taken":[{"damage":1.0,"enemies":"Cultist","floor":1.0,"turns":3.0},{"damage":2.0,"enemies":"Jaw Worm","floor":2.0,"turns":3.0},{"damage":8.0,"enemies":"2 Louse","floor":3.0,"turns":3.0},{"damage":21.0,"enemies":"Large Slime","floor":5.0,"turns":6.0},{"damage":25.0,"enemies":"Lagavulin","floor":7.0,"turns":7.0},{"damage":12.0,"enemies":"Lots of Slimes","floor":10.0,"turns":3.0},{"damage":15,"enemies":"The Mushroom Lair","floor":11,"turns":3},{"damage":5,"enemies":"2 Fungi Beasts","floor":12,"turns":3},{"damage":13,"enemies":"Exordium Wildlife","floor":13,"turns":1}],"seed_played":"-618423852826760548","potions_obtained":[{"floor":3.0,"key":"SteroidPotion"},{"floor":5.0,"key":"Weak Potion"},{"floor":11,"key":"Weak Potion"},{"floor":12,"key":"EssenceOfSteel"}],"is_trial":false,"path_per_floor":["M","M","M","?","M","R","E","R","T","M","?","M"],"character_chosen":"THE_SILENT","items_purchased":[],"campfire_rested":2,"item_purchase_floors":[],"current_hp_per_floor":[62,60,52,40,19,40,15,36,36,24,9,4,0],"gold":274,"neow_bonus":"BOSS_RELIC","is_prod":false,"is_daily":false,"chose_seed":false,"campfire_upgraded":0,"win_rate":0,"timestamp":1540690790,"path_taken":["M","M","?","?","M","R","E","R","T","M","?","M","M"],"build_version":"2018-10-25v2","purchased_purges":0,"victory":false,"max_hp_per_floor":[70,70,70,70,70,70,70,70,70,70,70,70,70],"card_choices":[{"not_picked":["Expertise","Bane"],"picked":"Backflip","floor":0.0},{"not_picked":["Escape Plan","Grand Finale"],"picked":"Underhanded Strike","floor":0.0},{"not_picked":["Dagger Spray","Flechettes"],"picked":"Flying Knee","floor":0.0},{"not_picked":["Deflect","Bane"],"picked":"Dagger Throw","floor":0.0},{"not_picked":["Concentrate","Slice"],"picked":"Phantasmal Killer","floor":0.0},{"not_picked":["Flying Knee","Prepared"],"picked":"Terror","floor":1.0},{"not_picked":["Flying Knee","Terror"],"picked":"Infinite Blades","floor":2.0},{"not_picked":["Concentrate","Flechettes"],"picked":"Poisoned Stab","floor":3.0},{"not_picked":["Sucker Punch","Setup"],"picked":"Underhanded Strike","floor":5.0},{"not_picked":["Bane","Underhanded Strike"],"picked":"Acrobatics","floor":7.0},{"not_picked":["PiercingWail","Poisoned Stab"],"picked":"Blade Dance","floor":10.0},{"not_picked":["Tactician","Setup"],"picked":"Bouncing Flask","floor":11},{"not_picked":["Cloak And Dagger","Masterful Stab"],"picked":"Sucker Punch","floor":12}],"player_experience":1597653,"relics_obtained":[{"floor":7.0,"key":"Mercury Hourglass"},{"floor":9.0,"key":"Vajra"},{"floor":11,"key":"Odd Mushroom"}],"event_choices":[{"damage_healed":0.0,"max_hp_gain":0.0,"max_hp_loss":0.0,"gold_gain":0.0,"event_name":"Scrap Ooze","player_choice":"Success","floor":4.0,"gold_loss":0.0,"damage_taken":12.0,"relics_obtained":["Tiny Chest"]},{"damage_healed":0,"gold_gain":0,"player_choice":"Fought Mushrooms","damage_taken":0,"max_hp_gain":0,"max_hp_loss":0,"event_name":"Mushrooms","floor":11,"gold_loss":0}],"is_beta":false,"boss_relics":[],"items_purged_floors":[],"is_endless":false,"potions_floor_spawned":[3,5,11,12],"killed_by":"Exordium Wildlife","ascension_level":12}