{"gold_per_floor":[113,67,19,31,48,74,74,91,141,159,174,174,174,253,253,324,324,334,350,350],"floor_reached":20,"playtime":938,"items_purged":[],"score":308,"play_id":"f3cc9b27-3c4e-45fd-ba00-33d6600c5fab","local_time":"20181022124238","is_ascension_mode":true,"campfire_choices":[{"floor":7,"key":"REST"},{"data":"Zap","floor":13,"key":"SMITH"},{"data":"Sunder","floor":15,"key":"SMITH"}],"neow_cost":"NONE","seed_source_timestamp":1069600363748259,"circlet_count":0,"master_deck":["Strike_B","Strike_B","Strike_B","Defend_B","Defend_B","Defend_B","Defend_B","Zap+1","Dualcast","AscendersBane","Rebound","Streamline","Redo","Beam Cell","Go for the Eyes","Sunder+1","Core Surge","Stack","Chill","Echo Form","Capacitor","Ball Lightning+1"],"relics":["Cracked Core","Orichalcum","Pantograph","Oddly Smooth Stone","Cursed Key"],"potions_floor_usage":[6,18],"damage_taken":[{"damage":1,"enemies":"Cultist","floor":1,"turns":3},{"damage":3,"enemies":"Small Slimes","floor":4,"turns":3},{"damage":7,"enemies":"Jaw Worm","floor":5,"turns":2},{"damage":30,"enemies":"3 Sentries","floor":6,"turns":7},{"damage":5,"enemies":"Looter","floor":8,"turns":2},{"damage":2,"enemies":"Exordium Thugs","floor":10,"turns":3},{"damage":5,"enemies":"Blue Slaver","floor":11,"turns":3},{"damage":41,"enemies":"Slime Boss","floor":16,"turns":14},{"damage":29,"enemies":"2 Thieves","floor":18,"turns":4},{"damage":23,"enemies":"3 Byrds","floor":19,"turns":5},{"damage":6,"enemies":"Shelled Parasite and Fungi","floor":20,"turns":2}],"seed_played":"-5481440339357150683","potions_obtained":[{"floor":1,"key":"SneckoOil"},{"floor":5,"key":"Poison Potion"},{"floor":16,"key":"LiquidBronze"}],"is_trial":false,"path_per_floor":["M","$","$","M","M","E","R","M","T","M","M","?","R","?","R","B",null,"M","M"],"character_chosen":"DEFECT","items_purchased":["Streamline","Redo"],"campfire_rested":1,"item_purchase_floors":[2,3],"current_hp_per_floor":[63,63,63,60,53,23,44,39,39,37,32,32,32,32,32,16,57,28,5,0],"gold":350,"neow_bonus":"RANDOM_COMMON_RELIC","is_prod":false,"is_daily":false,"chose_seed":false,"campfire_upgraded":2,"win_rate":0,"timestamp":1540226558,"path_taken":["M","?","$","M","M","E","R","M","T","M","?","?","R","?","R","BOSS","M","M","M"],"build_version":"2018-10-18","purchased_purges":0,"victory":false,"max_hp_per_floor":[71,71,71,71,71,71,71,71,71,71,71,71,71,71,71,71,71,71,71,71],"card_choices":[{"not_picked":["Aggregate","Blizzard"],"picked":"Rebound","floor":1},{"not_picked":["Chaos","Go for the Eyes"],"picked":"Beam Cell","floor":4},{"not_picked":["Streamline","Beam Cell"],"picked":"Go for the Eyes","floor":5},{"not_picked":["Melter","Hello World"],"picked":"Sunder","floor":6},{"not_picked":["Stack","Cold Snap"],"picked":"Core Surge","floor":8},{"not_picked":["Go for the Eyes","Sweeping Beam"],"picked":"Stack","floor":10},{"not_picked":["Compile Driver","Streamline"],"picked":"Chill","floor":11},{"not_picked":["Hyperbeam","Electrodynamics"],"picked":"Echo Form","floor":16},{"not_picked":["Rip and Tear","Force Field"],"picked":"Capacitor","floor":18},{"not_picked":["Tempest+1","Lockon"],"picked":"Ball Lightning+1","floor":19}],"player_experience":1557492,"relics_obtained":[{"floor":6,"key":"Pantograph"},{"floor":9,"key":"Oddly Smooth Stone"}],"event_choices":[{"cards_removed":["Strike_B"],"damage_healed":0,"gold_gain":0,"player_choice":"Card Removal","damage_taken":0,"max_hp_gain":0,"max_hp_loss":0,"event_name":"Wheel of Change","floor":12,"gold_loss":0},{"damage_healed":0,"gold_gain":79,"player_choice":"Gained Gold","damage_taken":0,"max_hp_gain":0,"max_hp_loss":0,"event_name":"Golden Wing","floor":14,"gold_loss":0}],"is_beta":false,"boss_relics":[{"not_picked":["Empty Cage","Ectoplasm"],"picked":"Cursed Key"}],"items_purged_floors":[],"is_endless":false,"potions_floor_spawned":[1,5,16],"killed_by":"Shelled Parasite and Fungi","ascension_level":15}