{"gold_per_floor":[113,113,113,113,137,59,59,103,103,118,43,57,57,77,77,207,207,228,36,36,61,61,61,80,80,103,103,123,123,164,187,187,187],"floor_reached":33,"playtime":1644,"items_purged":["Injury"],"score":360,"play_id":"5e4613cf-6838-43ee-adc1-6aaa625529ff","local_time":"20190205153847","is_ascension_mode":true,"campfire_choices":[{"data":"Neutralize","floor":7,"key":"SMITH"},{"floor":15,"key":"REST"},{"floor":23,"key":"REST"},{"floor":27,"key":"REST"},{"floor":29,"key":"REST"},{"floor":32,"key":"REST"}],"neow_cost":"NONE","seed_source_timestamp":1436341204337110,"circlet_count":0,"master_deck":["Defend_G+1","Defend_G+1","Defend_G+1","Defend_G+1","Defend_G+1","Strike_G+1","Strike_G+1","Strike_G+1","Strike_G+1","Strike_G+1","Survivor","Neutralize+1","Dagger Spray","Deflect","Skewer","Leg Sweep","Footwork+1","Caltrops","Corpse Explosion","Backflip+1","Streamline+1","Reinforced Body+1","Go for the Eyes"],"relics":["Ring of the Snake","Golden Idol","Paper Crane","Singing Bowl","Calipers","White Beast Statue","PrismaticShard","Pen Nib","Incense Burner"],"potions_floor_usage":[21,22,28,30,30,31,33],"damage_taken":[{"damage":0,"enemies":"2 Louse","floor":1,"turns":4},{"damage":0,"enemies":"Jaw Worm","floor":5,"turns":4},{"damage":20,"enemies":"3 Sentries","floor":8,"turns":7},{"damage":0,"enemies":"Small Slimes","floor":10,"turns":2},{"damage":0,"enemies":"3 Louse","floor":12,"turns":3},{"damage":0,"enemies":"Looter","floor":14,"turns":4},{"damage":14,"enemies":"The Guardian","floor":16,"turns":17},{"damage":19,"enemies":"2 Thieves","floor":18,"turns":4},{"damage":11,"enemies":"Chosen","floor":21,"turns":8},{"damage":1,"enemies":"Snake Plant","floor":22,"turns":2},{"damage":37,"enemies":"Snecko","floor":24,"turns":8},{"damage":2,"enemies":"Shelled Parasite and Fungi","floor":28,"turns":10},{"damage":3,"enemies":"Book of Stabbing","floor":30,"turns":9},{"damage":31,"enemies":"Sentry and Sphere","floor":31,"turns":6},{"damage":68,"enemies":"Champ","floor":33,"turns":23}],"seed_played":"3215160556294750576","potions_obtained":[{"floor":8,"key":"Ancient Potion"},{"floor":16,"key":"Dexterity Potion"},{"floor":18,"key":"Swift Potion"},{"floor":21,"key":"SmokeBomb"},{"floor":24,"key":"SpeedPotion"},{"floor":28,"key":"Strength Potion"},{"floor":30,"key":"FearPotion"},{"floor":31,"key":"Fire Potion"}],"is_trial":false,"path_per_floor":["M","?","?","?","M","$","R","E","T","M","$","M","?","M","R","B",null,"M","$","?","M","M","R","M","?","T","R","M","R","E","M","R","B"],"character_chosen":"THE_SILENT","items_purchased":["Skewer","PrismaticShard"],"campfire_rested":5,"item_purchase_floors":[6,19],"current_hp_per_floor":[70,55,55,55,55,55,55,35,35,35,35,37,30,30,53,39,69,50,50,50,39,38,61,24,24,24,47,47,71,70,39,63,0],"gold":187,"neow_bonus":"TEN_PERCENT_HP_BONUS","is_prod":false,"is_daily":false,"chose_seed":false,"campfire_upgraded":1,"win_rate":0,"timestamp":1549402727,"path_taken":["M","?","?","?","M","$","R","E","T","M","?","M","?","M","R","BOSS","M","$","?","?","M","R","M","?","T","R","M","R","E","M","R","BOSS"],"build_version":"2019-01-23","purchased_purges":1,"victory":false,"max_hp_per_floor":[77,77,77,77,77,77,77,77,77,77,77,79,79,79,79,79,79,79,79,79,79,79,79,79,79,79,79,81,81,83,83,83,83],"card_choices":[{"not_picked":["Dodge and Roll","Dagger Throw"],"picked":"Dagger Spray","floor":1},{"not_picked":["Leg Sweep","Expertise"],"picked":"Deflect","floor":5},{"not_picked":["Choke","Dodge and Roll"],"picked":"Leg Sweep","floor":8},{"not_picked":["Deflect","Escape Plan"],"picked":"Footwork","floor":10},{"not_picked":["Flying Knee","Reflex","Quick Slash"],"picked":"Singing Bowl","floor":12},{"not_picked":["Backstab","Choke"],"picked":"Caltrops","floor":14},{"not_picked":["Malaise","Doppelganger"],"picked":"Corpse Explosion","floor":16},{"not_picked":["Outmaneuver+1","Prepared"],"picked":"Backflip+1","floor":18},{"not_picked":["Consume","Spot Weakness"],"picked":"Streamline+1","floor":21},{"not_picked":["Deep Breath+1","Tempest+1"],"picked":"Reinforced Body+1","floor":24},{"not_picked":["Dagger Spray","Clash","PiercingWail"],"picked":"Singing Bowl","floor":28},{"not_picked":["Caltrops","Reflex","Headbutt"],"picked":"Singing Bowl","floor":30},{"not_picked":["Scrape","Warcry"],"picked":"Go for the Eyes","floor":31}],"player_experience":643493,"relics_obtained":[{"floor":8,"key":"Paper Crane"},{"floor":9,"key":"Singing Bowl"},{"floor":26,"key":"Pen Nib"},{"floor":30,"key":"Incense Burner"}],"event_choices":[{"damage_healed":0,"gold_gain":0,"player_choice":"Entered Light","damage_taken":15,"max_hp_gain":0,"max_hp_loss":0,"event_name":"Shining Light","floor":2,"gold_loss":0,"cards_upgraded":["Defend_G","Strike_G"]},{"damage_healed":0,"gold_gain":0,"player_choice":"Take Wound","damage_taken":0,"relics_obtained":["Golden Idol"],"max_hp_gain":0,"max_hp_loss":0,"event_name":"Golden Idol","floor":3,"gold_loss":0,"cards_obtained":["Injury"]},{"damage_healed":0,"gold_gain":0,"player_choice":"Ignored","damage_taken":0,"max_hp_gain":0,"max_hp_loss":0,"event_name":"Liars Game","floor":4,"gold_loss":0},{"damage_healed":0,"gold_gain":0,"player_choice":"Success","damage_taken":7,"relics_obtained":["Calipers"],"max_hp_gain":0,"max_hp_loss":0,"event_name":"Scrap Ooze","floor":13,"gold_loss":0},{"damage_healed":0,"gold_gain":0,"player_choice":"Forge","damage_taken":0,"max_hp_gain":0,"max_hp_loss":0,"event_name":"Accursed Blacksmith","floor":20,"gold_loss":0,"cards_upgraded":["Footwork"]},{"damage_healed":0,"gold_gain":0,"player_choice":"Simplicity","damage_taken":0,"max_hp_gain":0,"max_hp_loss":0,"event_name":"Back to Basics","floor":25,"gold_loss":0,"cards_upgraded":["Defend_G","Defend_G","Defend_G","Defend_G","Strike_G","Strike_G","Strike_G","Strike_G"]}],"is_beta":true,"boss_relics":[{"not_picked":["Pandora\u0027s Box","Ectoplasm"],"picked":"White Beast Statue"}],"items_purged_floors":[11],"is_endless":false,"potions_floor_spawned":[8,16,18,21,22,24,28,30,31],"killed_by":"Champ","ascension_level":7}