{"gold_per_floor":[114,68,83,98,98,98,113,113,113,143,143,158,173,173,173,273,273,288,303,318,318,97,112,112,127,127,127,127,157,157,172,172,272,272,287,302,317,317,332,332,362,377,377,377,97,97,97,112,112,112],"floor_reached":51,"playtime":2956,"items_purged":[],"score":801,"play_id":"96e199f9-c1b3-4ac9-b564-b55a35648d9e","local_time":"20180710234903","daily_mods":["Diverse","Vintage","Hoarder"],"is_ascension_mode":false,"campfire_choices":[{"data":"Anger","floor":6,"key":"SMITH"},{"data":"Anger","floor":8,"key":"SMITH"},{"data":"Pommel Strike","floor":11,"key":"SMITH"},{"data":"Pommel Strike","floor":15,"key":"SMITH"},{"data":"Reboot","floor":24,"key":"SMITH"},{"data":"Pain","floor":27,"key":"PURGE"},{"data":"Pain","floor":30,"key":"PURGE"},{"data":"Pain","floor":32,"key":"PURGE"},{"data":"Doubt","floor":40,"key":"PURGE"},{"data":"Reboot","floor":44,"key":"SMITH"},{"data":"Anger","floor":49,"key":"SMITH"}],"neow_cost":"","seed_source_timestamp":40261748548695,"circlet_count":0,"master_deck":["Defend_G+1","Defend_G+1","Defend_G","Defend_G","Defend_G","Strike_G","Strike_G","Strike_G","Strike_G","Survivor","Neutralize+1","Anger+1","Anger+1","Anger+1","Pommel Strike+1","Pommel Strike+1","Pommel Strike+1","Reboot+1","Reboot+1","Reboot+1","Clumsy","Clumsy","Clumsy","Inflame+1","Inflame+1","Inflame+1","Double Tap+1","Double Tap+1","Double Tap+1","Terror+1","Terror+1","Terror+1"],"special_seed":17722,"relics":["Ring of the Snake","Darkstone Periapt","Happy Flower","Mercury Hourglass","Bottled Flame","Letter Opener","Orichalcum","Pen Nib","Frozen Egg 2","Pantograph","Calling Bell","Bronze Scales","Smiling Mask","Du-Vu Doll","Blood Vial","The Specimen","Vajra","Whetstone","Toxic Egg 2","Peace Pipe","Tough Bandages","Centennial Puzzle","Kunai","Potion Belt","Empty Cage","Ornamental Fan","The Courier","War Paint","Sundial","Omamori","Bag of Marbles","Strawberry","Oddly Smooth Stone","Bag of Preparation","ClockworkSouvenir","Lantern","Ice Cream"],"potions_floor_usage":[16,16,33,33],"damage_taken":[{"damage":2,"enemies":"Cultist","floor":1,"turns":4},{"damage":3,"enemies":"Small Slimes","floor":3,"turns":3},{"damage":0,"enemies":"Jaw Worm","floor":4,"turns":3},{"damage":2,"enemies":"Looter","floor":7,"turns":3},{"damage":6,"enemies":"3 Sentries","floor":10,"turns":6},{"damage":0,"enemies":"3 Louse","floor":12,"turns":2},{"damage":0,"enemies":"2 Fungi Beasts","floor":13,"turns":1},{"damage":50,"enemies":"The Guardian","floor":16,"turns":11},{"damage":3,"enemies":"Chosen","floor":18,"turns":1},{"damage":4,"enemies":"2 Thieves","floor":19,"turns":1},{"damage":10,"enemies":"Snake Plant","floor":20,"turns":1},{"damage":5,"enemies":"Centurion and Healer","floor":23,"turns":2},{"damage":4,"enemies":"3 Cultists","floor":25,"turns":2},{"damage":21,"enemies":"Gremlin Leader","floor":29,"turns":2},{"damage":11,"enemies":"Snake Plant","floor":31,"turns":2},{"damage":14,"enemies":"Champ","floor":33,"turns":5},{"damage":11,"enemies":"3 Shapes","floor":35,"turns":3},{"damage":8,"enemies":"3 Darklings","floor":36,"turns":3},{"damage":0,"enemies":"Maw","floor":37,"turns":5},{"damage":0,"floor":38,"turns":3},{"damage":4,"enemies":"4 Shapes","floor":39,"turns":2},{"damage":0,"enemies":"Giant Head","floor":41,"turns":2},{"damage":0,"enemies":"Sphere and 2 Shapes","floor":42,"turns":2},{"damage":0,"enemies":"3 Darklings","floor":48,"turns":1},{"damage":45,"enemies":"Time Eater","floor":50,"turns":5}],"seed_played":"-163716102511872118","potions_obtained":[{"floor":7,"key":"SteroidPotion"},{"floor":10,"key":"EssenceOfSteel"},{"floor":16,"key":"GamblersBrew"},{"floor":18,"key":"Energy Potion"},{"floor":23,"key":"PowerPotion"},{"floor":33,"key":"Regen Potion"},{"floor":37,"key":"FairyPotion"},{"floor":39,"key":"SpeedPotion"},{"floor":42,"key":"LiquidBronze"},{"floor":48,"key":"PowerPotion"}],"is_trial":false,"path_per_floor":["M","$","M","M","?","R","M","R","T","E","R","M","M","?","R","B",null,"M","M","M","?","$","M","R","M","T","R","$","E","R","M","R","B",null,"M","M","M","?","M","R","E","M","T","R","$","T","?","M","R","B"],"character_chosen":"THE_SILENT","items_purchased":["Anger","Inflame+1","Whetstone","Bag of Preparation","ClockworkSouvenir"],"campfire_rested":0,"item_purchase_floors":[2,22,22,45,45],"current_hp_per_floor":[68,68,65,65,58,58,56,56,56,50,50,50,50,55,55,5,93,90,88,80,80,80,77,77,75,75,75,75,56,56,47,47,60,93,82,76,78,93,89,89,91,100,100,100,100,100,100,100,100,55],"gold":112,"neow_bonus":"","is_prod":false,"is_daily":true,"chose_seed":false,"campfire_upgraded":7,"win_rate":0,"timestamp":1531232343,"path_taken":["M","$","M","M","?","R","M","R","T","E","R","M","M","?","R","BOSS","M","M","M","?","$","M","R","M","T","R","?","E","R","M","R","BOSS","M","M","M","?","M","R","E","M","T","R","$","?","?","M","R","BOSS"],"build_version":"2018-07-05","purchased_purges":0,"victory":true,"max_hp_per_floor":[70,70,70,70,70,70,70,70,70,70,70,70,70,75,75,75,93,93,93,93,93,93,93,93,93,93,93,93,93,93,93,93,93,93,93,93,93,93,93,93,93,100,100,100,100,100,100,100,100,100],"card_choices":[{"not_picked":["Hologram","Slice"],"picked":"Pommel Strike","floor":10},{"not_picked":["Buffer+1","Core Surge"],"picked":"Reboot","floor":16},{"not_picked":["Compile Driver","Hemokinesis","Deadly Poison+1"],"picked":"SKIP","floor":29},{"not_picked":["Buffer+1","Amplify+1"],"picked":"Double Tap+1","floor":33},{"not_picked":["Hologram+1","Storm+1"],"picked":"Terror+1","floor":38},{"not_picked":["Compile Driver+1","Cleave+1","Fire Breathing+1"],"picked":"SKIP","floor":41}],"player_experience":75470,"relics_obtained":[{"floor":1,"key":"Darkstone Periapt"},{"floor":3,"key":"Happy Flower"},{"floor":4,"key":"Mercury Hourglass"},{"floor":7,"key":"Bottled Flame"},{"floor":9,"key":"Letter Opener"},{"floor":10,"key":"Orichalcum"},{"floor":12,"key":"Pen Nib"},{"floor":13,"key":"Frozen Egg 2"},{"floor":16,"key":"Pantograph"},{"floor":17,"key":"Bronze Scales"},{"floor":17,"key":"Smiling Mask"},{"floor":17,"key":"Du-Vu Doll"},{"floor":18,"key":"Blood Vial"},{"floor":19,"key":"The Specimen"},{"floor":20,"key":"Vajra"},{"floor":23,"key":"Toxic Egg 2"},{"floor":25,"key":"Peace Pipe"},{"floor":26,"key":"Tough Bandages"},{"floor":29,"key":"Centennial Puzzle"},{"floor":31,"key":"Kunai"},{"floor":33,"key":"Potion Belt"},{"floor":35,"key":"Ornamental Fan"},{"floor":36,"key":"The Courier"},{"floor":37,"key":"War Paint"},{"floor":38,"key":"Sundial"},{"floor":39,"key":"Omamori"},{"floor":41,"key":"Bag of Marbles"},{"floor":42,"key":"Strawberry"},{"floor":43,"key":"Oddly Smooth Stone"},{"floor":46,"key":"Lantern"},{"floor":48,"key":"Ice Cream"}],"event_choices":[{"event_name":"Golden Wing","player_choice":"Card Removal","floor":5,"damage_taken":0},{"event_name":"Big Fish","player_choice":"Donut","floor":14,"damage_taken":0},{"event_name":"Fountain of Cleansing","player_choice":"Ignored","floor":21,"damage_taken":0},{"event_name":"MindBloom","player_choice":"Fight","floor":38,"damage_taken":0},{"event_name":"Accursed Blacksmith","player_choice":"Forge","floor":47,"damage_taken":0}],"boss_relics":[{"not_picked":["Philosopher\u0027s Stone","Fusion Hammer"],"picked":"Calling Bell"},{"not_picked":["Orrery","Sozu"],"picked":"Empty Cage"}],"items_purged_floors":[],"is_endless":false,"potions_floor_spawned":[7,10,16,18,23,25,29,33,37,39,42,48],"ascension_level":0}