{"gold_per_floor":[118,129,54,64,64,64,90,90,90,123,123,138,32,46,46,46],"floor_reached":16,"playtime":678,"items_purged":["Strike_R"],"score":116,"play_id":"7f0b0afc-50b9-4cd5-a9b1-5b1810f2a860","local_time":"20190214192125","is_ascension_mode":true,"campfire_choices":[{"data":"Infernal Blade","floor":6,"key":"SMITH"},{"floor":8,"key":"DIG"},{"floor":11,"key":"DIG"},{"data":"Armaments","floor":15,"key":"SMITH"}],"neow_cost":"NONE","seed_source_timestamp":30162620125639,"circlet_count":0,"master_deck":["Strike_R","Strike_R","Defend_R","Defend_R","Defend_R","Bash","Searing Blow+1","Clothesline+1","Thunderclap+1","Headbutt","Infernal Blade+1","Cleave","Pommel Strike+1","Uppercut+1","Shrug It Off","Armaments+1"],"relics":["Astrolabe","Shovel","Meat on the Bone","The Courier","Sundial","Molten Egg 2"],"potions_floor_usage":[16],"damage_taken":[{"damage":4,"enemies":"Cultist","floor":1,"turns":3},{"damage":2,"enemies":"2 Louse","floor":2,"turns":2},{"damage":0,"enemies":"Small Slimes","floor":4,"turns":3},{"damage":26,"enemies":"3 Sentries","floor":7,"turns":6},{"damage":25,"enemies":"Lagavulin","floor":10,"turns":5},{"damage":6,"enemies":"2 Fungi Beasts","floor":12,"turns":3},{"damage":0,"enemies":"3 Louse","floor":14,"turns":2},{"damage":42,"enemies":"Hexaghost","floor":16,"turns":11}],"seed_played":"7623635007957228756","potions_obtained":[{"floor":1,"key":"FearPotion"},{"floor":5,"key":"SpeedPotion"},{"floor":5,"key":"Ancient Potion"},{"floor":7,"key":"EssenceOfSteel"}],"is_trial":false,"path_per_floor":["M","M","$","M","?","R","E","R","T","E","R","M","$","M","R","B"],"character_chosen":"IRONCLAD","items_purchased":["Uppercut+1","Shrug It Off","Armaments"],"campfire_rested":0,"item_purchase_floors":[13,13,13],"current_hp_per_floor":[76,74,74,74,74,74,48,48,48,35,35,41,41,41,41,0],"gold":46,"neow_bonus":"BOSS_RELIC","is_prod":false,"is_daily":false,"chose_seed":false,"campfire_upgraded":2,"win_rate":0,"timestamp":1550168485,"path_taken":["M","?","$","M","?","R","E","R","T","E","R","M","$","M","R","BOSS"],"build_version":"2019-01-23","purchased_purges":1,"victory":false,"max_hp_per_floor":[80,80,80,80,80,80,80,80,80,80,80,80,80,80,80,80],"card_choices":[{"not_picked":["Bloodletting","Heavy Blade"],"picked":"Headbutt","floor":1},{"not_picked":["Anger","Thunderclap"],"picked":"Infernal Blade","floor":2},{"not_picked":["Wild Strike","Clash","Brutality"],"picked":"SKIP","floor":4},{"not_picked":["Heavy Blade","Rampage"],"picked":"Cleave","floor":7},{"not_picked":["Rage","Clothesline","Havoc"],"picked":"SKIP","floor":10},{"not_picked":["Body Slam+1","Perfected Strike+1"],"picked":"Pommel Strike+1","floor":12},{"not_picked":["Warcry","Anger+1","Flex"],"picked":"SKIP","floor":14}],"player_experience":89181,"relics_obtained":[{"floor":7,"key":"Shovel"},{"floor":8,"key":"Meat on the Bone"},{"floor":9,"key":"The Courier"},{"floor":10,"key":"Sundial"},{"floor":11,"key":"Molten Egg 2"}],"event_choices":[{"damage_healed":0,"gold_gain":0,"player_choice":"Got Potions","damage_taken":0,"max_hp_gain":0,"max_hp_loss":0,"event_name":"Lab","floor":5,"gold_loss":0}],"is_beta":false,"boss_relics":[],"items_purged_floors":[3],"is_endless":false,"potions_floor_spawned":[1,7,12],"killed_by":"Hexaghost","ascension_level":1}