{"gold_per_floor":[99,99,99,99,99,99,99,99,99,99,99,47,17,17],"floor_reached":14,"playtime":480,"items_purged":[],"score":143,"play_id":"8a9f9825-9b43-4ab4-bc29-16e645f1f99c","local_time":"20180806144413","is_ascension_mode":true,"campfire_choices":[{"floor":11,"key":"REST"}],"neow_cost":"NONE","seed_source_timestamp":1026744254618079,"circlet_count":0,"master_deck":["Strike_B","Strike_B","Strike_B+1","Strike_B","Defend_B","Defend_B","Defend_B+1","Defend_B","Zap","Dualcast","AscendersBane","Sweeping Beam","Blizzard","Cold Snap","Loop","Beam Cell","Leap","Genetic Algorithm","Coolheaded","Hologram"],"relics":["Ectoplasm","Golden Idol","Odd Mushroom","Bottled Lightning"],"potions_floor_usage":[6,7],"damage_taken":[{"damage":1,"enemies":"Cultist","floor":1,"turns":4},{"damage":10,"enemies":"Small Slimes","floor":2,"turns":2},{"damage":3,"enemies":"2 Louse","floor":5,"turns":2},{"damage":0,"enemies":"2 Fungi Beasts","floor":6,"turns":2},{"damage":15,"floor":7,"turns":3},{"damage":6,"enemies":"3 Louse","floor":8,"turns":4},{"damage":10,"enemies":"Exordium Wildlife","floor":10,"turns":5},{"damage":12,"enemies":"Looter","floor":13,"turns":3},{"damage":24,"enemies":"Exordium Thugs","floor":14,"turns":2}],"seed_played":"3377419996466086724","potions_obtained":[{"floor":2,"key":"AttackPotion"},{"floor":5,"key":"Poison Potion"},{"floor":10,"key":"Swift Potion"},{"floor":13,"key":"Dexterity Potion"}],"is_trial":false,"path_per_floor":["M","M","?","?","M","M","?","M","T","M","R","$","M"],"character_chosen":"DEFECT","items_purchased":["Coolheaded"],"campfire_rested":1,"item_purchase_floors":[12],"current_hp_per_floor":[63,53,53,40,37,37,22,16,16,6,25,25,13,0],"gold":17,"neow_bonus":"BOSS_RELIC","is_prod":false,"is_daily":false,"chose_seed":false,"campfire_upgraded":0,"win_rate":0,"timestamp":1533581053,"path_taken":["M","M","?","?","M","M","?","M","T","M","R","?","M","M"],"build_version":"2018-08-02","purchased_purges":0,"victory":false,"max_hp_per_floor":[71,71,66,66,66,66,66,66,66,66,66,66,66,66],"card_choices":[{"not_picked":["Compile Driver","Darkness"],"picked":"Sweeping Beam","floor":1},{"not_picked":["Turbo","Rebound"],"picked":"Blizzard","floor":2},{"not_picked":["Gash","FTL"],"picked":"Cold Snap","floor":5},{"not_picked":["Steam Power","Rip and Tear"],"picked":"Loop","floor":6},{"not_picked":["Stack","Turbo"],"picked":"Beam Cell","floor":7},{"not_picked":["Go for the Eyes","Hologram"],"picked":"Leap","floor":8},{"not_picked":["Recycle","Undo"],"picked":"Genetic Algorithm","floor":10},{"not_picked":["Heatsinks","Rip and Tear"],"picked":"Hologram","floor":13}],"player_experience":1460491,"relics_obtained":[{"floor":7,"key":"Odd Mushroom"},{"floor":9,"key":"Bottled Lightning"}],"event_choices":[{"event_name":"Golden Idol","player_choice":"Lose Max HP","floor":3,"damage_taken":0},{"event_name":"Shining Light","player_choice":"Entered Light","floor":4,"damage_taken":0},{"event_name":"Mushrooms","player_choice":"Fought Mushrooms","floor":7,"damage_taken":0}],"is_beta":false,"boss_relics":[],"items_purged_floors":[],"is_endless":false,"potions_floor_spawned":[2,5,10,13],"killed_by":"Exordium Thugs","ascension_level":14}