{"gold_per_floor":[146,18,33,53,53,53,153,179,226,226,238,86,105,115,115,210,210,220,220,220,237,2,2,2,15,40,59,77,5,31,54,54,54],"floor_reached":33,"playtime":1339,"items_purged":["Strike_R","Defend_R"],"score":347,"play_id":"a1d6e077-ec8a-4ec4-8805-22aefb2f3590","local_time":"20180714203704","is_ascension_mode":true,"campfire_choices":[{"data":"Infernal Blade","floor":6,"key":"SMITH"},{"data":"Havoc","floor":10,"key":"SMITH"},{"floor":15,"key":"REST"},{"floor":24,"key":"REST"},{"floor":32,"key":"REST"}],"neow_cost":"NONE","seed_source_timestamp":78189988476420,"circlet_count":0,"master_deck":["Strike_R","Strike_R","Strike_R","Strike_R","Defend_R","Defend_R","Defend_R","Bash","Infernal Blade+1","Shrug It Off","Blood for Blood","Carnage","Havoc+1","Clash","Inflame","Demon Form","Clothesline","Warcry","Bludgeon","Warcry","Havoc","Impervious"],"relics":["Burning Blood","Tiny Chest","Lantern","Omamori","Pen Nib","Fusion Hammer","Blood Vial","Ancient Tea Set","Centennial Puzzle"],"potions_floor_usage":[8,11,30],"damage_taken":[{"damage":1,"enemies":"Cultist","floor":1,"turns":3},{"damage":0,"enemies":"Small Slimes","floor":3,"turns":3},{"damage":13,"enemies":"Jaw Worm","floor":4,"turns":4},{"damage":32,"enemies":"Gremlin Nob","floor":8,"turns":4},{"damage":1,"enemies":"3 Louse","floor":11,"turns":2},{"damage":15,"enemies":"Gremlin Gang","floor":13,"turns":5},{"damage":0,"enemies":"Red Slaver","floor":14,"turns":1},{"damage":38,"enemies":"Slime Boss","floor":16,"turns":6},{"damage":4,"enemies":"Chosen","floor":18,"turns":3},{"damage":9,"enemies":"Shell Parasite","floor":21,"turns":3},{"damage":0,"enemies":"Snake Plant","floor":25,"turns":2},{"damage":0,"enemies":"Centurion and Healer","floor":27,"turns":3},{"damage":8,"enemies":"Snecko","floor":28,"turns":3},{"damage":42,"enemies":"Gremlin Leader","floor":30,"turns":5},{"damage":83,"enemies":"Automaton","floor":33,"turns":6}],"seed_played":"2112572820698599335","potions_obtained":[{"floor":1,"key":"SmokeBomb"},{"floor":4,"key":"Regen Potion"},{"floor":8,"key":"AttackPotion"},{"floor":11,"key":"SpeedPotion"},{"floor":18,"key":"Fire Potion"}],"is_trial":false,"path_per_floor":["M","$","M","M","?","R","?","E","T","R","M","$","M","M","R","B",null,"M","?","?","M","$","?","R","M","T","M","M","$","E","T","R"],"character_chosen":"IRONCLAD","items_purchased":["Shrug It Off","Pen Nib","Bludgeon","Impervious"],"campfire_rested":3,"item_purchase_floors":[2,12,22,29],"current_hp_per_floor":[77,77,80,73,78,78,78,61,61,61,66,66,57,63,85,53,77,79,79,79,76,76,76,85,85,85,85,83,83,49,49,74,0],"gold":54,"neow_bonus":"RANDOM_COMMON_RELIC","is_prod":false,"is_daily":false,"chose_seed":false,"campfire_upgraded":2,"win_rate":0,"timestamp":1531615024,"path_taken":["M","?","M","M","?","R","?","E","T","R","?","?","M","M","R","BOSS","M","?","?","M","$","?","R","M","T","?","M","$","E","?","R","BOSS"],"build_version":"2018-07-12","purchased_purges":2,"victory":false,"max_hp_per_floor":[80,80,80,80,85,85,85,85,85,85,85,85,85,85,85,85,85,85,85,85,85,85,85,85,85,85,85,85,85,85,85,85,85],"card_choices":[{"not_picked":["Flame Barrier","Havoc"],"picked":"Infernal Blade","floor":1},{"not_picked":["Headbutt","Perfected Strike"],"picked":"Blood for Blood","floor":3},{"not_picked":["Intimidate","Twin Strike"],"picked":"Carnage","floor":4},{"not_picked":["Carnage","Clothesline"],"picked":"Havoc","floor":8},{"not_picked":["Anger","Twin Strike","Armaments"],"picked":"SKIP","floor":11},{"not_picked":["Sword Boomerang","Twin Strike"],"picked":"Clash","floor":13},{"not_picked":["Disarm","Anger"],"picked":"Inflame","floor":14},{"not_picked":["Impervious","Feed"],"picked":"Demon Form","floor":16},{"not_picked":["Thunderclap+1","Iron Wave"],"picked":"Clothesline","floor":18},{"not_picked":["Perfected Strike+1","Wild Strike+1","Bloodletting+1"],"picked":"SKIP","floor":21},{"not_picked":["Heavy Blade","True Grit+1","Clothesline"],"picked":"SKIP","floor":25},{"not_picked":["Clash+1","Sword Boomerang"],"picked":"Warcry","floor":27},{"not_picked":["Dropkick","Body Slam"],"picked":"Havoc","floor":28},{"not_picked":["True Grit","Second Wind","Corruption"],"picked":"SKIP","floor":30}],"player_experience":1101321,"relics_obtained":[{"floor":8,"key":"Lantern"},{"floor":9,"key":"Omamori"},{"floor":26,"key":"Blood Vial"},{"floor":30,"key":"Ancient Tea Set"},{"floor":31,"key":"Centennial Puzzle"}],"event_choices":[{"event_name":"Big Fish","player_choice":"Donut","floor":5,"damage_taken":0},{"event_name":"Golden Shrine","player_choice":"Pray","floor":7,"damage_taken":0},{"event_name":"Vampires","player_choice":"Ignored","floor":19,"damage_taken":0},{"event_name":"The Library","player_choice":"Read","floor":20,"damage_taken":0},{"event_name":"Addict","player_choice":"Ignored","floor":23,"damage_taken":0}],"boss_relics":[{"not_picked":["Ectoplasm","White Beast Statue"],"picked":"Fusion Hammer"}],"items_purged_floors":[2,22],"is_endless":false,"potions_floor_spawned":[1,4,8,11,18],"killed_by":"Automaton","ascension_level":6}