{"gold_per_floor":[114,289,307,67,97,97,97,112,112,112,147,13,13,29,29,29],"floor_reached":16,"playtime":515,"items_purged":["Doubt","Strike_B"],"score":157,"play_id":"25c36ff4-427d-4838-8770-612f1b5aad73","local_time":"20190119085537","is_ascension_mode":true,"campfire_choices":[{"data":"Zap","floor":7.0,"key":"SMITH"},{"data":"Dualcast","floor":10.0,"key":"SMITH"},{"data":"White Noise","floor":13.0,"key":"SMITH"},{"data":"Seek","floor":15.0,"key":"SMITH"}],"neow_cost":"NONE","seed_source_timestamp":1238870048775320,"circlet_count":0,"master_deck":["AscendersBane","Strike_B","Strike_B","Defend_B","Defend_B","Defend_B","Defend_B","Zap+1","Dualcast+1","Cold Snap","Self Repair","Seek+1","Rebound","White Noise+1","Static Discharge+1","Static Discharge+1"],"special_seed":0,"relics":["Cracked Core","Tiny Chest","Frozen Egg 2","WingedGreaves"],"potions_floor_usage":[16],"damage_taken":[{"damage":2.0,"enemies":"Jaw Worm","floor":1.0,"turns":3.0},{"damage":3.0,"enemies":"2 Louse","floor":3.0,"turns":3.0},{"damage":0.0,"enemies":"Cultist","floor":8.0,"turns":3.0},{"damage":43.0,"enemies":"Gremlin Nob","floor":11.0,"turns":5.0},{"damage":7.0,"enemies":"Red Slaver","floor":14.0,"turns":2.0},{"damage":28,"enemies":"Slime Boss","floor":16,"turns":8}],"seed_played":"-7488532995148961625","potions_obtained":[{"floor":3.0,"key":"SpeedPotion"}],"is_trial":false,"path_per_floor":["M","?","M","$","?","$","R","M","T","R","E","$","R","M","R","B"],"character_chosen":"DEFECT","items_purchased":["Seek","Rebound","Static Discharge+1"],"campfire_rested":0,"item_purchase_floors":[4,4,12],"current_hp_per_floor":[66,66,63,63,63,63,63,70,70,70,27,27,27,20,20,0],"gold":29,"neow_bonus":"REMOVE_CARD","is_prod":false,"is_daily":false,"chose_seed":false,"campfire_upgraded":4,"win_rate":0,"timestamp":1547855737,"path_taken":["M","?","M","$","?","$","R","?","T","R","E","?","R","M","R","BOSS"],"build_version":"2019-01-17v2","purchased_purges":2,"victory":false,"max_hp_per_floor":[75,75,75,75,75,75,75,75,75,75,75,75,75,75,75,75],"card_choices":[{"not_picked":["Redo","Heatsinks"],"picked":"Cold Snap","floor":1.0},{"not_picked":["Redo","Auto Shields"],"picked":"Self Repair","floor":3.0},{"not_picked":["Sweeping Beam","Turbo"],"picked":"White Noise","floor":8.0},{"not_picked":["Cold Snap","Coolheaded","Skim"],"picked":"SKIP","floor":11.0},{"not_picked":["Recycle","Leap"],"picked":"Static Discharge+1","floor":14.0}],"player_experience":407110,"relics_obtained":[{"floor":5.0,"key":"Tiny Chest"},{"floor":9.0,"key":"Frozen Egg 2"},{"floor":11.0,"key":"WingedGreaves"}],"event_choices":[{"damage_healed":0.0,"max_hp_gain":0.0,"max_hp_loss":0.0,"gold_gain":175.0,"event_name":"Liars Game","player_choice":"AGREE","floor":2.0,"gold_loss":0.0,"damage_taken":0.0,"cards_obtained":["Doubt"]},{"damage_healed":0.0,"max_hp_gain":0.0,"max_hp_loss":0.0,"gold_gain":0.0,"event_name":"Wheel of Change","player_choice":"Relic","floor":5.0,"gold_loss":0.0,"damage_taken":0.0}],"is_beta":false,"boss_relics":[],"items_purged_floors":[4,12],"is_endless":false,"potions_floor_spawned":[3],"killed_by":"Slime Boss","ascension_level":12}