{"gold_per_floor":[116,128,203,203,216,227,274,67,137,137,169,169,189,24,24,103,103,114,132,142,192,208,240,255,47,74,74,74,97,116,116],"floor_reached":31,"playtime":5991,"items_purged":[],"score":488,"play_id":"d68b7f5a-c1e1-4bd2-b228-5b43bb8f207c","local_time":"20190121214414","is_ascension_mode":true,"campfire_choices":[{"floor":10.0,"key":"REST"},{"floor":12.0,"key":"REST"},{"floor":15.0,"key":"REST"}],"neow_cost":"NONE","seed_source_timestamp":0,"circlet_count":0,"master_deck":["AscendersBane","Strike_B","Strike_B","Strike_B","Defend_B","Defend_B+1","Defend_B","Defend_B","Zap","Dualcast","Chill+1","Leap","Ball Lightning","Consume","Electrodynamics","Coolheaded","Chill","Thunder Strike","Reboot","Steam","Static Discharge","Coolheaded","Leap","BootSequence","Leap"],"special_seed":0,"relics":["Cracked Core","NeowsBlessing","War Paint","Meat on the Bone","Centennial Puzzle","PreservedInsect","Inserter","Ornamental Fan","Blood Vial","Orichalcum","Anchor"],"potions_floor_usage":[20,24,31],"damage_taken":[{"damage":0.0,"enemies":"Jaw Worm","floor":1.0,"turns":1.0},{"damage":0.0,"enemies":"Small Slimes","floor":2.0,"turns":1.0},{"damage":0.0,"enemies":"Cultist","floor":5.0,"turns":1.0},{"damage":16.0,"enemies":"Exordium Thugs","floor":6.0,"turns":5.0},{"damage":28.0,"enemies":"Lagavulin","floor":11.0,"turns":6.0},{"damage":0.0,"enemies":"3 Louse","floor":13.0,"turns":3.0},{"damage":57.0,"enemies":"Hexaghost","floor":16.0,"turns":11.0},{"damage":12.0,"enemies":"2 Thieves","floor":18.0,"turns":2.0},{"damage":4.0,"enemies":"Chosen","floor":19.0,"turns":6.0},{"damage":7,"enemies":"Sentry and Sphere","floor":20,"turns":4},{"damage":21,"enemies":"Chosen and Byrds","floor":22,"turns":5},{"damage":25,"enemies":"Gremlin Leader","floor":23,"turns":6},{"damage":10,"enemies":"Centurion and Healer","floor":24,"turns":8},{"damage":53,"enemies":"3 Cultists","floor":30,"turns":5},{"damage":53,"enemies":"Cultist and Chosen","floor":31,"turns":5}],"seed_played":"-4340352441013042684","potions_obtained":[{"floor":1.0,"key":"Energy Potion"},{"floor":5.0,"key":"FearPotion"},{"floor":19.0,"key":"AttackPotion"},{"floor":20,"key":"Strength Potion"},{"floor":30,"key":"Regen Potion"}],"is_trial":false,"path_per_floor":["M","M","?","?","M","M","T","$","T","R","E","R","M","$","R","B",null,"M","M","M","?","M","E","M","$","T","?","$","T","M","M"],"character_chosen":"DEFECT","items_purchased":["Electrodynamics","Coolheaded","PreservedInsect","BootSequence","Blood Vial"],"campfire_rested":3,"item_purchase_floors":[8,8,14,25,25],"current_hp_per_floor":[64,64,53,46,46,30,30,30,30,51,35,56,56,56,71,26,60,48,44,37,37,28,15,17,17,17,71,71,71,30,0],"gold":116,"neow_bonus":"THREE_ENEMY_KILL","is_prod":false,"is_daily":false,"chose_seed":false,"campfire_upgraded":0,"win_rate":0,"timestamp":1548125054,"path_taken":["M","M","?","?","M","M","?","$","T","R","E","R","?","?","R","BOSS","M","M","M","?","M","E","?","$","T","?","$","?","M","M"],"build_version":"2019-01-17v2","purchased_purges":0,"victory":false,"max_hp_per_floor":[71,71,71,71,71,71,71,71,71,71,71,71,71,71,71,71,71,71,71,71,71,71,71,71,71,71,71,71,71,71,71],"card_choices":[{"not_picked":["Barrage","Turbo"],"picked":"Chill","floor":1.0},{"not_picked":["Sweeping Beam","Ball Lightning"],"picked":"Leap","floor":2.0},{"not_picked":["Compile Driver","Skim"],"picked":"Ball Lightning","floor":5.0},{"not_picked":["Lockon","Stack"],"picked":"Consume","floor":6.0},{"not_picked":["Reinforced Body","Hologram"],"picked":"Chill","floor":11.0},{"not_picked":["Barrage","Tempest"],"picked":"Thunder Strike","floor":13.0},{"not_picked":["Amplify","Thunder Strike"],"picked":"Reboot","floor":16.0},{"not_picked":["Blizzard","Scrape+1"],"picked":"Steam","floor":18.0},{"not_picked":["Undo","Cold Snap"],"picked":"Static Discharge","floor":19.0},{"not_picked":["Skim","Redo","Lockon"],"picked":"SKIP","floor":20},{"not_picked":["Hello World","Compile Driver"],"picked":"Coolheaded","floor":22},{"not_picked":["Blizzard","Rip and Tear+1","Aggregate"],"picked":"SKIP","floor":23},{"not_picked":["Gash","Compile Driver"],"picked":"Leap","floor":24},{"not_picked":["Compile Driver","Ball Lightning"],"picked":"Leap","floor":30}],"player_experience":2194703,"relics_obtained":[{"floor":7.0,"key":"War Paint"},{"floor":9.0,"key":"Meat on the Bone"},{"floor":11.0,"key":"Centennial Puzzle"},{"floor":23,"key":"Ornamental Fan"},{"floor":26,"key":"Orichalcum"},{"floor":29,"key":"Anchor"}],"event_choices":[{"damage_healed":0.0,"max_hp_gain":0.0,"max_hp_loss":0.0,"gold_gain":75.0,"event_name":"World of Goop","player_choice":"Gather Gold","floor":3.0,"gold_loss":0.0,"damage_taken":11.0},{"cards_removed":["Strike_B"],"damage_healed":0.0,"max_hp_gain":0.0,"max_hp_loss":0.0,"gold_gain":0.0,"event_name":"Golden Wing","player_choice":"Card Removal","floor":4.0,"gold_loss":0.0,"damage_taken":7.0},{"damage_healed":0,"gold_gain":50,"player_choice":"Pray","damage_taken":0,"max_hp_gain":0,"max_hp_loss":0,"event_name":"Golden Shrine","floor":21,"gold_loss":0},{"damage_healed":54,"gold_gain":0,"player_choice":"Full Heal","damage_taken":0,"max_hp_gain":0,"max_hp_loss":0,"event_name":"Wheel of Change","floor":27,"gold_loss":0}],"is_beta":false,"boss_relics":[{"not_picked":["Sozu","Busted Crown"],"picked":"Inserter"}],"items_purged_floors":[],"is_endless":false,"potions_floor_spawned":[1,5,6,19,20,30],"killed_by":"Cultist and Chosen","ascension_level":18}