{"gold_per_floor":[131,143,155,184,216,262,274,298,337,368,11,0,16,16,16,121,121,103,103,103,123,7,36,36,65,65,65,76,76,95,105,105,206,206,222,232,232,246,246,274,274,24,24,24],"floor_reached":44,"playtime":3033,"items_purged":["Regret"],"score":694,"play_id":"f0aafeeb-9847-4976-91f3-59f68b3cd198","local_time":"20180722234653","is_ascension_mode":true,"campfire_choices":[{"floor":7,"key":"REST"},{"floor":15,"key":"REST"},{"data":"Crippling Poison","floor":24,"key":"SMITH"},{"floor":27,"key":"REST"},{"data":"Catalyst","floor":29,"key":"SMITH"},{"data":"Wraith Form v2","floor":32,"key":"SMITH"},{"floor":41,"key":"REST"}],"neow_cost":"NONE","seed_source_timestamp":278831380138260,"circlet_count":0,"master_deck":["Defend_G+1","Defend_G+1","Defend_G+1","Defend_G+1","Defend_G+1","Strike_G+1","Strike_G+1","Strike_G+1","Strike_G+1","Survivor","Neutralize","Catalyst+1","Crippling Poison+1","Infinite Blades","Wraith Form v2+1","All Out Attack","Poisoned Stab","Cloak And Dagger","Envenom","Cloak And Dagger","Bane","Storm of Steel","Reflex+1","Infinite Blades","Calculated Gamble","PiercingWail","Deflect","Blade Dance","Accuracy+1","Night Terror","Endless Agony+1","Poisoned Stab","Madness","Deadly Poison+1","Panache","PiercingWail+1"],"relics":["Ring of the Snake","MawBank","Bag of Preparation","Orichalcum","Boot","Torii","Runic Pyramid","Bottled Lightning","Nunchaku","Ninja Scroll","HoveringKite","Toxic Egg 2","Thread and Needle"],"potions_floor_usage":[5,6,8,23,28,33,40,40,44],"damage_taken":[{"damage":4,"enemies":"Jaw Worm","floor":1,"turns":5},{"damage":4,"enemies":"Small Slimes","floor":4,"turns":5},{"damage":4,"enemies":"Cultist","floor":5,"turns":4},{"damage":28,"enemies":"3 Sentries","floor":6,"turns":9},{"damage":18,"enemies":"Large Slime","floor":8,"turns":9},{"damage":1,"enemies":"Exordium Wildlife","floor":10,"turns":3},{"damage":0,"enemies":"3 Louse","floor":13,"turns":4},{"damage":22,"enemies":"Hexaghost","floor":16,"turns":12},{"damage":9,"enemies":"2 Thieves","floor":18,"turns":4},{"damage":2,"enemies":"Shell Parasite","floor":21,"turns":5},{"damage":4,"enemies":"Book of Stabbing","floor":23,"turns":7},{"damage":17,"enemies":"Gremlin Leader","floor":25,"turns":7},{"damage":7,"enemies":"Snake Plant","floor":28,"turns":5},{"damage":0,"enemies":"Centurion and Healer","floor":30,"turns":4},{"damage":1,"enemies":"Cultist and Chosen","floor":31,"turns":4},{"damage":10,"enemies":"Automaton","floor":33,"turns":8},{"damage":0,"enemies":"Orb Walker","floor":35,"turns":5},{"damage":1,"enemies":"3 Shapes","floor":36,"turns":3},{"damage":16,"enemies":"Maw","floor":38,"turns":6},{"damage":38,"enemies":"Nemesis","floor":40,"turns":6},{"damage":51,"enemies":"Giant Head","floor":44,"turns":6}],"seed_played":"-684030868615000057","potions_obtained":[{"floor":1,"key":"Energy Potion"},{"floor":5,"key":"Fire Potion"},{"floor":6,"key":"Energy Potion"},{"floor":13,"key":"GamblersBrew"},{"floor":25,"key":"GamblersBrew"},{"floor":28,"key":"Ancient Potion"},{"floor":33,"key":"Energy Potion"},{"floor":36,"key":"Strength Potion"},{"floor":40,"key":"SteroidPotion"}],"is_trial":false,"path_per_floor":["M","?","?","M","M","E","R","M","T","M","$","?","M","$","R","B",null,"M","?","?","M","$","E","R","E","T","R","M","R","M","M","R","B",null,"M","M","?","M","?","E","R","$","T"],"character_chosen":"THE_SILENT","items_purchased":["Torii","Infinite Blades","Calculated Gamble","Panache","PiercingWail+1"],"campfire_rested":4,"item_purchase_floors":[11,22,22,42,42],"current_hp_per_floor":[59,45,45,41,37,9,30,12,12,11,11,11,11,11,32,10,55,46,46,46,44,44,40,40,23,23,44,37,37,37,36,36,26,59,59,58,58,42,42,4,25,25,25,0],"gold":24,"neow_bonus":"RANDOM_COMMON_RELIC","is_prod":false,"is_daily":false,"chose_seed":false,"campfire_upgraded":3,"win_rate":0,"timestamp":1532269013,"path_taken":["M","?","?","M","M","E","R","M","T","M","?","?","?","$","R","BOSS","M","?","?","M","$","E","R","E","T","R","M","R","M","M","R","BOSS","M","?","?","M","?","E","R","$","T","E"],"build_version":"2018-07-19v2","purchased_purges":1,"victory":false,"max_hp_per_floor":[70,70,70,70,70,70,70,70,70,70,70,70,70,70,70,70,70,70,70,70,70,70,70,70,70,70,70,70,70,70,70,70,70,70,70,70,70,70,70,70,70,70,70,70],"card_choices":[{"not_picked":["Dagger Spray","Dagger Throw"],"picked":"Catalyst","floor":1},{"not_picked":["Bane","Flying Knee"],"picked":"Crippling Poison","floor":4},{"not_picked":["PiercingWail","Reflex"],"picked":"Infinite Blades","floor":5},{"not_picked":["PiercingWail","Riddle With Holes"],"picked":"Wraith Form v2","floor":6},{"not_picked":["PiercingWail","Quick Slash"],"picked":"All Out Attack","floor":8},{"not_picked":["Backflip","Underhanded Strike"],"picked":"Poisoned Stab","floor":10},{"not_picked":["PiercingWail","Dagger Throw"],"picked":"Cloak And Dagger","floor":13},{"not_picked":["Unload","Glass Knife"],"picked":"Envenom","floor":16},{"not_picked":["Slice","Dodge and Roll"],"picked":"Cloak And Dagger","floor":18},{"not_picked":["Deadly Poison+1","Flying Knee"],"picked":"Reflex+1","floor":21},{"not_picked":["Backflip","Dodge and Roll"],"picked":"PiercingWail","floor":23},{"not_picked":["Dagger Spray","Flying Knee"],"picked":"Deflect","floor":25},{"not_picked":["Tactician","Escape Plan+1"],"picked":"Blade Dance","floor":28},{"not_picked":["Slice","Sucker Punch","Flying Knee"],"picked":"SKIP","floor":30},{"not_picked":["Backstab","PiercingWail"],"picked":"Accuracy+1","floor":31},{"not_picked":["Doppelganger","Die Die Die"],"picked":"Night Terror","floor":33},{"not_picked":["Riddle With Holes","Outmaneuver"],"picked":"Endless Agony+1","floor":35},{"not_picked":["All Out Attack","PiercingWail+1"],"picked":"Poisoned Stab","floor":36},{"not_picked":["Deep Breath","Blind"],"picked":"Madness","floor":37},{"not_picked":["Cloak And Dagger+1","Masterful Stab"],"picked":"Deadly Poison+1","floor":38},{"not_picked":["Dodge and Roll","Prepared","Well Laid Plans"],"picked":"SKIP","floor":40}],"player_experience":235269,"relics_obtained":[{"floor":6,"key":"Orichalcum"},{"floor":9,"key":"Boot"},{"floor":23,"key":"Bottled Lightning"},{"floor":25,"key":"Nunchaku"},{"floor":26,"key":"Ninja Scroll"},{"floor":40,"key":"Toxic Egg 2"},{"floor":43,"key":"Thread and Needle"}],"event_choices":[{"event_name":"Shining Light","player_choice":"Entered Light","floor":2,"damage_taken":0},{"event_name":"Big Fish","player_choice":"Box","floor":3,"damage_taken":0},{"event_name":"World of Goop","player_choice":"Left","floor":12,"damage_taken":0},{"event_name":"Match and Keep!","player_choice":"2 cards matched","floor":19,"damage_taken":0},{"event_name":"Back to Basics","player_choice":"Simplicity","floor":20,"damage_taken":0},{"event_name":"SensoryStone","player_choice":"Memory 1","floor":37,"damage_taken":0},{"event_name":"Purifier","player_choice":"One Purge","floor":39,"damage_taken":0}],"is_beta":false,"boss_relics":[{"not_picked":["Philosopher\u0027s Stone","Tiny House"],"picked":"Runic Pyramid"},{"not_picked":["Coffee Dripper","Orrery"],"picked":"HoveringKite"}],"items_purged_floors":[11],"is_endless":false,"potions_floor_spawned":[1,5,6,13,25,28,33,36,40],"killed_by":"Giant Head","ascension_level":8}