{"gold_per_floor":[111,122,122,139,139,139,61,11,35,52,52,111,111,130,130,233,233,244,244,231,231,258,258,39,138,184,184,184,203,214,234,234,329,329,342,342,354,576,323,352,352,366,366,412,424,443,443,458,458,458],"floor_reached":51,"playtime":2812,"items_purged":["Strike_R","Strike_R"],"score":1216,"play_id":"8969f524-c51f-45fd-a2d2-1b503873fd63","local_time":"20180720133127","is_ascension_mode":true,"campfire_choices":[{"data":"Body Slam","floor":6,"key":"SMITH"},{"data":"Demon Form","floor":11,"key":"SMITH"},{"data":"Armaments","floor":13,"key":"SMITH"},{"floor":15,"key":"REST"},{"floor":23,"key":"REST"},{"floor":27,"key":"REST"},{"floor":32,"key":"REST"},{"floor":41,"key":"DIG"},{"floor":47,"key":"REST"},{"floor":49,"key":"REST"}],"neow_cost":"NONE","seed_source_timestamp":569470816961918,"circlet_count":0,"master_deck":["Defend_R","Defend_R","Defend_R","Defend_R","Bash","Body Slam+1","Pommel Strike","Armaments+1","Flame Barrier","Demon Form+1","Armaments","Warcry","Impervious","Shrug It Off","Iron Wave","Body Slam+1","Intimidate+1","Pommel Strike","Impervious","Body Slam","Juggernaut","Body Slam+1","Rage+1","True Grit+1","Double Tap"],"relics":["Burning Blood","Blood Vial","Red Skull","Tiny Chest","Sozu","Red Mask","Bag of Marbles","Vajra","Mummified Hand","Mark of Pain","Mango","Juzu Bracelet","Shovel","Charon\u0027s Ashes","Self Forming Clay","Boot"],"potions_floor_usage":[22,22],"damage_taken":[{"damage":7,"enemies":"Small Slimes","floor":1,"turns":3},{"damage":11,"enemies":"Cultist","floor":2,"turns":4},{"damage":7,"enemies":"2 Louse","floor":4,"turns":3},{"damage":0,"enemies":"2 Fungi Beasts","floor":10,"turns":4},{"damage":31,"enemies":"3 Sentries","floor":12,"turns":7},{"damage":10,"enemies":"Exordium Wildlife","floor":14,"turns":5},{"damage":69,"enemies":"Slime Boss","floor":16,"turns":10},{"damage":13,"enemies":"3 Byrds","floor":18,"turns":3},{"damage":19,"enemies":"2 Thieves","floor":20,"turns":4},{"damage":51,"floor":22,"turns":6},{"damage":12,"enemies":"Snake Plant","floor":29,"turns":5},{"damage":4,"enemies":"Slaver and Parasite","floor":30,"turns":4},{"damage":8,"enemies":"3 Cultists","floor":31,"turns":6},{"damage":52,"enemies":"Champ","floor":33,"turns":8},{"damage":0,"enemies":"Orb Walker","floor":35,"turns":3},{"damage":15,"floor":36,"turns":5},{"damage":6,"enemies":"3 Darklings","floor":37,"turns":7},{"damage":13,"enemies":"2 Orb Walkers","floor":40,"turns":4},{"damage":5,"enemies":"4 Shapes","floor":42,"turns":5},{"damage":36,"enemies":"Flame Bruiser 2 Orb","floor":45,"turns":4},{"damage":39,"enemies":"3 Darklings","floor":46,"turns":4},{"damage":8,"enemies":"Transient","floor":48,"turns":5},{"damage":74,"enemies":"Awakened One","floor":50,"turns":11}],"seed_played":"4125591000297649531","potions_obtained":[{"floor":1,"key":"Weak Potion"},{"floor":16,"key":"Ancient Potion"}],"is_trial":false,"path_per_floor":["M","M","?","M","?","R","$","?","T","M","R","E","R","M","R","B",null,"M","?","M","?","?","R","$","?","T","R","T","M","M","M","R","B",null,"M","?","M","?","$","E","R","M","T","T","M","M","R","M","R","B"],"character_chosen":"IRONCLAD","items_purchased":["Flame Barrier","Bag of Marbles","Juzu Bracelet"],"campfire_rested":6,"item_purchase_floors":[7,24,39],"current_hp_per_floor":[73,70,70,71,76,76,76,76,76,84,84,60,60,58,83,22,69,64,64,53,53,10,35,35,35,35,60,60,56,60,60,85,39,74,82,89,91,91,91,86,86,89,89,89,61,30,59,59,88,22],"gold":458,"neow_bonus":"RANDOM_COMMON_RELIC","is_prod":false,"is_daily":false,"chose_seed":false,"campfire_upgraded":3,"win_rate":0,"timestamp":1532107887,"path_taken":["M","M","?","M","?","R","$","?","T","M","R","E","R","?","R","BOSS","M","?","?","?","?","R","$","?","T","R","?","M","M","M","R","BOSS","M","?","M","?","$","E","R","M","T","?","M","M","R","M","R","BOSS"],"build_version":"2018-07-19v2","purchased_purges":2,"victory":true,"max_hp_per_floor":[80,80,80,80,85,85,85,85,85,85,85,85,85,85,85,85,85,85,85,85,85,85,85,85,85,85,85,85,85,85,85,85,85,85,85,99,99,99,99,99,99,99,99,99,99,99,99,99,99,99],"card_choices":[{"not_picked":["Burning Pact","Sword Boomerang"],"picked":"Body Slam","floor":1},{"not_picked":["Carnage","Heavy Blade"],"picked":"Pommel Strike","floor":2},{"not_picked":["Sword Boomerang","Fire Breathing"],"picked":"Armaments","floor":4},{"not_picked":["Shrug It Off","Uppercut"],"picked":"Demon Form","floor":10},{"not_picked":["Fiend Fire","Reckless Charge"],"picked":"Armaments","floor":12},{"not_picked":["Rampage","Feel No Pain"],"picked":"Warcry","floor":14},{"not_picked":["Berserk","Offering"],"picked":"Impervious","floor":16},{"not_picked":["Thunderclap","Clothesline"],"picked":"Shrug It Off","floor":18},{"not_picked":["Cleave","Clash"],"picked":"Iron Wave","floor":20},{"not_picked":["Twin Strike+1","Flex"],"picked":"Intimidate+1","floor":22},{"not_picked":["Warcry","Anger"],"picked":"Pommel Strike","floor":29},{"not_picked":["Thunderclap+1","Searing Blow"],"picked":"Impervious","floor":30},{"not_picked":["Armaments","Pummel"],"picked":"Body Slam","floor":31},{"not_picked":["Impervious","Demon Form"],"picked":"Juggernaut","floor":33},{"not_picked":["Blood for Blood+1","Flex+1","Disarm"],"picked":"SKIP","floor":35},{"not_picked":["Shrug It Off","Flex+1"],"picked":"Body Slam+1","floor":36},{"not_picked":["Rupture+1","Rampage+1","Reckless Charge"],"picked":"SKIP","floor":37},{"not_picked":["Armaments+1","Hemokinesis"],"picked":"Rage+1","floor":40},{"not_picked":["Whirlwind","Bloodletting+1"],"picked":"True Grit+1","floor":42},{"not_picked":["Spot Weakness","True Grit","Pommel Strike"],"picked":"SKIP","floor":45},{"not_picked":["Combust","Perfected Strike+1"],"picked":"Double Tap","floor":46},{"not_picked":["Rampage","Burning Pact","Twin Strike"],"picked":"SKIP","floor":48}],"player_experience":1190354,"relics_obtained":[{"floor":9,"key":"Red Skull"},{"floor":12,"key":"Tiny Chest"},{"floor":22,"key":"Red Mask"},{"floor":26,"key":"Vajra"},{"floor":28,"key":"Mummified Hand"},{"floor":36,"key":"Mango"},{"floor":40,"key":"Shovel"},{"floor":41,"key":"Charon\u0027s Ashes"},{"floor":43,"key":"Self Forming Clay"},{"floor":44,"key":"Boot"}],"event_choices":[{"event_name":"Bonfire Elementals","player_choice":"BASIC","floor":3,"damage_taken":0},{"event_name":"Big Fish","player_choice":"Donut","floor":5,"damage_taken":0},{"event_name":"The Cleric","player_choice":"Card Removal","floor":8,"damage_taken":0},{"event_name":"Purifier","player_choice":"One Purge","floor":19,"damage_taken":0},{"event_name":"Duplicator","player_choice":"One dupe","floor":21,"damage_taken":0},{"event_name":"Masked Bandits","player_choice":"Fought over 231 gold","floor":22,"damage_taken":0},{"event_name":"Nest","player_choice":"Stole From Cult","floor":25,"damage_taken":0},{"event_name":"MindBloom","player_choice":"Fight","floor":36,"damage_taken":0},{"event_name":"Tomb of Lord Red Mask","player_choice":"Wore Mask","floor":38,"damage_taken":0}],"is_beta":false,"boss_relics":[{"not_picked":["Fusion Hammer","Runic Cube"],"picked":"Sozu"},{"not_picked":["Velvet Choker","White Beast Statue"],"picked":"Mark of Pain"}],"items_purged_floors":[24,39],"is_endless":false,"potions_floor_spawned":[1,16,20,22,30,35,36,42,48],"ascension_level":7}