{"gold_per_floor":[116,116,131,12,12,47,97,97,166,185,200,215,215,59,59,133,133,148,108],"floor_reached":19,"playtime":805,"items_purged":["Strike_B"],"score":317,"play_id":"c193b6aa-0b40-4dfe-84f8-4d6e20539d82","local_time":"20190119115026","is_ascension_mode":true,"campfire_choices":[{"floor":8,"key":"REST"},{"floor":13,"key":"REST"},{"data":"Creative AI","floor":15,"key":"SMITH"}],"neow_cost":"NONE","seed_source_timestamp":69849416540842,"circlet_count":0,"master_deck":["AscendersBane","Strike_B","Strike_B","Strike_B","Defend_B","Defend_B","Defend_B","Defend_B","Zap","Dualcast","Static Discharge","Cold Snap","Chill","Melter","Blizzard","Compile Driver","Go for the Eyes","Creative AI+1","Thunder Strike","Genetic Algorithm"],"relics":["Runic Pyramid","Strawberry","Blue Candle","Inserter"],"potions_floor_usage":[11],"damage_taken":[{"damage":9,"enemies":"Small Slimes","floor":1,"turns":4},{"damage":9,"enemies":"Jaw Worm","floor":3,"turns":4},{"damage":41,"enemies":"Gremlin Nob","floor":6,"turns":5},{"damage":2,"enemies":"Cultist","floor":10,"turns":4},{"damage":2,"enemies":"Exordium Thugs","floor":11,"turns":4},{"damage":0,"enemies":"Lots of Slimes","floor":12,"turns":2},{"damage":22,"enemies":"The Guardian","floor":16,"turns":10},{"damage":60,"enemies":"Chosen","floor":18,"turns":8},{"damage":18,"enemies":"2 Thieves","floor":19,"turns":1}],"seed_played":"4120144826058181106","potions_obtained":[{"floor":3,"key":"Block Potion"},{"floor":6,"key":"SteroidPotion"},{"floor":12,"key":"FearPotion"}],"is_trial":false,"path_per_floor":["M","?","M","$","?","E","?","R","T","M","M","M","R","$","R","B",null,"M","M"],"character_chosen":"DEFECT","items_purchased":["Chill","Creative AI"],"campfire_rested":2,"item_purchase_floors":[4,14],"current_hp_per_floor":[55,60,51,51,51,17,17,41,41,39,37,37,61,61,61,39,72,12,0],"gold":108,"neow_bonus":"BOSS_RELIC","is_prod":false,"is_daily":false,"chose_seed":false,"campfire_upgraded":1,"win_rate":0,"timestamp":1547916626,"path_taken":["M","?","M","$","?","E","?","R","T","?","M","M","R","?","R","BOSS","M","M"],"build_version":"2019-01-17v2","purchased_purges":1,"victory":false,"max_hp_per_floor":[71,76,76,76,76,83,83,83,83,83,83,83,83,83,83,83,83,83,83],"card_choices":[{"not_picked":["Hologram","Melter"],"picked":"Static Discharge","floor":1},{"not_picked":["Rebound","Self Repair"],"picked":"Cold Snap","floor":3},{"not_picked":["FTL","Gash"],"picked":"Melter","floor":6},{"not_picked":["Leap","Compile Driver"],"picked":"Blizzard","floor":10},{"not_picked":["Barrage","White Noise"],"picked":"Compile Driver","floor":11},{"not_picked":["Scrape","Hello World"],"picked":"Go for the Eyes","floor":12},{"not_picked":["All For One","Creative AI"],"picked":"Thunder Strike","floor":16},{"not_picked":["Conserve Battery","Ball Lightning"],"picked":"Genetic Algorithm","floor":18}],"player_experience":2165238,"relics_obtained":[{"floor":6,"key":"Strawberry"},{"floor":9,"key":"Blue Candle"}],"event_choices":[{"damage_healed":0,"gold_gain":0,"player_choice":"Donut","damage_taken":0,"max_hp_gain":5,"max_hp_loss":0,"event_name":"Big Fish","floor":2,"gold_loss":0},{"damage_healed":0,"gold_gain":0,"player_choice":"Leave","damage_taken":0,"max_hp_gain":0,"max_hp_loss":0,"event_name":"The Cleric","floor":5,"gold_loss":0},{"damage_healed":0,"gold_gain":50,"player_choice":"Pray","damage_taken":0,"max_hp_gain":0,"max_hp_loss":0,"event_name":"Golden Shrine","floor":7,"gold_loss":0}],"is_beta":false,"boss_relics":[{"not_picked":["Orrery","Runic Dome"],"picked":"Inserter"}],"items_purged_floors":[4],"is_endless":false,"potions_floor_spawned":[3,6,10,12],"killed_by":"2 Thieves","ascension_level":18}