{"gold_per_floor":[111,111,126,141,158,158,188,188,235,250,250,284,297,297,297,392,392,405,405,35,35,35,35,53,53,78,78,112,112,112,122,122,225,225,239,255,330,330,29,64,0,0,0,10,25,25,43,54,54,54],"floor_reached":51,"playtime":1418,"items_purged":["Regret"],"score":730,"play_id":"9d572ca9-7b41-4128-b559-d35ca83083f8","local_time":"20180724000147","is_ascension_mode":false,"campfire_choices":[{"data":"Backstab","floor":6,"key":"SMITH"},{"data":"Infinite Blades","floor":8,"key":"SMITH"},{"floor":15,"key":"REST"},{"data":"Accuracy","floor":23,"key":"SMITH"},{"data":"Backstab","floor":25,"key":"SMITH"},{"data":"Infinite Blades","floor":27,"key":"SMITH"},{"data":"Adrenaline","floor":29,"key":"SMITH"},{"data":"Cloak And Dagger","floor":32,"key":"SMITH"},{"floor":42,"key":"REST"},{"floor":46,"key":"REST"},{"floor":49,"key":"REST"}],"neow_cost":"NONE","seed_source_timestamp":367735316614581,"circlet_count":0,"master_deck":["Defend_G","Defend_G","Defend_G","Defend_G","Defend_G","Strike_G","Strike_G","Strike_G","Strike_G","Survivor+1","Neutralize+1","Backstab+1","Deflect","Infinite Blades+1","Cloak And Dagger+1","Crippling Poison","Accuracy+1","Outmaneuver","Terror","Adrenaline+1","Dagger Spray","Infinite Blades+1","Backstab+1","Endless Agony+1","Slice","After Image","Cloak And Dagger+1","Infinite Blades","Dagger Spray","After Image","Cloak And Dagger"],"relics":["WristBlade","Mercury Hourglass","Juzu Bracelet","Nunchaku","Eternal Feather","Letter Opener","Nloth\u0027s Gift","Bag of Preparation","Calipers","Nilry\u0027s Codex","Sozu","Happy Flower","Blood Vial","Ancient Tea Set","Red Mask","Art of War"],"potions_floor_usage":[7,7,16,16,33,33],"damage_taken":[{"damage":11,"enemies":"Jaw Worm","floor":1,"turns":4},{"damage":0,"enemies":"2 Louse","floor":3,"turns":2},{"damage":0,"enemies":"Cultist","floor":4,"turns":4},{"damage":3,"enemies":"Looter","floor":5,"turns":3},{"damage":2,"enemies":"Gremlin Nob","floor":7,"turns":4},{"damage":12,"enemies":"Gremlin Gang","floor":10,"turns":3},{"damage":8,"enemies":"Lagavulin","floor":12,"turns":5},{"damage":4,"enemies":"Exordium Thugs","floor":13,"turns":4},{"damage":18,"enemies":"The Guardian","floor":16,"turns":9},{"damage":19,"enemies":"Shell Parasite","floor":18,"turns":4},{"damage":24,"enemies":"Spheric Guardian","floor":24,"turns":4},{"damage":0,"enemies":"Gremlin Leader","floor":28,"turns":5},{"damage":0,"enemies":"3 Cultists","floor":31,"turns":3},{"damage":32,"enemies":"Collector","floor":33,"turns":6},{"damage":0,"enemies":"Orb Walker","floor":35,"turns":1},{"damage":24,"enemies":"3 Darklings","floor":36,"turns":3},{"damage":38,"enemies":"2 Orb Walkers","floor":40,"turns":4},{"damage":13,"enemies":"Spire Growth","floor":44,"turns":4},{"damage":12,"enemies":"4 Shapes","floor":45,"turns":4},{"damage":0,"enemies":"3 Darklings","floor":47,"turns":2},{"damage":18,"enemies":"Maw","floor":48,"turns":6},{"damage":27,"enemies":"Donu and Deca","floor":50,"turns":8}],"seed_played":"-4725170119035792388","potions_obtained":[{"floor":1,"key":"EssenceOfSteel"},{"floor":5,"key":"EssenceOfSteel"},{"floor":12,"key":"AttackPotion"},{"floor":13,"key":"FearPotion"},{"floor":24,"key":"FearPotion"}],"is_trial":false,"path_per_floor":["M","?","M","M","M","R","E","R","T","M","?","E","M","?","R","B",null,"M","?","$","?","?","R","M","R","T","R","E","R","?","M","R","B",null,"M","M","?","?","$","E","?","R","T","M","M","R","M","M","R","B"],"character_chosen":"THE_SILENT","items_purchased":["Letter Opener","Block Potion","Happy Flower","Blood Vial"],"campfire_rested":4,"item_purchase_floors":[20,20,39,39],"current_hp_per_floor":[59,45,45,45,42,42,40,40,40,28,21,20,16,16,39,21,77,58,58,58,58,58,70,46,58,58,70,70,77,61,61,76,44,77,77,53,46,46,46,10,10,51,51,40,30,71,73,57,77,50],"gold":54,"neow_bonus":"BOSS_RELIC","is_prod":false,"is_daily":false,"chose_seed":false,"campfire_upgraded":7,"win_rate":0,"timestamp":1532356307,"path_taken":["M","?","M","M","?","R","E","R","T","M","?","E","M","?","R","BOSS","M","?","$","?","?","R","M","R","T","R","E","R","?","M","R","BOSS","M","M","?","?","?","E","?","R","T","M","M","R","M","M","R","BOSS"],"build_version":"2018-07-19v2","purchased_purges":1,"victory":true,"max_hp_per_floor":[70,70,70,70,70,70,70,70,70,70,70,77,77,77,77,77,77,77,77,77,77,77,77,77,77,77,77,77,77,77,77,77,77,77,77,77,77,77,77,77,77,77,77,77,77,77,77,77,77,77],"card_choices":[{"not_picked":["Dagger Throw","Infinite Blades"],"picked":"Backstab","floor":1},{"not_picked":["Choke","Skewer"],"picked":"Deflect","floor":3},{"not_picked":["Predator","Prepared"],"picked":"Infinite Blades","floor":4},{"not_picked":["Bane","Deadly Poison"],"picked":"Cloak And Dagger","floor":5},{"not_picked":["Underhanded Strike","Deadly Poison"],"picked":"Crippling Poison","floor":7},{"not_picked":["Dash","Reflex"],"picked":"Accuracy","floor":10},{"not_picked":["Predator","Deadly Poison"],"picked":"Outmaneuver","floor":12},{"not_picked":["Dodge and Roll","Quick Slash"],"picked":"Terror","floor":13},{"not_picked":["Unload","Malaise"],"picked":"Adrenaline","floor":16},{"not_picked":["Deflect","Flechettes"],"picked":"Dagger Spray","floor":18},{"not_picked":["PiercingWail+1","Skewer"],"picked":"Backstab","floor":24},{"not_picked":["Predator","Outmaneuver"],"picked":"Endless Agony+1","floor":28},{"not_picked":["Heel Hook","Escape Plan"],"picked":"Slice","floor":31},{"not_picked":["Night Terror","Glass Knife"],"picked":"After Image","floor":33},{"not_picked":["Leg Sweep","All Out Attack+1"],"picked":"Cloak And Dagger+1","floor":35},{"not_picked":["Quick Slash+1","PiercingWail"],"picked":"Infinite Blades","floor":36},{"not_picked":["Night Terror","Dagger Spray+1"],"picked":"After Image","floor":40},{"not_picked":["Deflect","Sucker Punch"],"picked":"Cloak And Dagger","floor":44},{"not_picked":["Caltrops","Outmaneuver","Bane"],"picked":"SKIP","floor":45},{"not_picked":["Poisoned Stab","Backflip","Doppelganger"],"picked":"SKIP","floor":47},{"not_picked":["Underhanded Strike","Flying Knee+1","Endless Agony"],"picked":"SKIP","floor":48}],"player_experience":243989,"relics_obtained":[{"floor":7,"key":"Mercury Hourglass"},{"floor":9,"key":"Juzu Bracelet"},{"floor":12,"key":"Strawberry"},{"floor":26,"key":"Bag of Preparation"},{"floor":28,"key":"Calipers"},{"floor":30,"key":"Nilry\u0027s Codex"},{"floor":40,"key":"Ancient Tea Set"},{"floor":43,"key":"Art of War"}],"event_choices":[{"event_name":"Shining Light","player_choice":"Entered Light","floor":2,"damage_taken":0},{"event_name":"Golden Wing","player_choice":"Card Removal","floor":11,"damage_taken":0},{"event_name":"Big Fish","player_choice":"Box","floor":14,"damage_taken":0},{"event_name":"Vampires","player_choice":"Ignored","floor":19,"damage_taken":0},{"event_name":"The Library","player_choice":"Read","floor":21,"damage_taken":0},{"event_name":"N\u0027loth","player_choice":"Traded a Strawberry","floor":22,"damage_taken":0},{"event_name":"Cursed Tome","player_choice":"Obtained Book","floor":30,"damage_taken":0},{"event_name":"FaceTrader","player_choice":"Touch","floor":37,"damage_taken":0},{"event_name":"Match and Keep!","player_choice":"1 cards matched","floor":38,"damage_taken":0},{"event_name":"Tomb of Lord Red Mask","player_choice":"Paid","floor":41,"damage_taken":0}],"is_beta":false,"boss_relics":[{"not_picked":["Calling Bell","Runic Pyramid"],"picked":"Eternal Feather"},{"not_picked":["Coffee Dripper","Runic Dome"],"picked":"Sozu"}],"items_purged_floors":[20],"is_endless":false,"potions_floor_spawned":[1,5,12,13,24,35,45],"ascension_level":0}