{"gold_per_floor":[111,111,2,2,73,105,105,118,118,137,137,170,7,18,18,90,140,160,160,170,220,145,145],"floor_reached":23,"playtime":1408,"items_purged":["Strike_B"],"score":394,"play_id":"9917deaa-def9-40ef-b797-6b1587b975dc","local_time":"20190209215213","is_ascension_mode":true,"campfire_choices":[{"floor":7.0,"key":"REST"},{"floor":11.0,"key":"REST"},{"floor":15,"key":"REST"}],"neow_cost":"NONE","seed_source_timestamp":0,"circlet_count":0,"master_deck":["AscendersBane","Strike_B+1","Strike_B+1","Defend_B+1","Defend_B+1","Defend_B+1","Defend_B+1","Zap","Dualcast","Tempest","Static Discharge","Streamline","Barrage","Redo","Leap","Echo Form","Storm","Conserve Battery","Machine Learning","Cold Snap","Conserve Battery+1","Conserve Battery"],"special_seed":0,"relics":["Inserter","Gambling Chip","Orichalcum","Ornamental Fan","Tiny House"],"potions_floor_usage":[16,18],"damage_taken":[{"damage":0.0,"enemies":"2 Louse","floor":1.0,"turns":2.0},{"damage":40.0,"enemies":"3 Sentries","floor":6.0,"turns":6.0},{"damage":1.0,"enemies":"Small Slimes","floor":8.0,"turns":3.0},{"damage":14.0,"enemies":"Jaw Worm","floor":10.0,"turns":4.0},{"damage":20.0,"enemies":"Gremlin Nob","floor":12.0,"turns":4.0},{"damage":9,"enemies":"3 Louse","floor":14,"turns":4},{"damage":25,"enemies":"Hexaghost","floor":16,"turns":9},{"damage":33,"enemies":"2 Thieves","floor":18,"turns":3},{"damage":3,"enemies":"Spheric Guardian","floor":20,"turns":7},{"damage":44,"enemies":"Gremlin Leader","floor":23,"turns":3}],"seed_played":"4945347344629120883","potions_obtained":[{"floor":1.0,"key":"Weak Potion"},{"floor":6.0,"key":"FearPotion"},{"floor":12.0,"key":"FocusPotion"},{"floor":14,"key":"FairyPotion"},{"floor":17,"key":"Explosive Potion"},{"floor":18,"key":"Swift Potion"}],"is_trial":false,"path_per_floor":["M","?","$","?","?","E","R","M","T","M","R","E","$","M","R","B",null,"M","?","M","?","?","E"],"character_chosen":"DEFECT","items_purchased":["Static Discharge","Streamline","Storm"],"campfire_rested":3,"item_purchase_floors":[3,3,13],"current_hp_per_floor":[64,69,69,69,69,29,51,50,50,36,58,38,38,29,51,26,69,36,36,33,33,33,0],"gold":145,"neow_bonus":"BOSS_RELIC","is_prod":false,"is_daily":false,"chose_seed":false,"campfire_upgraded":0,"win_rate":0,"timestamp":1549767133,"path_taken":["M","?","$","?","?","E","R","M","T","M","R","E","$","M","R","BOSS","M","?","M","?","?","E"],"build_version":"2019-01-23","purchased_purges":1,"victory":false,"max_hp_per_floor":[71,76,76,76,76,76,76,76,76,76,76,76,76,76,76,76,81,81,81,81,81,81,81],"card_choices":[{"not_picked":["Reprogram","Compile Driver"],"picked":"Tempest","floor":1.0},{"not_picked":["Darkness","Go for the Eyes"],"picked":"Barrage","floor":6.0},{"not_picked":["Tempest","Beam Cell"],"picked":"Redo","floor":8.0},{"not_picked":["Conserve Battery","Double Energy"],"picked":"Leap","floor":10.0},{"not_picked":["Reboot","Turbo"],"picked":"Echo Form","floor":12.0},{"not_picked":["Sweeping Beam","Leap"],"picked":"Conserve Battery","floor":14},{"not_picked":["Rainbow","Amplify"],"picked":"Machine Learning","floor":16},{"not_picked":["Hologram","Beam Cell"],"picked":"Cold Snap","floor":17},{"not_picked":["FTL","Sweeping Beam"],"picked":"Conserve Battery+1","floor":18},{"not_picked":["Streamline","Reprogram"],"picked":"Conserve Battery","floor":20}],"player_experience":2379477,"relics_obtained":[{"floor":6.0,"key":"Gambling Chip"},{"floor":9.0,"key":"Orichalcum"},{"floor":12.0,"key":"Ornamental Fan"}],"event_choices":[{"damage_healed":0.0,"max_hp_gain":5.0,"max_hp_loss":0.0,"gold_gain":0.0,"event_name":"Big Fish","player_choice":"Donut","floor":2.0,"gold_loss":0.0,"damage_taken":0.0},{"damage_healed":0.0,"max_hp_gain":0.0,"max_hp_loss":0.0,"gold_gain":0.0,"event_name":"Shining Light","player_choice":"Ignored","floor":4.0,"gold_loss":0.0,"damage_taken":0.0},{"damage_healed":0.0,"max_hp_gain":0.0,"max_hp_loss":0.0,"gold_gain":71.0,"event_name":"Golden Wing","player_choice":"Gained Gold","floor":5.0,"gold_loss":0.0,"damage_taken":0.0},{"damage_healed":0,"gold_gain":0,"player_choice":"Simplicity","damage_taken":0,"max_hp_gain":0,"max_hp_loss":0,"event_name":"Back to Basics","floor":19,"gold_loss":0,"cards_upgraded":["Strike_B","Strike_B","Defend_B","Defend_B","Defend_B","Defend_B"]},{"damage_healed":0,"gold_gain":50,"player_choice":"Stole From Cult","damage_taken":0,"max_hp_gain":0,"max_hp_loss":0,"event_name":"Nest","floor":21,"gold_loss":0},{"cards_removed":["Strike_B"],"damage_healed":0,"gold_gain":0,"player_choice":"Gave Gold","damage_taken":0,"max_hp_gain":0,"max_hp_loss":0,"event_name":"Beggar","floor":22,"gold_loss":75}],"is_beta":false,"boss_relics":[{"not_picked":["Snecko Eye","Orrery"],"picked":"Tiny House"}],"items_purged_floors":[13],"is_endless":false,"potions_floor_spawned":[1,6,12,14,18],"killed_by":"Gremlin Leader","ascension_level":20}