{"gold_per_floor":[111,121,121,137,137,137,156,179,179,104,127,145,169,69,69,198,198,198,198,219,232,107,107,157,204,258,272,122,147,168,14,14,145,145,158,491,491,491,491,526,526,545,545,545,505,505,525,447,447,447],"floor_reached":51,"playtime":1616,"items_purged":["Defend_R","Strike_R","Defend_R","Defend_R"],"score":744,"play_id":"313abdd9-422d-4053-be8d-f8ecf41278f3","local_time":"20180812200159","is_ascension_mode":false,"campfire_choices":[{"data":"Clash","floor":6,"key":"SMITH"},{"floor":15,"key":"REST"},{"floor":23,"key":"REST"},{"data":"Strike_R","floor":32,"key":"SMITH"},{"floor":41,"key":"REST"},{"data":"Clash","floor":44,"key":"SMITH"},{"data":"Searing Blow","floor":46,"key":"SMITH"},{"data":"Searing Blow+1","floor":49,"key":"SMITH"}],"neow_cost":"NONE","seed_source_timestamp":7304322690505,"circlet_count":0,"master_deck":["Thunderclap+1","Clash+1","Twin Strike+1","Clash+1","Searing Blow+2"],"relics":["Burning Blood","Shuriken","Empty Cage","Vajra","Red Skull","Bag of Preparation","Bag of Marbles","Astrolabe","Magic Flower","Omamori"],"potions_floor_usage":[16,16,18,33,33,50,50,50],"damage_taken":[{"damage":1,"enemies":"Cultist","floor":1,"turns":3},{"damage":6,"enemies":"Jaw Worm","floor":2,"turns":3},{"damage":7,"enemies":"Small Slimes","floor":4,"turns":3},{"damage":11,"enemies":"Exordium Wildlife","floor":7,"turns":3},{"damage":10,"enemies":"Looter","floor":8,"turns":2},{"damage":12,"enemies":"2 Fungi Beasts","floor":11,"turns":3},{"damage":21,"enemies":"Exordium Wildlife","floor":12,"turns":3},{"damage":0,"enemies":"Looter","floor":13,"turns":1},{"damage":39,"enemies":"The Guardian","floor":16,"turns":11},{"damage":0,"enemies":"2 Thieves","floor":18,"turns":1},{"damage":7,"enemies":"Shell Parasite","floor":20,"turns":3},{"damage":17,"enemies":"Sentry and Sphere","floor":21,"turns":4},{"damage":16,"enemies":"Snake Plant","floor":27,"turns":2},{"damage":0,"enemies":"Snecko","floor":29,"turns":2},{"damage":12,"enemies":"Centurion and Healer","floor":30,"turns":2},{"damage":18,"enemies":"Collector","floor":33,"turns":5},{"damage":0,"enemies":"3 Shapes","floor":35,"turns":1},{"damage":63,"enemies":"Nemesis","floor":40,"turns":3},{"damage":0,"enemies":"Flame Bruiser 1 Orb","floor":42,"turns":2},{"damage":0,"enemies":"3 Darklings","floor":47,"turns":2},{"damage":85,"enemies":"Time Eater","floor":50,"turns":6}],"seed_played":"-7422313091548781242","potions_obtained":[{"floor":8,"key":"FearPotion"},{"floor":11,"key":"Fire Potion"},{"floor":13,"key":"SmokeBomb"},{"floor":16,"key":"GamblersBrew"},{"floor":20,"key":"Fire Potion"},{"floor":21,"key":"PowerPotion"},{"floor":30,"key":"SteroidPotion"},{"floor":40,"key":"Explosive Potion"}],"is_trial":false,"path_per_floor":["M","M","?","M","?","R","M","M","T","$","M","M","M","$","R","B",null,"M","?","M","M","$","R","?","T","T","M","$","M","M","$","R","B",null,"M","?","?","?","?","E","R","M","T","R","$","R","M","$","R","B"],"character_chosen":"IRONCLAD","items_purchased":["Bag of Marbles","Searing Blow","Regen Potion"],"campfire_rested":3,"item_purchase_floors":[31,45,48],"current_hp_per_floor":[80,80,60,59,43,43,38,34,34,34,28,13,19,19,43,10,80,80,80,79,68,68,80,80,80,80,70,70,76,70,70,70,58,80,80,80,80,80,80,23,47,56,56,56,56,56,65,65,65,11],"gold":447,"neow_bonus":"REMOVE_CARD","is_prod":false,"is_daily":false,"chose_seed":false,"campfire_upgraded":5,"win_rate":0,"timestamp":1534069919,"path_taken":["M","?","?","M","?","R","M","M","T","$","M","?","M","?","R","BOSS","M","?","M","M","$","R","?","?","T","M","$","M","M","$","R","BOSS","M","?","?","?","?","E","R","?","T","R","$","R","M","$","R","BOSS"],"build_version":"2018-08-09","purchased_purges":4,"victory":true,"max_hp_per_floor":[80,80,80,80,80,80,80,80,80,80,80,80,80,80,80,80,80,80,80,80,80,80,80,80,80,80,80,80,80,80,80,80,80,80,80,80,80,80,80,80,80,80,80,80,80,80,80,80,80,80],"card_choices":[{"not_picked":["Shrug It Off","Cleave","Flex"],"picked":"SKIP","floor":1},{"not_picked":["Inflame","Warcry"],"picked":"Thunderclap","floor":2},{"not_picked":["Fire Breathing","Shrug It Off"],"picked":"Clash","floor":4},{"not_picked":["Wild Strike","Feed","Uppercut"],"picked":"SKIP","floor":7},{"not_picked":["Intimidate","Entrench","Inflame"],"picked":"SKIP","floor":8},{"not_picked":["Clothesline","Blood for Blood","Anger"],"picked":"SKIP","floor":11},{"not_picked":["Cleave","Heavy Blade","Ghostly Armor"],"picked":"SKIP","floor":12},{"not_picked":["Wild Strike","Corruption","Bloodletting"],"picked":"SKIP","floor":13},{"not_picked":["Heavy Blade","Iron Wave","Perfected Strike"],"picked":"SKIP","floor":20},{"not_picked":["Heavy Blade","Body Slam","Wild Strike+1"],"picked":"SKIP","floor":21},{"not_picked":["Armaments+1","Carnage+1","Anger+1"],"picked":"SKIP","floor":27},{"not_picked":["Heavy Blade","Entrench+1","Feel No Pain"],"picked":"SKIP","floor":29},{"not_picked":["Heavy Blade","Entrench+1","Feel No Pain"],"picked":"SKIP","floor":29},{"not_picked":["Sword Boomerang","Shockwave+1","Clash"],"picked":"SKIP","floor":30},{"not_picked":["Whirlwind+1","Battle Trance+1"],"picked":"Clash","floor":35},{"not_picked":["Feel No Pain","Intimidate","Hemokinesis+1"],"picked":"SKIP","floor":40},{"not_picked":["Headbutt+1","Heavy Blade+1","Warcry+1"],"picked":"SKIP","floor":42},{"not_picked":["Shrug It Off+1","Blood for Blood+1","Flame Barrier+1"],"picked":"SKIP","floor":47}],"player_experience":326769,"relics_obtained":[{"floor":9,"key":"Shuriken"},{"floor":25,"key":"Red Skull"},{"floor":26,"key":"Bag of Preparation"},{"floor":40,"key":"Magic Flower"},{"floor":43,"key":"Omamori"}],"event_choices":[{"event_name":"Golden Idol","player_choice":"Take Damage","floor":3,"damage_taken":0},{"event_name":"Shining Light","player_choice":"Entered Light","floor":5,"damage_taken":0},{"event_name":"The Mausoleum","player_choice":"Yes","floor":19,"damage_taken":0},{"event_name":"The Joust","player_choice":"Bet on Murderer","floor":24,"damage_taken":0},{"event_name":"The Moai Head","player_choice":"Gave Idol","floor":36,"damage_taken":0},{"event_name":"Falling","player_choice":"Removed Attack","floor":37,"damage_taken":0},{"event_name":"SecretPortal","player_choice":"Rejected Portal.","floor":38,"damage_taken":0},{"event_name":"Purifier","player_choice":"One Purge","floor":39,"damage_taken":0}],"is_beta":false,"boss_relics":[{"not_picked":["Cursed Key","Lizard Tail"],"picked":"Empty Cage"},{"not_picked":["Black Star","Black Blood"],"picked":"Astrolabe"}],"items_purged_floors":[10,14,22,28],"is_endless":false,"potions_floor_spawned":[8,11,13,16,20,21,29,30,40],"ascension_level":0}