{"gold_per_floor":[118,138,138,149,169,201,201,201,201,201,214,238,238,256,256,361,361,376,376,396,415,415],"floor_reached":22,"playtime":909,"items_purged":[],"score":188,"play_id":"a743857b-d75d-44b9-827d-cb4d9c300093","local_time":"20181102125513","is_ascension_mode":false,"campfire_choices":[{"data":"Bash","floor":8,"key":"SMITH"},{"data":"Whirlwind","floor":10,"key":"SMITH"},{"floor":15,"key":"REST"}],"neow_cost":"NONE","seed_source_timestamp":2020636202052463,"circlet_count":0,"master_deck":["Strike_R","Strike_R","Strike_R","Strike_R","Strike_R","Defend_R","Defend_R","Defend_R","Defend_R","Bash+1","Burning Pact","Whirlwind+1","Anger","Sword Boomerang","Iron Wave","Perfected Strike+1","Juggernaut","Body Slam","Demon Form+1","Inflame","Shockwave+1","True Grit"],"relics":["Black Blood","Matryoshka","Red Skull","Bottled Lightning","Bronze Scales","Centennial Puzzle","Darkstone Periapt"],"potions_floor_usage":[6,6,6,16,16,22],"damage_taken":[{"damage":3,"enemies":"Small Slimes","floor":1,"turns":4},{"damage":15,"enemies":"Cultist","floor":2,"turns":4},{"damage":8,"enemies":"Jaw Worm","floor":4,"turns":3},{"damage":14,"enemies":"Exordium Wildlife","floor":5,"turns":3},{"damage":16,"enemies":"Lagavulin","floor":6,"turns":5},{"damage":14,"enemies":"Blue Slaver","floor":11,"turns":4},{"damage":13,"enemies":"Lots of Slimes","floor":14,"turns":3},{"damage":43,"enemies":"The Guardian","floor":16,"turns":10},{"damage":20,"enemies":"3 Byrds","floor":18,"turns":2},{"damage":37,"enemies":"Shell Parasite","floor":20,"turns":4},{"damage":20,"enemies":"Centurion and Healer","floor":21,"turns":5},{"damage":38,"enemies":"Shelled Parasite and Fungi","floor":22,"turns":4}],"seed_played":"-8885725467853136412","potions_obtained":[{"floor":1,"key":"PowerPotion"},{"floor":3,"key":"Swift Potion"},{"floor":3,"key":"Weak Potion"},{"floor":11,"key":"LiquidBronze"},{"floor":14,"key":"GamblersBrew"},{"floor":20,"key":"FearPotion"}],"is_trial":false,"path_per_floor":["M","M","?","M","M","E","?","R","T","R","M","T","T","M","R","B",null,"M","?","M","M","M"],"character_chosen":"IRONCLAD","items_purchased":[],"campfire_rested":1,"item_purchase_floors":[],"current_hp_per_floor":[80,71,71,69,61,51,51,51,51,51,43,43,43,36,60,23,80,70,70,43,33,0],"gold":415,"neow_bonus":"THREE_CARDS","is_prod":false,"is_daily":false,"chose_seed":false,"campfire_upgraded":2,"win_rate":0,"timestamp":1541177713,"path_taken":["M","M","?","?","M","E","?","R","T","R","M","?","?","M","R","BOSS","M","?","?","M","M"],"build_version":"2018-11-01","purchased_purges":0,"victory":false,"max_hp_per_floor":[80,80,80,80,80,80,80,80,80,80,80,80,80,80,80,80,80,80,80,80,80,80],"card_choices":[{"not_picked":["Seeing Red","Warcry"],"picked":"Burning Pact","floor":0},{"not_picked":["True Grit","Disarm"],"picked":"Whirlwind","floor":1},{"not_picked":["Seeing Red","Second Wind"],"picked":"Anger","floor":2},{"not_picked":["Twin Strike","Body Slam"],"picked":"Sword Boomerang","floor":4},{"not_picked":["Heavy Blade","Pommel Strike"],"picked":"Iron Wave","floor":5},{"not_picked":["Twin Strike","Thunderclap"],"picked":"Perfected Strike","floor":6},{"not_picked":["Whirlwind","Bloodletting"],"picked":"Juggernaut","floor":11},{"not_picked":["Anger","Wild Strike"],"picked":"Body Slam","floor":14},{"not_picked":["Offering","Exhume"],"picked":"Demon Form","floor":16},{"not_picked":["Warcry","Battle Trance"],"picked":"Inflame","floor":18},{"not_picked":["Infernal Blade","Power Through"],"picked":"Shockwave+1","floor":20},{"not_picked":["Thunderclap","Havoc"],"picked":"True Grit","floor":21}],"player_experience":1631129,"relics_obtained":[{"floor":6,"key":"Matryoshka"},{"floor":9,"key":"Red Skull"},{"floor":9,"key":"Bottled Lightning"},{"floor":12,"key":"Bronze Scales"},{"floor":12,"key":"Centennial Puzzle"},{"floor":13,"key":"Darkstone Periapt"}],"event_choices":[{"damage_healed":0,"gold_gain":0,"player_choice":"Got Potions","damage_taken":0,"max_hp_gain":0,"max_hp_loss":0,"event_name":"Lab","floor":3,"gold_loss":0},{"damage_healed":0,"gold_gain":0,"player_choice":"Grow","damage_taken":0,"max_hp_gain":0,"max_hp_loss":0,"event_name":"Living Wall","floor":7,"gold_loss":0,"cards_upgraded":["Perfected Strike"]},{"damage_healed":0,"gold_gain":0,"player_choice":"Forge","damage_taken":0,"max_hp_gain":0,"max_hp_loss":0,"event_name":"Accursed Blacksmith","floor":19,"gold_loss":0,"cards_upgraded":["Demon Form"]}],"is_beta":false,"boss_relics":[{"not_picked":["Black Star","Tiny House"],"picked":"Black Blood"}],"items_purged_floors":[],"is_endless":false,"potions_floor_spawned":[1,4,11,14,20],"killed_by":"Shelled Parasite and Fungi","ascension_level":0}