{"gold_per_floor":[115,115,132,145,162,189,189,216,242,13,13,13,13,27,27,102,102,115,115,115,131,230,230],"floor_reached":23,"playtime":863,"items_purged":[],"score":338,"play_id":"75c4dba2-0207-4ccc-acd9-b21af36a76cb","local_time":"20190118145719","is_ascension_mode":true,"campfire_choices":[{"floor":7,"key":"REST"},{"floor":11,"key":"REST"},{"floor":13,"key":"REST"},{"data":"Apotheosis","floor":15,"key":"SMITH"}],"neow_cost":"CURSE","seed_source_timestamp":112907559771359,"circlet_count":0,"master_deck":["AscendersBane","Strike_R","Strike_R","Defend_R","Defend_R","Defend_R","Defend_R","Bash","Shrug It Off","Anger","Twin Strike","Feel No Pain","Thunderclap","Apotheosis+1","True Grit+1","Reckless Charge","Carnage","Feed","Fiend Fire+1","Pummel+1","Rage+1","Sentinel","Pummel"],"relics":["Burning Blood","Ice Cream","Ginger","Oddly Smooth Stone","Bag of Preparation","Astrolabe"],"potions_floor_usage":[6,6,14,23],"damage_taken":[{"damage":9,"enemies":"Jaw Worm","floor":1,"turns":4},{"damage":6,"enemies":"Cultist","floor":3,"turns":3},{"damage":4,"enemies":"2 Louse","floor":4,"turns":3},{"damage":23,"enemies":"Lots of Slimes","floor":5,"turns":5},{"damage":27,"enemies":"3 Sentries","floor":6,"turns":9},{"damage":41,"enemies":"Gremlin Nob","floor":8,"turns":5},{"damage":13,"enemies":"Looter","floor":14,"turns":3},{"damage":44,"enemies":"Slime Boss","floor":16,"turns":11},{"damage":27,"enemies":"2 Thieves","floor":18,"turns":3},{"damage":27,"enemies":"Shell Parasite","floor":21,"turns":5},{"damage":25,"enemies":"Gremlin Leader","floor":23,"turns":5}],"seed_played":"5934544462476305527","potions_obtained":[{"floor":1,"key":"Swift Potion"},{"floor":4,"key":"Swift Potion"},{"floor":8,"key":"BloodPotion"},{"floor":16,"key":"PowerPotion"}],"is_trial":false,"path_per_floor":["M","?","M","M","M","E","R","E","T","$","R","?","R","M","R","B",null,"M","?","?","M","?","E"],"character_chosen":"IRONCLAD","items_purchased":["Apotheosis","True Grit"],"campfire_rested":3,"item_purchase_floors":[10,10],"current_hp_per_floor":[65,65,65,67,50,29,51,16,16,16,38,38,60,60,60,22,62,41,41,41,24,24,0],"gold":230,"neow_bonus":"ONE_RARE_RELIC","is_prod":false,"is_daily":false,"chose_seed":false,"campfire_upgraded":1,"win_rate":0,"timestamp":1547841439,"path_taken":["M","?","?","M","M","E","R","E","T","$","R","?","R","M","R","BOSS","M","?","?","?","?","E"],"build_version":"2019-01-17v2","purchased_purges":0,"victory":false,"max_hp_per_floor":[75,75,75,75,75,75,75,75,75,75,75,75,75,75,75,75,75,75,75,75,79,79,79],"card_choices":[{"not_picked":["Body Slam","Wild Strike"],"picked":"Searing Blow","floor":1},{"not_picked":["Iron Wave","Thunderclap"],"picked":"Shrug It Off","floor":3},{"not_picked":["Fiend Fire","Cleave"],"picked":"Anger","floor":4},{"not_picked":["Havoc","Blood for Blood"],"picked":"Twin Strike","floor":5},{"not_picked":["Iron Wave","Clothesline"],"picked":"Feel No Pain","floor":6},{"not_picked":["Berserk","Headbutt"],"picked":"Thunderclap","floor":8},{"not_picked":["Hemokinesis","Second Wind"],"picked":"Carnage","floor":14},{"not_picked":["Barricade","Berserk"],"picked":"Feed","floor":16},{"not_picked":["Wild Strike","Iron Wave"],"picked":"Sentinel","floor":18},{"not_picked":["Body Slam","Thunderclap"],"picked":"Pummel","floor":21}],"player_experience":2159977,"relics_obtained":[{"floor":6,"key":"Ginger"},{"floor":8,"key":"Oddly Smooth Stone"},{"floor":9,"key":"Bag of Preparation"}],"event_choices":[{"cards_removed":["Writhe"],"damage_healed":0,"gold_gain":0,"player_choice":"Removed Curses","damage_taken":0,"max_hp_gain":0,"max_hp_loss":0,"event_name":"Fountain of Cleansing","floor":2,"gold_loss":0},{"damage_healed":0,"gold_gain":0,"cards_transformed":["Searing Blow"],"player_choice":"Transformed","damage_taken":0,"max_hp_gain":0,"max_hp_loss":0,"event_name":"Transmorgrifier","floor":12,"gold_loss":0,"cards_obtained":["Reckless Charge"]},{"damage_healed":0,"gold_gain":0,"player_choice":"Ignored","damage_taken":0,"max_hp_gain":0,"max_hp_loss":0,"event_name":"Vampires","floor":19,"gold_loss":0},{"damage_healed":0,"gold_gain":0,"player_choice":"Forge","damage_taken":0,"max_hp_gain":0,"max_hp_loss":0,"event_name":"Accursed Blacksmith","floor":20,"gold_loss":0,"cards_upgraded":["True Grit"]},{"damage_healed":0,"gold_gain":99,"player_choice":"Stole From Cult","damage_taken":0,"max_hp_gain":0,"max_hp_loss":0,"event_name":"Nest","floor":22,"gold_loss":0}],"is_beta":false,"boss_relics":[{"not_picked":["White Beast Statue","Velvet Choker"],"picked":"Astrolabe"}],"items_purged_floors":[],"is_endless":false,"potions_floor_spawned":[1,4,8,16],"killed_by":"Gremlin Leader","ascension_level":14}