{"gold_per_floor":[210,160,160,170,184,214,226,226,226,226,226,226,242,259,259,259],"floor_reached":16,"playtime":775,"items_purged":[],"score":102,"play_id":"9ebb2415-f07a-4ff5-b3b1-e1e79ae17611","local_time":"20190202195903","is_ascension_mode":false,"campfire_choices":[{"data":"Dodge and Roll","floor":11,"key":"SMITH"},{"floor":15,"key":"REST"}],"neow_cost":"NONE","seed_source_timestamp":367329919612388,"circlet_count":0,"master_deck":["Defend_G","Defend_G+1","Defend_G","Defend_G","Strike_G","Strike_G","Strike_G","Strike_G+1","Strike_G","Survivor","Neutralize","Dodge and Roll","Dodge and Roll+1","Flying Knee","Grand Finale"],"relics":["Ring of the Snake","Centennial Puzzle","Strawberry"],"potions_floor_usage":[6],"damage_taken":[{"damage":0,"enemies":"Jaw Worm","floor":1,"turns":5},{"damage":0,"enemies":"Small Slimes","floor":4,"turns":3},{"damage":0,"enemies":"Cultist","floor":5,"turns":4},{"damage":33,"enemies":"Gremlin Nob","floor":6,"turns":6},{"damage":0,"enemies":"3 Louse","floor":7,"turns":4},{"damage":1,"enemies":"Exordium Thugs","floor":13,"turns":2},{"damage":3,"enemies":"Blue Slaver","floor":14,"turns":4},{"damage":56,"enemies":"The Guardian","floor":16,"turns":9}],"seed_played":"-70251995259280974","potions_obtained":[{"floor":5,"key":"Dexterity Potion"},{"floor":7,"key":"Ancient Potion"}],"is_trial":false,"path_per_floor":["M","?","?","M","M","E","M","?","T","$","R","$","M","M","R","B"],"character_chosen":"THE_SILENT","items_purchased":[],"campfire_rested":1,"item_purchase_floors":[],"current_hp_per_floor":[70,70,56,56,56,23,23,23,30,30,30,30,29,26,49,0],"gold":259,"neow_bonus":"HUNDRED_GOLD","is_prod":false,"is_daily":false,"chose_seed":false,"campfire_upgraded":1,"win_rate":0.0,"timestamp":1549166343,"path_taken":["M","?","?","M","?","E","M","?","T","$","R","?","M","M","R","BOSS"],"build_version":"2019-01-23","purchased_purges":0,"victory":false,"max_hp_per_floor":[70,70,70,70,70,70,70,70,77,77,77,77,77,77,77,77],"card_choices":[{"not_picked":["Slice","Poisoned Stab"],"picked":"Dodge and Roll","floor":1},{"not_picked":["Deflect","Cloak And Dagger"],"picked":"Dodge and Roll","floor":4},{"not_picked":["Poisoned Stab","Grand Finale"],"picked":"Flying Knee","floor":5},{"not_picked":["Flying Knee","Deflect"],"picked":"Grand Finale","floor":6},{"not_picked":["Outmaneuver","Bane","Infinite Blades"],"picked":"SKIP","floor":7},{"not_picked":["Concentrate","Backflip","Crippling Poison"],"picked":"SKIP","floor":13},{"not_picked":["Distraction","Deadly Poison","Dagger Throw"],"picked":"SKIP","floor":14}],"player_experience":184908,"relics_obtained":[{"floor":6,"key":"Centennial Puzzle"},{"floor":9,"key":"Strawberry"}],"event_choices":[{"cards_removed":["Defend_G"],"damage_healed":0,"gold_gain":0,"player_choice":"Card Removal","damage_taken":0,"max_hp_gain":0,"max_hp_loss":0,"event_name":"The Cleric","floor":2,"gold_loss":50},{"damage_healed":0,"gold_gain":0,"player_choice":"Entered Light","damage_taken":14,"max_hp_gain":0,"max_hp_loss":0,"event_name":"Shining Light","floor":3,"gold_loss":0,"cards_upgraded":["Strike_G","Defend_G"]},{"damage_healed":0,"gold_gain":0,"player_choice":"0 cards matched","damage_taken":0,"max_hp_gain":0,"max_hp_loss":0,"event_name":"Match and Keep!","floor":8,"gold_loss":0,"cards_obtained":[]}],"is_beta":false,"boss_relics":[],"items_purged_floors":[],"is_endless":false,"potions_floor_spawned":[5,7],"killed_by":"The Guardian","ascension_level":0}