{"gold_per_floor":[116,134,83,83,95,95,127,127,199,218,168,168,183,218,218,318,318,338,190,190,210,229,244,7,33,33,33,33,33,33,33,33,33],"floor_reached":33,"playtime":1254,"items_purged":["Strike_R"],"score":341,"play_id":"a584c96d-af07-4937-ab3f-13f483ced77e","local_time":"20181229160229","is_ascension_mode":true,"campfire_choices":[{"data":"Shockwave","floor":6,"key":"SMITH"},{"data":"Whirlwind","floor":8,"key":"SMITH"},{"data":"Armaments","floor":15,"key":"SMITH"},{"data":"Body Slam","floor":32,"key":"SMITH"}],"neow_cost":"NONE","seed_source_timestamp":313657131419188,"circlet_count":0,"master_deck":["Strike_R","Strike_R+1","Defend_R","Defend_R","Defend_R","Defend_R","Bash","Fiend Fire","Thunderclap+1","Shrug It Off","Armaments+1","Shockwave+1","Whirlwind+1","Bludgeon","Immolate","Entrench+1","Ghostly Armor","Body Slam+1","Offering","Bandage Up","Ghostly","Ghostly","Ghostly","Ghostly","Ghostly"],"special_seed":0,"relics":["Burning Blood","Vajra","Matryoshka","Dream Catcher","Sozu","Juzu Bracelet","Bag of Marbles","Potion Belt","Kunai","Regal Pillow"],"potions_floor_usage":[7,16,33],"damage_taken":[{"damage":0.0,"enemies":"2 Louse","floor":1.0,"turns":2.0},{"damage":1.0,"enemies":"Cultist","floor":2.0,"turns":3.0},{"damage":3,"enemies":"Small Slimes","floor":5,"turns":4},{"damage":14,"enemies":"3 Sentries","floor":7,"turns":6},{"damage":2,"enemies":"Exordium Thugs","floor":10,"turns":4},{"damage":6,"enemies":"Exordium Wildlife","floor":13,"turns":2},{"damage":17,"enemies":"Lagavulin","floor":14,"turns":5},{"damage":28,"enemies":"Hexaghost","floor":16,"turns":9},{"damage":13,"enemies":"Shell Parasite","floor":18,"turns":6},{"damage":0,"enemies":"3 Byrds","floor":21,"turns":4},{"damage":24,"enemies":"Snake Plant","floor":22,"turns":2},{"damage":14,"enemies":"Centurion and Healer","floor":23,"turns":5},{"damage":48,"enemies":"Collector","floor":33,"turns":8}],"seed_played":"1247163177995654706","potions_obtained":[{"floor":1.0,"key":"Dexterity Potion"},{"floor":5,"key":"Swift Potion"},{"floor":10,"key":"Weak Potion"}],"is_trial":false,"path_per_floor":["M","M","$","?","M","R","E","R","T","M","?","?","M","E","R","B",null,"M","$","?","M","M","M","$","T","T","?","$","?","?","$","R","B"],"character_chosen":"IRONCLAD","items_purchased":["Armaments","Ghostly Armor","Offering","Bandage Up"],"campfire_rested":0,"item_purchase_floors":[3,19,24,24],"current_hp_per_floor":[80,80,80,80,80,80,72,72,72,76,76,60,60,49,49,27,67,60,60,52,58,40,32,32,32,32,32,32,32,32,32,32,0],"gold":33,"neow_bonus":"ONE_RANDOM_RARE_CARD","is_prod":false,"is_daily":false,"chose_seed":false,"campfire_upgraded":4,"win_rate":0,"timestamp":1546066949,"path_taken":["M","M","$","?","M","R","E","R","T","?","?","?","M","E","R","BOSS","M","$","?","M","M","M","?","?","T","?","?","?","?","?","R","BOSS"],"build_version":"2018-12-20","purchased_purges":1,"victory":false,"max_hp_per_floor":[80,80,80,80,80,80,80,80,80,80,80,80,80,80,80,80,80,80,80,80,80,80,80,80,80,80,80,80,80,40,40,40,40],"card_choices":[{"not_picked":["Inflame","Sentinel"],"picked":"Thunderclap","floor":1.0},{"not_picked":["Corruption","Dropkick"],"picked":"Shrug It Off","floor":2.0},{"not_picked":["Armaments","Pommel Strike"],"picked":"Shockwave","floor":5},{"not_picked":["Cleave","Battle Trance"],"picked":"Whirlwind","floor":7},{"not_picked":["Havoc","Warcry","Pommel Strike"],"picked":"SKIP","floor":10},{"not_picked":["Clash","Cleave","Warcry"],"picked":"SKIP","floor":13},{"not_picked":["Pommel Strike","Havoc"],"picked":"Bludgeon","floor":14},{"not_picked":["Bludgeon","Dark Embrace"],"picked":"Immolate","floor":16},{"not_picked":["Havoc","Clash"],"picked":"Entrench+1","floor":18},{"not_picked":["Fire Breathing","Wild Strike","Perfected Strike+1"],"picked":"SKIP","floor":21},{"not_picked":["Sword Boomerang+1","Heavy Blade","Thunderclap"],"picked":"SKIP","floor":22},{"not_picked":["Anger","Sword Boomerang"],"picked":"Body Slam","floor":23}],"player_experience":269207,"relics_obtained":[{"floor":7,"key":"Vajra"},{"floor":9,"key":"Matryoshka"},{"floor":14,"key":"Dream Catcher"},{"floor":25,"key":"Juzu Bracelet"},{"floor":25,"key":"Bag of Marbles"},{"floor":26,"key":"Potion Belt"},{"floor":26,"key":"Kunai"}],"event_choices":[{"damage_healed":0,"gold_gain":0,"player_choice":"0 cards matched","damage_taken":0,"max_hp_gain":0,"max_hp_loss":0,"event_name":"Match and Keep!","floor":4,"gold_loss":0,"cards_obtained":[]},{"cards_removed":["Strike_R"],"damage_healed":0,"gold_gain":0,"player_choice":"Card Removal","damage_taken":0,"max_hp_gain":0,"max_hp_loss":0,"event_name":"The Cleric","floor":11,"gold_loss":50},{"damage_healed":0,"gold_gain":0,"player_choice":"Entered Light","damage_taken":16,"max_hp_gain":0,"max_hp_loss":0,"event_name":"Shining Light","floor":12,"gold_loss":0,"cards_upgraded":["Thunderclap","Strike_R"]},{"damage_healed":0,"gold_gain":0,"player_choice":"","damage_taken":8,"max_hp_gain":0,"max_hp_loss":0,"event_name":"Knowing Skull","floor":20,"potions_obtained":[],"gold_loss":0,"cards_obtained":[]},{"cards_removed":["Strike_R"],"damage_healed":0,"gold_gain":0,"player_choice":"Offered Basic","damage_taken":0,"max_hp_gain":0,"max_hp_loss":0,"event_name":"Bonfire Elementals","floor":27,"gold_loss":0},{"damage_healed":0,"gold_gain":0,"player_choice":"Opened","damage_taken":0,"relics_obtained":["Regal Pillow"],"max_hp_gain":0,"max_hp_loss":0,"event_name":"The Mausoleum","floor":29,"gold_loss":0},{"damage_healed":0,"gold_gain":0,"player_choice":"Became a Ghost","damage_taken":0,"max_hp_gain":0,"max_hp_loss":40,"event_name":"Ghosts","floor":30,"gold_loss":0,"cards_obtained":["Ghostly","Ghostly","Ghostly","Ghostly","Ghostly"]}],"is_beta":false,"boss_relics":[{"not_picked":["Black Blood","Pandora\u0027s Box"],"picked":"Sozu"}],"items_purged_floors":[19],"is_endless":false,"potions_floor_spawned":[1,5,10,21,22],"killed_by":"Collector","ascension_level":5}