{"gold_per_floor":[111,131,56,68,83,83,94,113,113,113,113,127,127,143,143,244,244,256,256,271,271],"floor_reached":21,"playtime":1071,"items_purged":["Strike_B"],"score":175,"play_id":"8a71796e-1e26-4885-94b1-1dd4d7179728","local_time":"20190130211753","is_ascension_mode":false,"campfire_choices":[{"data":"Doom and Gloom","floor":6,"key":"SMITH"},{"data":"Recycle","floor":11,"key":"SMITH"},{"floor":13,"key":"REST"},{"data":"Creative AI","floor":15,"key":"SMITH"}],"neow_cost":"NONE","seed_source_timestamp":33046486958941,"circlet_count":0,"master_deck":["Strike_B","Strike_B","Strike_B","Defend_B","Defend_B","Defend_B","Defend_B","Dualcast","Doom and Gloom+1","Recycle+1","Creative AI+1","Rainbow","Coolheaded+1"],"relics":["Cursed Key"],"potions_floor_usage":[8,16,18,18],"damage_taken":[{"damage":1,"enemies":"Cultist","floor":1,"turns":3},{"damage":0,"enemies":"2 Louse","floor":2,"turns":1},{"damage":6,"enemies":"Jaw Worm","floor":4,"turns":3},{"damage":10,"enemies":"Gremlin Gang","floor":5,"turns":4},{"damage":13,"enemies":"Lots of Slimes","floor":7,"turns":3},{"damage":1,"enemies":"Exordium Wildlife","floor":8,"turns":4},{"damage":0,"enemies":"Large Slime","floor":12,"turns":4},{"damage":11,"enemies":"Lots of Slimes","floor":14,"turns":3},{"damage":21,"enemies":"The Guardian","floor":16,"turns":9},{"damage":22,"enemies":"2 Thieves","floor":18,"turns":4},{"damage":25,"enemies":"3 Byrds","floor":20,"turns":3},{"damage":31,"enemies":"Shelled Parasite and Fungi","floor":21,"turns":5}],"seed_played":"-2843388056664998333","potions_obtained":[{"floor":5,"key":"AttackPotion"},{"floor":7,"key":"GamblersBrew"},{"floor":12,"key":"FearPotion"},{"floor":14,"key":"PowerPotion"}],"is_trial":false,"path_per_floor":["M","M","$","M","M","R","M","M","T","?","R","M","R","M","R","B",null,"M","?","M","M"],"character_chosen":"DEFECT","items_purchased":[],"campfire_rested":1,"item_purchase_floors":[],"current_hp_per_floor":[74,74,74,68,58,58,45,44,44,44,44,44,66,55,55,34,75,53,53,28,0],"gold":271,"neow_bonus":"BOSS_RELIC","is_prod":false,"is_daily":false,"chose_seed":false,"campfire_upgraded":3,"win_rate":0,"timestamp":1548845273,"path_taken":["M","M","$","M","M","R","M","?","T","?","R","?","R","M","R","BOSS","M","?","?","M"],"build_version":"2019-01-23","purchased_purges":1,"victory":false,"max_hp_per_floor":[75,75,75,75,75,75,75,75,75,75,75,75,75,75,75,75,75,75,75,75,75],"card_choices":[{"not_picked":["Beam Cell","White Noise"],"picked":"Doom and Gloom","floor":1},{"not_picked":["Leap","Gash"],"picked":"Recycle","floor":2},{"not_picked":["Streamline","Compile Driver","Auto Shields"],"picked":"SKIP","floor":4},{"not_picked":["Force Field","Turbo","Steam"],"picked":"SKIP","floor":5},{"not_picked":["Barrage","Double Energy","Genetic Algorithm"],"picked":"SKIP","floor":7},{"not_picked":["Steam Power","Gash","Barrage"],"picked":"SKIP","floor":8},{"not_picked":["Storm","Leap","Go for the Eyes"],"picked":"SKIP","floor":12},{"not_picked":["Beam Cell","Turbo"],"picked":"Creative AI","floor":14},{"not_picked":["Buffer","Seek"],"picked":"Rainbow","floor":16},{"not_picked":["Sweeping Beam","Stack"],"picked":"Coolheaded+1","floor":18},{"not_picked":["FTL","Aggregate","Compile Driver"],"picked":"SKIP","floor":20}],"player_experience":545614,"relics_obtained":[],"event_choices":[{"damage_healed":0,"gold_gain":0,"player_choice":"Ignored","damage_taken":0,"max_hp_gain":0,"max_hp_loss":0,"event_name":"WeMeetAgain","floor":10,"gold_loss":0},{"cards_removed":["Zap"],"damage_healed":0,"gold_gain":0,"player_choice":"Offered Basic","damage_taken":0,"max_hp_gain":0,"max_hp_loss":0,"event_name":"Bonfire Elementals","floor":19,"gold_loss":0}],"is_beta":false,"boss_relics":[{"not_picked":[]}],"items_purged_floors":[3],"is_endless":false,"potions_floor_spawned":[5,7,12,14],"killed_by":"Shelled Parasite and Fungi","ascension_level":0}