{"gold_per_floor":[114,114,114,125,138,169,183,183],"floor_reached":8,"playtime":338,"items_purged":[],"score":90,"play_id":"0cc8e43a-d974-49a0-aa62-a5b5fb7d7310","local_time":"20190112215054","is_ascension_mode":true,"campfire_choices":[],"neow_cost":"NONE","seed_source_timestamp":680839113352181,"circlet_count":0,"master_deck":["AscendersBane","Defend_G","Defend_G","Defend_G","Defend_G","Defend_G","Strike_G","Strike_G","Strike_G","Strike_G","Survivor","Neutralize","Dagger Throw","Caltrops","Slice","Deadly Poison","Cloak And Dagger","Dodge and Roll"],"relics":["Ring of the Snake","NeowsBlessing","Kunai","Regal Pillow"],"potions_floor_usage":[6,7],"damage_taken":[{"damage":0,"enemies":"Cultist","floor":1,"turns":1},{"damage":0,"enemies":"Small Slimes","floor":4,"turns":1},{"damage":0,"enemies":"2 Louse","floor":5,"turns":1},{"damage":22,"enemies":"3 Sentries","floor":6,"turns":10},{"damage":10,"enemies":"Lots of Slimes","floor":7,"turns":4},{"damage":33,"enemies":"Gremlin Nob","floor":8,"turns":4}],"seed_played":"6967751192617098743","potions_obtained":[{"floor":4,"key":"EssenceOfSteel"},{"floor":5,"key":"Energy Potion"},{"floor":6,"key":"GamblersBrew"}],"is_trial":false,"path_per_floor":["M","T","?","M","M","E","M","E"],"character_chosen":"THE_SILENT","items_purchased":[],"campfire_rested":0,"item_purchase_floors":[],"current_hp_per_floor":[63,63,63,63,63,41,31,0],"gold":183,"neow_bonus":"THREE_ENEMY_KILL","is_prod":false,"is_daily":false,"chose_seed":false,"campfire_upgraded":0,"win_rate":0,"timestamp":1547297454,"path_taken":["M","?","?","M","?","E","M","E"],"build_version":"2019-01-10","purchased_purges":0,"victory":false,"max_hp_per_floor":[70,70,70,70,70,70,70,70],"card_choices":[{"not_picked":["Acrobatics","Accuracy"],"picked":"Dagger Throw","floor":1},{"not_picked":["Acrobatics","Finisher"],"picked":"Slice","floor":4},{"not_picked":["Slice","Riddle With Holes"],"picked":"Deadly Poison","floor":5},{"not_picked":["Flying Knee","Underhanded Strike"],"picked":"Cloak And Dagger","floor":6},{"not_picked":["Backflip","Prepared"],"picked":"Dodge and Roll","floor":7}],"player_experience":369477,"relics_obtained":[{"floor":2,"key":"Kunai"},{"floor":6,"key":"Regal Pillow"}],"event_choices":[{"damage_healed":0,"gold_gain":0,"cards_transformed":["Strike_G"],"player_choice":"Transformed","damage_taken":0,"max_hp_gain":0,"max_hp_loss":0,"event_name":"Transmorgrifier","floor":3,"gold_loss":0,"cards_obtained":["Caltrops"]}],"is_beta":false,"boss_relics":[],"items_purged_floors":[],"is_endless":false,"potions_floor_spawned":[4,5,6],"killed_by":"Gremlin Nob","ascension_level":11}