{"path_per_floor":["M","?","M","?","M","E","R","?","T"],"character_chosen":"DEFECT","items_purchased":[],"gold_per_floor":[115,115,130,130,140,173,173,198,198,198],"floor_reached":10,"campfire_rested":1,"playtime":632,"item_purchase_floors":[],"current_hp_per_floor":[75,75,74,59,53,29,51,19,19,0],"items_purged":[],"gold":198,"score":66,"play_id":"5a27f782-67d4-4090-b9b3-2be469cd051b","local_time":"20180604043425","is_prod":false,"is_daily":false,"chose_seed":false,"is_ascension_mode":false,"campfire_upgraded":0,"win_rate":0,"timestamp":1528079665,"campfire_choices":[{"floor":7,"key":"REST"}],"path_taken":["M","?","?","?","M","E","R","?","T","E"],"build_version":"2018-05-30v2","seed_source_timestamp":191480839571172,"purchased_purges":0,"victory":false,"master_deck":["Strike_B","Strike_B","Strike_B","Strike_B+1","Defend_B+1","Defend_B","Defend_B+1","Defend_B","Zap+1","Dualcast","Decay","Echo Form","Melter","Tempest","Gash","Ball Lightning","Gash","Hologram"],"max_hp_per_floor":[75,75,75,75,75,75,75,75,75,75],"relics":["Cracked Core","War Paint","Odd Mushroom","Mummified Hand"],"card_choices":[{"not_picked":["Buffer","Amplify"],"picked":"Echo Form","floor":0.0},{"not_picked":["Gash","Leap"],"picked":"Melter","floor":1.0},{"not_picked":["Scrape","Fusion"],"picked":"Gash","floor":3.0},{"not_picked":["Compile Driver","Redo"],"picked":"Ball Lightning","floor":5.0},{"not_picked":["Skim","Go for the Eyes"],"picked":"Gash","floor":6},{"not_picked":["Steam Power","FTL"],"picked":"Hologram","floor":8}],"player_experience":34859,"potions_floor_usage":[],"damage_taken":[{"damage":0.0,"enemies":"Cultist","floor":1.0,"turns":4.0},{"damage":1.0,"enemies":"2 Louse","floor":3.0,"turns":2.0},{"damage":6.0,"enemies":"Small Slimes","floor":5.0,"turns":3.0},{"damage":24,"enemies":"3 Sentries","floor":6,"turns":6},{"damage":32,"enemies":"The Mushroom Lair","floor":8,"turns":4},{"damage":23,"enemies":"Gremlin Nob","floor":10,"turns":3}],"relics_obtained":[{"floor":6,"key":"War Paint"},{"floor":8,"key":"Odd Mushroom"},{"floor":9,"key":"Mummified Hand"}],"event_choices":[{"event_name":"Match and Keep!","player_choice":"1 cards matched","floor":2.0,"damage_taken":0.0},{"event_name":"Shining Light","player_choice":"Entered Light","floor":4.0,"damage_taken":0.0},{"event_name":"Mushrooms","player_choice":"Fought Mushrooms","floor":8,"damage_taken":0}],"boss_relics":[],"items_purged_floors":[],"potions_floor_spawned":[5,8],"seed_played":"2176006836217684218","killed_by":"Gremlin Nob","ascension_level":0,"potions_obtained":[{"floor":5.0,"key":"Ancient Potion"},{"floor":8,"key":"Block Potion"}],"is_trial":false}