{"gold_per_floor":[115,40,58,74,84,117,117,150,150,150,150,150],"floor_reached":12,"playtime":378,"items_purged":["Strike_B"],"score":101,"play_id":"7dbd64bc-2dd8-4f9c-b7cc-33aa02167205","local_time":"20190212152058","is_ascension_mode":true,"campfire_choices":[{"data":"Zap","floor":7,"key":"SMITH"}],"neow_cost":"NONE","seed_source_timestamp":8418912063350,"circlet_count":0,"master_deck":["Strike_B","Strike_B","Strike_B","Defend_B","Defend_B","Defend_B","Defend_B","Zap+1","Dualcast","Deep Breath","Coolheaded","Turbo","Go for the Eyes","Sweeping Beam"],"relics":["Cracked Core","Ancient Tea Set","Shuriken"],"potions_floor_usage":[6,8,12],"damage_taken":[{"damage":2,"enemies":"2 Louse","floor":1,"turns":3},{"damage":2,"enemies":"Jaw Worm","floor":3,"turns":4},{"damage":0,"enemies":"Cultist","floor":4,"turns":3},{"damage":1,"enemies":"Blue Slaver","floor":5,"turns":4},{"damage":42,"enemies":"Gremlin Nob","floor":6,"turns":5},{"damage":21,"enemies":"Lagavulin","floor":8,"turns":7},{"damage":14,"enemies":"3 Sentries","floor":12,"turns":2}],"seed_played":"5197244867562248976","potions_obtained":[{"floor":1,"key":"FocusPotion"},{"floor":4,"key":"Weak Potion"},{"floor":11,"key":"Ancient Potion"},{"floor":11,"key":"SneckoOil"},{"floor":11,"key":"Fruit Juice"}],"is_trial":false,"path_per_floor":["M","$","M","M","M","E","R","E","T","?","?","E"],"character_chosen":"DEFECT","items_purchased":[],"campfire_rested":0,"item_purchase_floors":[],"current_hp_per_floor":[73,73,71,71,70,28,28,7,7,7,7,0],"gold":150,"neow_bonus":"RANDOM_COLORLESS","is_prod":false,"is_daily":false,"chose_seed":false,"campfire_upgraded":1,"win_rate":0,"timestamp":1549981258,"path_taken":["M","$","M","M","M","E","R","E","T","?","?","E"],"build_version":"2019-01-23","purchased_purges":1,"victory":false,"max_hp_per_floor":[75,75,75,75,75,75,75,75,75,75,75,80],"card_choices":[{"not_picked":["Turbo","Auto Shields"],"picked":"Coolheaded","floor":1},{"not_picked":["Steam","Redo"],"picked":"Turbo","floor":3},{"not_picked":["Cold Snap","Redo"],"picked":"Go for the Eyes","floor":4},{"not_picked":["Aggregate","Streamline"],"picked":"Sweeping Beam","floor":5},{"not_picked":["Undo","Go for the Eyes","Leap"],"picked":"SKIP","floor":6},{"not_picked":["Glacier","Steam","Melter"],"picked":"SKIP","floor":8}],"player_experience":67629,"relics_obtained":[{"floor":6,"key":"Ancient Tea Set"},{"floor":8,"key":"Shuriken"}],"event_choices":[{"damage_healed":0,"gold_gain":0,"player_choice":"Ignored","damage_taken":0,"max_hp_gain":0,"max_hp_loss":0,"event_name":"Liars Game","floor":10,"gold_loss":0},{"damage_healed":0,"gold_gain":0,"player_choice":"Got Potions","damage_taken":0,"max_hp_gain":0,"max_hp_loss":0,"event_name":"Lab","floor":11,"gold_loss":0}],"is_beta":false,"boss_relics":[],"items_purged_floors":[2],"is_endless":false,"potions_floor_spawned":[1,4],"killed_by":"3 Sentries","ascension_level":3}