{"gold_per_floor":[115,115,125,136,44,44,102,102,128,153,165,199,199,199,199,294,294],"floor_reached":17,"playtime":1199,"items_purged":[],"score":234,"play_id":"c2d558ad-5b57-4acd-a409-4dcc6cfff735","local_time":"20180721115933","is_ascension_mode":true,"campfire_choices":[{"data":"Armaments","floor":6,"key":"SMITH"},{"data":"Armaments","floor":8,"key":"SMITH"},{"data":"Corruption","floor":13,"key":"SMITH"},{"data":"Disarm","floor":15,"key":"SMITH"}],"neow_cost":"NONE","seed_source_timestamp":627668691096513,"circlet_count":0,"master_deck":["Strike_R","Defend_R","Defend_R","Defend_R","Defend_R","Bash","Shockwave","Flex","Armaments+1","Disarm+1","Armaments+1","Corruption+1","Iron Wave","Shrug It Off","Iron Wave","Metallicize","Bash","Reaper","Second Wind+1","Fire Breathing+1","Bludgeon+1"],"relics":["Burning Blood","Tiny Chest","Happy Flower","Pen Nib","Blood Vial","Astrolabe"],"potions_floor_usage":[],"damage_taken":[{"damage":13,"enemies":"Jaw Worm","floor":1,"turns":6},{"damage":9,"enemies":"Cultist","floor":3,"turns":5},{"damage":6,"enemies":"2 Louse","floor":4,"turns":4},{"damage":37,"enemies":"3 Sentries","floor":7,"turns":11},{"damage":9,"enemies":"Lagavulin","floor":10,"turns":10},{"damage":11,"enemies":"Lots of Slimes","floor":11,"turns":4},{"damage":17,"enemies":"3 Sentries","floor":12,"turns":8},{"damage":11,"enemies":"Hexaghost","floor":16,"turns":13}],"seed_played":"-2723405847702325720","potions_obtained":[{"floor":3,"key":"Swift Potion"},{"floor":7,"key":"Swift Potion"},{"floor":11,"key":"Swift Potion"},{"floor":12,"key":"LiquidBronze"},{"floor":16,"key":"SkillPotion"}],"is_trial":false,"path_per_floor":["M","?","M","M","$","R","E","R","T","E","M","E","R","?","R","B"],"character_chosen":"IRONCLAD","items_purchased":["Armaments","Corruption"],"campfire_rested":0,"item_purchase_floors":[5,5],"current_hp_per_floor":[73,73,70,70,70,70,39,39,39,36,31,20,20,20,20,17,17],"gold":294,"neow_bonus":"TEN_PERCENT_HP_BONUS","is_prod":false,"is_daily":false,"chose_seed":false,"campfire_upgraded":4,"win_rate":0,"timestamp":1532192373,"path_taken":["M","?","M","M","$","R","E","R","T","E","M","E","R","?","R","BOSS"],"build_version":"2018-07-19","purchased_purges":0,"victory":false,"max_hp_per_floor":[88,88,88,88,88,88,88,88,88,88,88,88,88,88,88,88,88],"card_choices":[{"not_picked":["Shrug It Off","Iron Wave"],"picked":"Shockwave","floor":1},{"not_picked":["Hemokinesis","Cleave"],"picked":"Armaments","floor":3},{"not_picked":["Havoc","Reckless Charge"],"picked":"Disarm","floor":4},{"not_picked":["Reckless Charge","Brutality"],"picked":"Iron Wave","floor":7},{"not_picked":["Perfected Strike","Warcry","Shockwave"],"picked":"SKIP","floor":10},{"not_picked":["Dual Wield","Clothesline"],"picked":"Shrug It Off","floor":11},{"not_picked":["Intimidate","Clash"],"picked":"Iron Wave","floor":12},{"not_picked":["Juggernaut","Berserk"],"picked":"Reaper","floor":16}],"player_experience":285041,"relics_obtained":[{"floor":7,"key":"Tiny Chest"},{"floor":9,"key":"Happy Flower"},{"floor":10,"key":"Pen Nib"},{"floor":12,"key":"Blood Vial"}],"event_choices":[{"event_name":"Transmorgrifier","player_choice":"Transform","floor":2,"damage_taken":0},{"event_name":"Match and Keep!","player_choice":"2 cards matched","floor":14,"damage_taken":0}],"is_beta":true,"boss_relics":[{"not_picked":["Empty Cage","Calling Bell"],"picked":"Astrolabe"}],"items_purged_floors":[],"is_endless":false,"potions_floor_spawned":[3,7,11,12,16],"ascension_level":7}