{"path_per_floor":["M","M","?","M","$","R","?","$","T","?","M","M","M","?","R","B",null,"M","?","$","M","$","E","R","M","T","T","$","?","R","E","R","B",null,"M","$","?","$","M","R","?","M","T","M","M","$"],"character_chosen":"IRONCLAD","items_purchased":["Shrug It Off","Shrug It Off","Finesse","Inflame","Spot Weakness","Rampage","Flex","Block Potion","Explosive Potion","Oddly Smooth Stone","Clash","Explosive Potion","Strength Potion"],"gold_per_floor":[111,127,127,137,10,10,10,10,10,10,21,39,51,51,51,154,154,173,173,30,48,48,373,373,392,392,392,60,60,60,89,89,186,186,203,60,60,34,49,49,49,67,90,108,118,16,16],"floor_reached":47,"campfire_rested":3,"playtime":1684,"current_hp_per_floor":[80,80,80,79,79,79,79,79,79,72,78,80,80,80,80,70,80,60,60,60,64,64,49,73,66,66,66,66,66,66,63,87,13,87,80,80,80,80,53,79,79,45,45,21,49,49,0],"items_purged":["Barricade"],"gold":16,"score":526,"play_id":"2b452b31-0753-4979-ae7c-5ca359021b00","local_time":"20180417080624","is_prod":false,"is_daily":false,"chose_seed":false,"is_ascension_mode":true,"campfire_upgraded":2,"timestamp":1523941584,"path_taken":["M","M","?","M","$","R","?","?","T","?","M","?","M","?","R","BOSS","M","?","$","?","?","E","R","M","T","?","$","?","R","E","R","BOSS","M","?","?","$","M","R","?","M","T","M","M","?","E"],"build_version":"2018-04-12","seed_source_timestamp":109796672704050,"purchased_purges":3,"victory":false,"master_deck":["Strike_R","Strike_R","Strike_R","Strike_R","Strike_R","Defend_R","Defend_R","Bash+1","Perfected Strike","Clash+1","Cleave","Flex","Shrug It Off+1","Perfected Strike","Clash","Shrug It Off+1","Finesse","Pommel Strike","Searing Blow","Inflame","Spot Weakness","Rampage","Flex","Offering","Armaments+1","Clash","Spot Weakness+1","Mind Blast","Clash"],"max_hp_per_floor":[80,80,80,80,80,80,80,80,80,80,80,80,80,80,80,80,80,80,80,80,80,80,80,80,80,80,80,80,80,80,87,87,87,87,87,87,87,87,87,87,87,87,87,87,87,87,87],"relics":["Burning Blood","Bronze Scales","White Beast Statue","Old Coin","Torii","Girya","Strawberry","Lizard Tail","Oddly Smooth Stone","Happy Flower"],"card_choices":[{"not_picked":["Warcry","Twin Strike"],"picked":"Perfected Strike","floor":0},{"not_picked":["Twin Strike","Havoc"],"picked":"Clash","floor":1},{"not_picked":["Pommel Strike","Clash"],"picked":"Flex","floor":4},{"not_picked":["Dropkick","Sword Boomerang"],"picked":"Perfected Strike","floor":13},{"not_picked":["Metallicize","Disarm"],"picked":"Clash","floor":18},{"not_picked":["Cleave","Clash"],"picked":"Pommel Strike","floor":23},{"not_picked":["Sever Soul","Exhume"],"picked":"Searing Blow","floor":25},{"not_picked":["Reckless Charge","Havoc"],"picked":"Offering","floor":31},{"not_picked":["Body Slam","Clash"],"picked":"Armaments","floor":35},{"not_picked":["Sever Soul","Anger"],"picked":"Spot Weakness","floor":39},{"not_picked":["Flash of Steel","Swift Strike"],"picked":"Mind Blast","floor":41},{"not_picked":["Iron Wave","Cleave"],"picked":"Clash","floor":45}],"player_experience":231313,"potions_floor_usage":[16,16,23,23,23,25,31,31,31,33,35,39,42,45,45,47,47,47],"damage_taken":[{"damage":1,"enemies":"2 Louse","floor":1,"turns":3},{"damage":1,"enemies":"Cultist","floor":2,"turns":3},{"damage":7,"enemies":"Small Slimes","floor":4,"turns":3},{"damage":0,"enemies":"Looter","floor":11,"turns":3},{"damage":0,"enemies":"Exordium Wildlife","floor":12,"turns":2},{"damage":0,"enemies":"2 Fungi Beasts","floor":13,"turns":2},{"damage":16,"enemies":"Slime Boss","floor":16,"turns":7},{"damage":26,"enemies":"2 Thieves","floor":18,"turns":4},{"damage":2,"enemies":"Spheric Guardian","floor":21,"turns":3},{"damage":36,"enemies":"Book of Stabbing","floor":23,"turns":6},{"damage":13,"enemies":"Chosen and Byrds","floor":25,"turns":4},{"damage":16,"enemies":"Slavers","floor":31,"turns":4},{"damage":80,"enemies":"Champ","floor":33,"turns":11},{"damage":13,"enemies":"3 Darklings","floor":35,"turns":6},{"damage":33,"enemies":"3 Shapes","floor":39,"turns":3},{"damage":40,"enemies":"3 Darklings","floor":42,"turns":3},{"damage":30,"enemies":"4 Shapes","floor":44,"turns":5},{"damage":24,"enemies":"Sphere and 2 Shapes","floor":45,"turns":4},{"damage":55,"enemies":"Giant Head","floor":47,"turns":6}],"event_choices":[{"event_name":"Match and Keep!","player_choice":"2 cards matched","floor":3,"damage_taken":0},{"event_name":"Living Wall","player_choice":"Grow","floor":7,"damage_taken":0},{"event_name":"Golden Wing","player_choice":"Card Removal","floor":10,"damage_taken":0},{"event_name":"Wheel of Change","player_choice":"Card Removal","floor":14,"damage_taken":0},{"event_name":"Ghosts","player_choice":"Ignored","floor":19,"damage_taken":0},{"event_name":"Addict","player_choice":"Ignored","floor":29,"damage_taken":0},{"event_name":"Upgrade Shrine","player_choice":"Upgraded","floor":37,"damage_taken":0},{"event_name":"SensoryStone","player_choice":"Memory 1","floor":41,"damage_taken":0}],"boss_relics":[{"not_picked":["Philosopher\u0027s Stone","Runic Cube"],"picked":"White Beast Statue"},{"not_picked":["Black Star","Eternal Feather"],"picked":"Lizard Tail"}],"potions_floor_spawned":[11,12,13,16,18,21,23,25,31,33,35,39,42,44,45],"seed_played":"7543238849921622860","killed_by":"Giant Head","ascension_level":1,"is_trial":false}