{"gold_per_floor":[118,132,146,156,175,204,204,204,231,231,260,410,429,447,447,525,525,538,453,453,453],"floor_reached":21,"playtime":951,"items_purged":[],"score":317,"play_id":"6aab5f6d-ecb8-409e-a991-3732c9fda621","local_time":"20190204122116","is_ascension_mode":true,"campfire_choices":[{"floor":8,"key":"REST"},{"floor":10,"key":"REST"},{"floor":15,"key":"REST"}],"neow_cost":"NONE","seed_source_timestamp":79327182264073,"circlet_count":0,"master_deck":["AscendersBane","Defend_G","Defend_G","Defend_G","Defend_G","Defend_G","Strike_G","Strike_G","Strike_G","Strike_G","Strike_G","Survivor","Neutralize","Flying Knee","Riddle With Holes","Crippling Poison+1","Deadly Poison+1","Well Laid Plans","Deadly Poison","Poisoned Stab","Predator","Prepared","Envenom","Blade Dance"],"relics":["Ring of the Snake","Omamori","Dead Branch","War Paint","Odd Mushroom","Eternal Feather","Bag of Marbles","Oddly Smooth Stone"],"potions_floor_usage":[6,16,16],"damage_taken":[{"damage":1,"enemies":"Cultist","floor":1,"turns":6},{"damage":5,"enemies":"2 Louse","floor":2,"turns":3},{"damage":0,"enemies":"Small Slimes","floor":3,"turns":3},{"damage":5,"enemies":"3 Louse","floor":4,"turns":3},{"damage":15,"enemies":"Blue Slaver","floor":5,"turns":3},{"damage":10,"enemies":"3 Sentries","floor":6,"turns":9},{"damage":9,"enemies":"The Mushroom Lair","floor":11,"turns":3},{"damage":4,"enemies":"Large Slime","floor":13,"turns":5},{"damage":2,"enemies":"3 Louse","floor":14,"turns":3},{"damage":34,"enemies":"Slime Boss","floor":16,"turns":8},{"damage":26,"enemies":"Chosen","floor":18,"turns":5},{"damage":28,"enemies":"Spheric Guardian","floor":21,"turns":5}],"seed_played":"942856844701604727","potions_obtained":[{"floor":1,"key":"SpeedPotion"},{"floor":5,"key":"Strength Potion"},{"floor":6,"key":"FearPotion"},{"floor":11,"key":"LiquidBronze"}],"is_trial":false,"path_per_floor":["M","M","M","M","M","E","?","R","T","R","?","?","M","M","R","B",null,"M","?","?","M"],"character_chosen":"THE_SILENT","items_purchased":[],"campfire_rested":3,"item_purchase_floors":[],"current_hp_per_floor":[58,53,53,48,33,23,5,24,24,43,34,34,30,28,47,13,53,27,27,27,0],"gold":453,"neow_bonus":"RANDOM_COMMON_RELIC","is_prod":false,"is_daily":false,"chose_seed":false,"campfire_upgraded":0,"win_rate":0,"timestamp":1549300876,"path_taken":["M","?","M","?","M","E","?","R","T","R","?","?","M","M","R","BOSS","M","?","?","M"],"build_version":"2019-01-23","purchased_purges":0,"victory":false,"max_hp_per_floor":[66,66,66,66,66,66,66,66,66,66,66,66,66,66,66,66,66,66,66,66,66],"card_choices":[{"not_picked":["Well Laid Plans","PiercingWail"],"picked":"Flying Knee","floor":1},{"not_picked":["Prepared","Choke"],"picked":"Riddle With Holes","floor":2},{"not_picked":["Poisoned Stab","Choke"],"picked":"Crippling Poison","floor":3},{"not_picked":["Flying Knee","Outmaneuver"],"picked":"Deadly Poison","floor":4},{"not_picked":["Concentrate","Choke"],"picked":"Well Laid Plans","floor":5},{"not_picked":["Dagger Spray","Dodge and Roll"],"picked":"Deadly Poison","floor":6},{"not_picked":["Deflect","Tactician"],"picked":"Poisoned Stab","floor":11},{"not_picked":["Cloak And Dagger","Dagger Spray"],"picked":"Predator","floor":13},{"not_picked":["Glass Knife","Deflect"],"picked":"Prepared","floor":14},{"not_picked":["Grand Finale","Burst"],"picked":"Envenom","floor":16},{"not_picked":["Acrobatics","Setup"],"picked":"Blade Dance","floor":18}],"player_experience":2311797,"relics_obtained":[{"floor":6,"key":"Dead Branch"},{"floor":9,"key":"War Paint"},{"floor":11,"key":"Odd Mushroom"}],"event_choices":[{"damage_healed":0,"gold_gain":0,"player_choice":"Fled","damage_taken":18,"max_hp_gain":0,"max_hp_loss":0,"event_name":"Scrap Ooze","floor":7,"gold_loss":0},{"damage_healed":0,"gold_gain":0,"player_choice":"Fought Mushrooms","damage_taken":0,"max_hp_gain":0,"max_hp_loss":0,"event_name":"Mushrooms","floor":11,"gold_loss":0},{"damage_healed":0,"gold_gain":150,"player_choice":"AGREE","damage_taken":0,"max_hp_gain":0,"max_hp_loss":0,"event_name":"Liars Game","floor":12,"gold_loss":0,"cards_obtained":["Doubt"]},{"damage_healed":0,"gold_gain":0,"player_choice":"Obtained Relic","damage_taken":0,"relics_obtained":["Bag of Marbles"],"max_hp_gain":0,"max_hp_loss":0,"event_name":"Addict","floor":19,"gold_loss":85},{"damage_healed":0,"gold_gain":0,"player_choice":"Opened","damage_taken":0,"relics_obtained":["Oddly Smooth Stone"],"max_hp_gain":0,"max_hp_loss":0,"event_name":"The Mausoleum","floor":20,"gold_loss":0,"cards_obtained":["Writhe"]}],"is_beta":false,"boss_relics":[{"not_picked":["Philosopher\u0027s Stone","White Beast Statue"],"picked":"Eternal Feather"}],"items_purged_floors":[],"is_endless":false,"potions_floor_spawned":[1,5,6,11,14],"killed_by":"Spheric Guardian","ascension_level":15}