{"gold_per_floor":[110,110,185,197,66,66,98,98,147,163,163,173,98,129,129,203,203,203,203,203,81,81,81,81,81,81,81,81,81,81,81,81,81,81,81,81,81,81,81,81,81,81,81,81,81,81,42,42,42,42],"floor_reached":51,"playtime":2219,"items_purged":[],"score":1238,"play_id":"1240087b-bd89-4b88-80a9-fef9ad613171","local_time":"20180724210611","is_ascension_mode":true,"campfire_choices":[{"data":"Noxious Fumes","floor":6.0,"key":"SMITH"},{"data":"Neutralize","floor":11.0,"key":"SMITH"},{"data":"Cloak And Dagger","floor":15.0,"key":"SMITH"},{"floor":23,"key":"REST"},{"floor":27,"key":"REST"},{"floor":32,"key":"REST"},{"floor":40,"key":"REST"},{"floor":42,"key":"REST"},{"floor":45,"key":"REST"},{"floor":49,"key":"REST"}],"neow_cost":"NONE","seed_source_timestamp":0,"circlet_count":0,"master_deck":["Survivor","Neutralize+1","AscendersBane","Riddle With Holes","Cloak And Dagger+1","Noxious Fumes+1","Deflect","Escape Plan","Dagger Spray","Prepared","Wraith Form v2","Leg Sweep","PiercingWail","Dagger Spray","Well Laid Plans","Cloak And Dagger","Skewer","Poisoned Stab","Sucker Punch","Caltrops+1","Leg Sweep","Dodge and Roll+1","Predator","Infinite Blades+1","A Thousand Cuts","Sucker Punch","Deadly Poison","Acrobatics","Distraction","Dagger Throw","Noxious Fumes","Bane","Deadly Poison","Setup+1","Flechettes","Blur","Finisher+1","Writhe","Prepared","Footwork"],"special_seed":0,"relics":["Ring of the Snake","NeowsBlessing","Bag of Preparation","Art of War","Dream Catcher","Ectoplasm","Red Mask","Tiny Chest","Oddly Smooth Stone","Pandora\u0027s Box","MawBank","NlothsMask","Singing Bowl"],"potions_floor_usage":[30,33,33,50,50],"damage_taken":[{"damage":0.0,"enemies":"Jaw Worm","floor":1.0,"turns":1.0},{"damage":0.0,"enemies":"Cultist","floor":4.0,"turns":1.0},{"damage":0.0,"enemies":"Gremlin Nob","floor":7.0,"turns":1.0},{"damage":0.0,"enemies":"2 Louse","floor":10.0,"turns":3.0},{"damage":0.0,"enemies":"2 Fungi Beasts","floor":12.0,"turns":4.0},{"damage":21.0,"enemies":"Lagavulin","floor":14.0,"turns":7.0},{"damage":10.0,"enemies":"Hexaghost","floor":16.0,"turns":9.0},{"damage":0.0,"enemies":"3 Byrds","floor":18.0,"turns":5.0},{"damage":1.0,"enemies":"Shell Parasite","floor":19.0,"turns":8.0},{"damage":35,"floor":20,"turns":6},{"damage":9,"enemies":"Snake Plant","floor":22,"turns":7},{"damage":8,"enemies":"Snecko","floor":24,"turns":6},{"damage":12,"enemies":"Centurion and Healer","floor":25,"turns":7},{"damage":7,"enemies":"Snake Plant","floor":28,"turns":5},{"damage":16,"enemies":"Slavers","floor":30,"turns":6},{"damage":0,"enemies":"Chosen and Byrds","floor":31,"turns":5},{"damage":23,"enemies":"Collector","floor":33,"turns":10},{"damage":1,"enemies":"Orb Walker","floor":35,"turns":5},{"damage":18,"enemies":"3 Darklings","floor":38,"turns":6},{"damage":21,"enemies":"Maw","floor":39,"turns":8},{"damage":26,"enemies":"Spire Growth","floor":41,"turns":6},{"damage":58,"enemies":"Time Eater","floor":50,"turns":14}],"seed_played":"465481238939226159","potions_obtained":[{"floor":1.0,"key":"PowerPotion"},{"floor":10.0,"key":"LiquidBronze"},{"floor":18.0,"key":"EssenceOfSteel"},{"floor":24,"key":"Weak Potion"},{"floor":30,"key":"PowerPotion"},{"floor":38,"key":"Poison Potion"},{"floor":41,"key":"GamblersBrew"}],"is_trial":false,"path_per_floor":["M","?","?","M","$","R","E","?","T","M","R","M","?","E","R","B",null,"M","M","?","$","M","R","M","M","T","R","M","?","E","M","R","B",null,"M","T","?","M","M","R","M","R","T","?","R","?","$","T","R","B"],"character_chosen":"THE_SILENT","items_purchased":["Cloak And Dagger","Noxious Fumes","Well Laid Plans","Cloak And Dagger","Footwork"],"campfire_rested":7,"item_purchase_floors":[5,5,21,21,47],"current_hp_per_floor":[59,66,55,55,55,55,55,55,55,55,55,55,55,34,34,24,56,56,55,20,20,11,30,22,10,10,29,22,22,6,6,25,2,50,49,49,49,31,10,29,3,22,22,35,54,54,54,54,68,10],"gold":42,"neow_bonus":"THREE_ENEMY_KILL","is_prod":false,"is_daily":false,"chose_seed":false,"campfire_upgraded":3,"win_rate":0,"timestamp":1532459171,"path_taken":["M","?","?","M","$","R","E","?","T","?","R","M","?","E","R","BOSS","M","M","?","$","M","R","?","M","T","R","M","?","E","?","R","BOSS","M","?","?","M","?","R","M","R","T","?","R","?","$","?","R","BOSS"],"build_version":"2018-07-19v2","purchased_purges":0,"victory":true,"max_hp_per_floor":[66,66,66,66,66,66,66,66,66,66,66,66,66,66,66,66,66,66,66,66,66,66,66,66,66,66,66,66,66,66,66,66,66,66,66,66,66,66,66,66,66,66,66,66,66,66,66,66,68,68],"card_choices":[{"not_picked":["Acrobatics","Bouncing Flask"],"picked":"Endless Agony","floor":1.0},{"not_picked":["Deadly Poison","Tactician"],"picked":"Riddle With Holes","floor":4.0},{"not_picked":["Unload","Blade Dance"],"picked":"Deflect","floor":7.0},{"not_picked":["Heel Hook","Deflect"],"picked":"Escape Plan","floor":10.0},{"not_picked":["Deadly Poison","Quick Slash"],"picked":"Dagger Spray","floor":12.0},{"not_picked":["Riddle With Holes","Quick Slash"],"picked":"Prepared","floor":14.0},{"not_picked":["Grand Finale","Bullet Time"],"picked":"Wraith Form v2","floor":16.0},{"not_picked":["Outmaneuver","Dagger Throw"],"picked":"Leg Sweep","floor":18.0},{"not_picked":["Flying Knee","Sucker Punch"],"picked":"PiercingWail","floor":19.0},{"not_picked":["Outmaneuver+1","Accuracy+1"],"picked":"Dagger Spray","floor":20},{"not_picked":["Reflex","Night Terror"],"picked":"Skewer","floor":22},{"not_picked":["Calculated Gamble","Deadly Poison"],"picked":"Poisoned Stab","floor":23},{"not_picked":["Slice+1","Expertise"],"picked":"Sucker Punch","floor":24},{"not_picked":["Dagger Spray+1","Prepared"],"picked":"Caltrops+1","floor":25},{"not_picked":["Bane","Dodge and Roll"],"picked":"Leg Sweep","floor":27},{"not_picked":["Prepared","Deflect"],"picked":"Dodge and Roll+1","floor":28},{"not_picked":["Bane+1","Doppelganger"],"picked":"Predator","floor":30},{"not_picked":["Sucker Punch","Dagger Throw","Poisoned Stab"],"picked":"SKIP","floor":31},{"not_picked":["Acrobatics","Crippling Poison"],"picked":"Infinite Blades+1","floor":32},{"not_picked":["Doppelganger","Storm of Steel"],"picked":"A Thousand Cuts","floor":33},{"not_picked":["Deadly Poison+1","Well Laid Plans"],"picked":"Setup+1","floor":35},{"not_picked":["Slice","Deflect"],"picked":"Flechettes","floor":38},{"not_picked":["Accuracy","Deadly Poison","Endless Agony"],"picked":"SKIP","floor":39},{"not_picked":["Setup","Flying Knee"],"picked":"Blur","floor":40},{"not_picked":["Infinite Blades","Heel Hook"],"picked":"Finisher+1","floor":41},{"not_picked":["Flying Knee+1","Storm of Steel"],"picked":"Prepared","floor":45},{"not_picked":["Acrobatics","Backflip","Dagger Spray"],"picked":"Singing Bowl","floor":49}],"player_experience":1147925,"relics_obtained":[{"floor":7.0,"key":"Bag of Preparation"},{"floor":9.0,"key":"Art of War"},{"floor":14.0,"key":"Dream Catcher"},{"floor":20,"key":"Red Mask"},{"floor":26,"key":"Tiny Chest"},{"floor":30,"key":"Oddly Smooth Stone"},{"floor":36,"key":"MawBank"},{"floor":48,"key":"Singing Bowl"}],"event_choices":[{"event_name":"Bonfire Elementals","player_choice":"UNCOMMON","floor":2.0,"damage_taken":0.0},{"event_name":"World of Goop","player_choice":"Gather Gold","floor":3.0,"damage_taken":0.0},{"event_name":"Purifier","player_choice":"One Purge","floor":8.0,"damage_taken":0.0},{"event_name":"The Cleric","player_choice":"Card Removal","floor":13.0,"damage_taken":0.0},{"event_name":"Masked Bandits","player_choice":"Fought over 203 gold","floor":20,"damage_taken":0},{"event_name":"The Mausoleum","player_choice":"No","floor":29,"damage_taken":0},{"event_name":"FaceTrader","player_choice":"Trade","floor":37,"damage_taken":0},{"event_name":"Winding Halls","player_choice":"Writhe","floor":44,"damage_taken":0},{"event_name":"Mysterious Sphere","player_choice":"Ignore","floor":46,"damage_taken":0}],"is_beta":false,"boss_relics":[{"not_picked":["Orrery","Busted Crown"],"picked":"Ectoplasm"},{"not_picked":["White Beast Statue","Black Star"],"picked":"Pandora\u0027s Box"}],"items_purged_floors":[],"is_endless":false,"potions_floor_spawned":[1,10,18,24,25,30,31,38,41],"ascension_level":15}