{"gold_per_floor":[109,109,125,53,53,53,66,66,66,16,28,28,48,60,60,164,164,176,176,77,90,90,90,119,132,181,181,60,89,107,107,107,208,258,275,275,291,291,308,308,322,282,309,321],"floor_reached":44,"playtime":1214,"items_purged":["Strike_G","Strike_G","Writhe"],"score":463,"play_id":"48e17091-2d0b-4af4-b63c-49194ee9b58d","local_time":"20180725000807","is_ascension_mode":false,"campfire_choices":[{"data":"Backstab","floor":6,"key":"SMITH"},{"data":"Endless Agony","floor":15,"key":"SMITH"},{"data":"A Thousand Cuts","floor":23,"key":"SMITH"},{"data":"Backstab","floor":27,"key":"SMITH"},{"floor":32,"key":"REST"},{"floor":40,"key":"REST"},{"data":"Night Terror","floor":44,"key":"SMITH"}],"neow_cost":"NONE","seed_source_timestamp":79442089393763,"circlet_count":0,"master_deck":["Defend_G+1","Defend_G+1","Defend_G+1","Defend_G+1","Defend_G+1","Strike_G+1","Strike_G+1","Survivor+1","Neutralize+1","Slice+1","Leg Sweep+1","Acrobatics+1","Backstab+1","Choke+1","Dagger Spray+1","Deflect+1","Endless Agony+1","A Thousand Cuts+1","Dagger Spray+1","Cloak And Dagger+1","Backstab+1","Cloak And Dagger+1","Cloak And Dagger+1","Backstab+1","Cloak And Dagger+1","Die Die Die+1","Deflect+1","Outmaneuver+1","Cloak And Dagger+1","Madness","Madness","Night Terror+1","Parasite"],"relics":["Ring of the Snake","NeowsBlessing","Smiling Mask","Cursed Key","Happy Flower","Orichalcum","Snake Skull","Tiny House","Mark of the Bloom","MawBank"],"potions_floor_usage":[16,16,16,29,30,33,39],"damage_taken":[{"damage":0,"enemies":"Jaw Worm","floor":1,"turns":1},{"damage":0,"enemies":"2 Louse","floor":3,"turns":1},{"damage":0,"enemies":"Small Slimes","floor":7,"turns":1},{"damage":2,"enemies":"Looter","floor":11,"turns":2},{"damage":0,"enemies":"Exordium Wildlife","floor":13,"turns":2},{"damage":0,"enemies":"2 Fungi Beasts","floor":14,"turns":3},{"damage":48,"enemies":"Hexaghost","floor":16,"turns":16},{"damage":4,"enemies":"Chosen","floor":18,"turns":5},{"damage":6,"enemies":"Shell Parasite","floor":21,"turns":5},{"damage":6,"enemies":"Slavers","floor":24,"turns":3},{"damage":8,"enemies":"Centurion and Healer","floor":25,"turns":7},{"damage":11,"enemies":"Gremlin Leader","floor":29,"turns":6},{"damage":0,"enemies":"Snake Plant","floor":30,"turns":3},{"damage":44,"enemies":"Automaton","floor":33,"turns":11},{"damage":4,"enemies":"Orb Walker","floor":35,"turns":2},{"damage":3,"enemies":"3 Shapes","floor":37,"turns":3},{"damage":30,"enemies":"Sphere and 2 Shapes","floor":39,"turns":5},{"damage":12,"enemies":"Spire Growth","floor":41,"turns":5}],"seed_played":"7067942093046751651","potions_obtained":[{"floor":7,"key":"Fire Potion"},{"floor":11,"key":"SpeedPotion"},{"floor":13,"key":"FearPotion"},{"floor":24,"key":"Ancient Potion"},{"floor":29,"key":"Dexterity Potion"},{"floor":30,"key":"Fire Potion"},{"floor":34,"key":"SkillPotion"},{"floor":35,"key":"LiquidBronze"},{"floor":41,"key":"EssenceOfSteel"},{"floor":42,"key":"SteroidPotion"}],"is_trial":false,"path_per_floor":["M","?","M","$","?","R","M","$","T","$","M","?","M","M","R","B",null,"M","?","$","M","?","R","E","M","T","R","$","E","M","?","R","B",null,"M","?","M","?","M","R","M","?","T"],"character_chosen":"THE_SILENT","items_purchased":["Backstab","Dagger Spray","Backstab"],"campfire_rested":2,"item_purchase_floors":[4,20,28],"current_hp_per_floor":[70,70,70,70,56,56,56,56,56,56,54,54,54,54,54,6,70,66,66,66,60,60,60,54,46,46,46,46,35,35,35,56,12,75,71,71,68,59,29,29,17,17,17,17],"gold":321,"neow_bonus":"THREE_ENEMY_KILL","is_prod":false,"is_daily":false,"chose_seed":false,"campfire_upgraded":5,"win_rate":0,"timestamp":1532443087,"path_taken":["M","?","M","$","?","R","M","?","T","$","M","?","M","?","R","BOSS","M","?","$","M","?","R","E","?","T","R","$","E","M","?","R","BOSS","M","?","?","?","M","R","M","?","T","R"],"build_version":"2018-07-19v2","purchased_purges":3,"victory":false,"max_hp_per_floor":[70,70,70,70,70,70,70,70,70,70,70,70,70,70,70,70,70,70,70,70,70,70,70,70,70,70,70,70,70,70,70,70,70,75,75,75,75,75,75,75,75,75,75,75],"card_choices":[{"not_picked":["Dodge and Roll","Backflip"],"picked":"Slice","floor":1},{"not_picked":["Underhanded Strike","Acrobatics","Heel Hook"],"picked":"SKIP","floor":3},{"not_picked":["Underhanded Strike","Heel Hook"],"picked":"Acrobatics","floor":3},{"not_picked":["Flechettes","Finisher"],"picked":"Choke","floor":7},{"not_picked":["Poisoned Stab","Well Laid Plans"],"picked":"Dagger Spray","floor":11},{"not_picked":["Bane","Underhanded Strike"],"picked":"Deflect","floor":13},{"not_picked":["Dagger Throw","Accuracy"],"picked":"Endless Agony","floor":14},{"not_picked":["Storm of Steel","Envenom"],"picked":"A Thousand Cuts","floor":16},{"not_picked":["Flying Knee","Acrobatics"],"picked":"Prepared","floor":18},{"not_picked":["All Out Attack","Catalyst"],"picked":"Cloak And Dagger","floor":21},{"not_picked":["Caltrops","Underhanded Strike"],"picked":"Cloak And Dagger","floor":24},{"not_picked":["Doppelganger","Dash"],"picked":"Cloak And Dagger+1","floor":25},{"not_picked":["Underhanded Strike","Prepared","Catalyst"],"picked":"SKIP","floor":29},{"not_picked":["Acrobatics+1","Dagger Throw+1"],"picked":"Cloak And Dagger","floor":30},{"not_picked":["Unload","Venomology"],"picked":"Die Die Die","floor":33},{"not_picked":["Backflip","Setup"],"picked":"Deflect+1","floor":34},{"not_picked":["Quick Slash","Tools of the Trade"],"picked":"Outmaneuver+1","floor":35},{"not_picked":["Acrobatics+1","Deadly Poison"],"picked":"Cloak And Dagger+1","floor":37},{"not_picked":["Acrobatics+1","Underhanded Strike+1"],"picked":"Night Terror","floor":39},{"not_picked":["Bane+1","Tactician","Reflex+1"],"picked":"SKIP","floor":41}],"player_experience":252038,"relics_obtained":[{"floor":9,"key":"Smiling Mask"},{"floor":24,"key":"Happy Flower"},{"floor":26,"key":"Orichalcum"},{"floor":29,"key":"Snake Skull"},{"floor":43,"key":"MawBank"}],"event_choices":[{"event_name":"Living Wall","player_choice":"Change","floor":2,"damage_taken":0},{"event_name":"Shining Light","player_choice":"Entered Light","floor":5,"damage_taken":0},{"event_name":"The Cleric","player_choice":"Leave","floor":12,"damage_taken":0},{"event_name":"Back to Basics","player_choice":"Elegance","floor":19,"damage_taken":0},{"event_name":"The Library","player_choice":"Read","floor":22,"damage_taken":0},{"event_name":"Cursed Tome","player_choice":"Ignored","floor":31,"damage_taken":0},{"event_name":"MindBloom","player_choice":"Upgrade","floor":36,"damage_taken":0},{"event_name":"Winding Halls","player_choice":"Embrace Madness","floor":38,"damage_taken":0},{"event_name":"The Woman in Blue","player_choice":"Bought 3 Potions","floor":42,"damage_taken":0}],"is_beta":false,"boss_relics":[{"not_picked":["Ring of the Serpent","Sozu"],"picked":"Cursed Key"},{"not_picked":["Coffee Dripper","Runic Dome"],"picked":"Tiny House"}],"items_purged_floors":[10,20,28],"is_endless":false,"potions_floor_spawned":[7,11,13,24,29,30,35,41],"ascension_level":0}