{"gold_per_floor":[116,129,129,129,150,150,185,185,253,56,69,32,55,55,55,185,185,200,300,323,323,338,338,3,3,29,29],"floor_reached":27,"playtime":1054,"items_purged":[],"score":211,"play_id":"e4941c2c-9635-4b67-89f6-d4a4f935621e","local_time":"20180713142700","is_ascension_mode":false,"campfire_choices":[{"floor":6,"key":"REST"},{"floor":8,"key":"REST"},{"data":"Zap","floor":15,"key":"SMITH"},{"data":"Defragment","floor":23,"key":"SMITH"}],"neow_cost":"","seed_source_timestamp":0,"circlet_count":0,"master_deck":["Strike_B","Strike_B","Strike_B","Strike_B","Defend_B","Defend_B","Defend_B","Defend_B","Zap+1","Dualcast","Leap","Heatsinks","Cold Snap","Darkness","Blizzard","Self Repair","Defragment+1","Core Surge","Coolheaded+1","Go for the Eyes+1","Defragment+1","Cold Snap"],"relics":["Cracked Core","Golden Idol","Omamori","Pantograph","HandDrill","Eternal Feather","Singing Bowl","Regal Pillow"],"potions_floor_usage":[16,16,20,20,27],"damage_taken":[{"damage":6,"enemies":"Jaw Worm","floor":1,"turns":3},{"damage":10,"enemies":"Small Slimes","floor":2,"turns":3},{"damage":6,"enemies":"2 Louse","floor":5,"turns":2},{"damage":33,"enemies":"Gremlin Nob","floor":7,"turns":5},{"damage":3,"enemies":"Large Slime","floor":11,"turns":7},{"damage":0,"enemies":"Blue Slaver","floor":13,"turns":4},{"damage":22,"enemies":"The Guardian","floor":16,"turns":12},{"damage":13,"enemies":"Chosen","floor":18,"turns":5},{"damage":14,"enemies":"2 Thieves","floor":20,"turns":4},{"damage":15,"enemies":"Snecko","floor":22,"turns":6},{"damage":67,"floor":27,"turns":4}],"seed_played":"-3543262786349112294","potions_obtained":[{"floor":7,"key":"FocusPotion"},{"floor":13,"key":"Fire Potion"},{"floor":16,"key":"Block Potion"},{"floor":18,"key":"Energy Potion"},{"floor":20,"key":"Ancient Potion"}],"is_trial":true,"path_per_floor":["M","M","?","?","M","R","E","R","T","$","M","$","M","$","R","B",null,"M","?","M","?","M","R","$","?","T"],"character_chosen":"DEFECT","items_purchased":["HandDrill","Self Repair","Defragment","Singing Bowl","Cold Snap"],"campfire_rested":2,"item_purchase_floors":[10,12,24,24,24],"current_hp_per_floor":[69,59,59,41,35,57,24,46,46,46,43,43,50,50,50,60,75,69,69,62,62,54,62,62,62,62,0],"gold":29,"neow_bonus":"","is_prod":false,"is_daily":false,"chose_seed":false,"campfire_upgraded":2,"win_rate":0,"timestamp":1531506420,"path_taken":["M","M","?","?","M","R","E","R","T","$","?","$","M","?","R","BOSS","M","?","M","?","M","R","$","?","T","?"],"build_version":"2018-07-12","purchased_purges":0,"victory":false,"max_hp_per_floor":[75,75,75,75,75,75,75,75,75,75,75,75,75,75,75,75,75,75,75,75,75,75,75,75,75,75,75],"card_choices":[{"not_picked":["Rebound","Streamline"],"picked":"Leap","floor":1},{"not_picked":["Scrape","Double Energy"],"picked":"Heatsinks","floor":2},{"not_picked":["Conserve Battery","Leap"],"picked":"Cold Snap","floor":5},{"not_picked":["Scrape","Consume"],"picked":"Darkness","floor":7},{"not_picked":["Barrage","Hologram"],"picked":"Blizzard","floor":11},{"not_picked":["Double Energy","Go for the Eyes"],"picked":"Defragment","floor":13},{"not_picked":["Hyperbeam","Biased Cognition"],"picked":"Core Surge","floor":16},{"not_picked":["Self Repair+1","Reprogram"],"picked":"Coolheaded+1","floor":18},{"not_picked":["Sweeping Beam","Lockon"],"picked":"Go for the Eyes+1","floor":20},{"not_picked":["Go for the Eyes","Steam","Compile Driver"],"picked":"SKIP","floor":22}],"player_experience":1078154,"relics_obtained":[{"floor":7,"key":"Omamori"},{"floor":9,"key":"Pantograph"},{"floor":26,"key":"Regal Pillow"}],"event_choices":[{"event_name":"Liars Game","player_choice":"disagreed","floor":3,"damage_taken":0},{"event_name":"Golden Idol","player_choice":"Take Damage","floor":4,"damage_taken":0},{"event_name":"Golden Shrine","player_choice":"Pray","floor":19,"damage_taken":0},{"event_name":"Ghosts","player_choice":"Ignored","floor":21,"damage_taken":0},{"event_name":"Accursed Blacksmith","player_choice":"Forge","floor":25,"damage_taken":0},{"event_name":"Masked Bandits","player_choice":"Fought over 29 gold","floor":27,"damage_taken":0}],"boss_relics":[{"not_picked":["Black Star","Lizard Tail"],"picked":"Eternal Feather"}],"items_purged_floors":[],"is_endless":true,"potions_floor_spawned":[7,13,16,18,20],"ascension_level":0}