{"gold_per_floor":[109,109,127,127,147,147,178,178,203,203,203,5,25,84,84,183,183,201,0,16,32,32,32],"floor_reached":23,"playtime":1919,"items_purged":["Strike_B"],"score":201,"play_id":"f561d73c-1473-4e8b-8d96-7d991c26d177","local_time":"20180710224124","is_ascension_mode":true,"campfire_choices":[{"data":"Storm","floor":6,"key":"SMITH"},{"floor":10,"key":"REST"},{"floor":15,"key":"REST"}],"neow_cost":"NONE","seed_source_timestamp":40261748548695,"circlet_count":0,"master_deck":["Strike_B","Strike_B","Defend_B","Defend_B","Defend_B","Defend_B+1","Zap","Dualcast","Fusion+1","Storm+1","Fusion","Redo","Conserve Battery","Scrape","Gash","Static Discharge","FTL","Hello World","Gash","Fission","Leap","Recycle+1","Tempest+1"],"relics":["Cracked Core","Strawberry","Dream Catcher","Bag of Preparation","Oddly Smooth Stone","Black Star"],"potions_floor_usage":[7,7,8,14,14,16,16,21,21],"damage_taken":[{"damage":0,"enemies":"Small Slimes","floor":1,"turns":2},{"damage":2,"enemies":"2 Louse","floor":3,"turns":2},{"damage":5,"enemies":"Cultist","floor":5,"turns":4},{"damage":22,"enemies":"3 Sentries","floor":7,"turns":6},{"damage":16,"enemies":"Gremlin Gang","floor":8,"turns":3},{"damage":21,"enemies":"Lots of Slimes","floor":13,"turns":2},{"damage":20,"enemies":"3 Sentries","floor":14,"turns":6},{"damage":20,"enemies":"The Guardian","floor":16,"turns":10},{"damage":16,"enemies":"3 Byrds","floor":18,"turns":3},{"damage":37,"enemies":"2 Thieves","floor":20,"turns":5},{"damage":26,"enemies":"Cultist and Chosen","floor":21,"turns":6},{"damage":12,"enemies":"Slavers","floor":23,"turns":1}],"seed_played":"-8834654526001297793","potions_obtained":[{"floor":1,"key":"Fire Potion"},{"floor":3,"key":"Poison Potion"},{"floor":4,"key":"FocusPotion"},{"floor":4,"key":"SmokeBomb"},{"floor":13,"key":"EntropicBrew"},{"floor":18,"key":"FearPotion"},{"floor":20,"key":"Fire Potion"}],"is_trial":false,"path_per_floor":["M","?","M","?","M","R","E","M","T","R","?","$","M","?","R","B",null,"M","?","M","M","$"],"character_chosen":"DEFECT","items_purchased":["Gash","Static Discharge"],"campfire_rested":2,"item_purchase_floors":[12,12],"current_hp_per_floor":[82,66,64,64,59,59,37,21,21,45,45,45,24,4,28,8,82,66,66,29,3,3,0],"gold":32,"neow_bonus":"RANDOM_COMMON_RELIC","is_prod":false,"is_daily":false,"chose_seed":false,"campfire_upgraded":1,"win_rate":0,"timestamp":1531228284,"path_taken":["M","?","M","?","?","R","E","M","T","R","?","$","M","?","R","BOSS","M","?","M","M","$","E"],"build_version":"2018-07-05","purchased_purges":1,"victory":false,"max_hp_per_floor":[82,82,82,82,82,82,82,82,82,82,82,82,82,82,82,82,82,82,82,82,82,82,82],"card_choices":[{"not_picked":["Leap","Reinforced Body"],"picked":"Fusion","floor":1},{"not_picked":["Double Energy","Streamline"],"picked":"Storm","floor":3},{"not_picked":["Loop","Steam Power"],"picked":"Fusion","floor":5},{"not_picked":["Beam Cell","Stack"],"picked":"Redo","floor":7},{"not_picked":["Steam","Scrape"],"picked":"Conserve Battery","floor":10},{"not_picked":["Turbo","Sweeping Beam"],"picked":"FTL","floor":13},{"not_picked":["Stack","Genetic Algorithm"],"picked":"Hello World","floor":14},{"not_picked":["Double Energy","Fusion"],"picked":"Gash","floor":15},{"not_picked":["Meteor Strike","Machine Learning"],"picked":"Fission","floor":16},{"not_picked":["Turbo","Rebound"],"picked":"Leap","floor":18},{"not_picked":["Loop","Ball Lightning"],"picked":"Recycle+1","floor":20},{"not_picked":["Barrage+1","Undo"],"picked":"Tempest+1","floor":21}],"player_experience":73551,"relics_obtained":[{"floor":7,"key":"Dream Catcher"},{"floor":9,"key":"Bag of Preparation"},{"floor":14,"key":"Oddly Smooth Stone"}],"event_choices":[{"event_name":"Shining Light","player_choice":"Entered Light","floor":2,"damage_taken":0},{"event_name":"The Lab","player_choice":"Got Potions","floor":4,"damage_taken":0},{"event_name":"Living Wall","player_choice":"Change","floor":11,"damage_taken":0},{"event_name":"Dead Adventurer","player_choice":"Searched \u00272\u0027 times","floor":14,"damage_taken":0},{"event_name":"Masked Bandits","player_choice":"Paid Bandits 201 gold","floor":19,"damage_taken":0}],"boss_relics":[{"not_picked":["Ectoplasm","Snecko Eye"],"picked":"Black Star"}],"items_purged_floors":[12],"is_endless":false,"potions_floor_spawned":[1,3,8,13,18,20],"killed_by":"Slavers","ascension_level":1}