{"gold_per_floor":[110,130,130,145,164,164,37,54,80,98,31,31,31,59,59,161,161,172,183,193,193,210,210,77,92,149,160,171,46,46,63,63,163,163,177,140,156,156,156,156,171,190,239,257,257],"floor_reached":45,"playtime":2387,"items_purged":["Strike_G","Strike_G","Strike_G"],"score":447,"play_id":"954716c9-cc14-49ee-bf64-6f72c6d3ff12","local_time":"20181101181942","is_ascension_mode":false,"campfire_choices":[{"floor":6.0,"key":"REST"},{"data":"Neutralize","floor":13.0,"key":"SMITH"},{"floor":15.0,"key":"REST"},{"floor":23.0,"key":"DIG"},{"floor":30.0,"key":"REST"},{"floor":32.0,"key":"REST"},{"floor":40.0,"key":"DIG"}],"neow_cost":"NONE","seed_source_timestamp":0,"circlet_count":0,"master_deck":["Defend_G","Defend_G","Defend_G","Defend_G","Defend_G","Strike_G","Survivor","Neutralize+1","Quick Slash","Glass Knife","Noxious Fumes","Bouncing Flask","Deadly Poison","Cloak And Dagger","Cloak And Dagger","Noxious Fumes","Noxious Fumes","Corpse Explosion","Catalyst","Infinite Blades+1","Accuracy","Dodge and Roll+1","Backflip+1","Terror+1","Noxious Fumes","Dodge and Roll+1","Parasite","Well Laid Plans"],"special_seed":0,"relics":["WristBlade","Orichalcum","Bag of Preparation","Regal Pillow","Sozu","Shovel","Art of War","Tiny Chest","Lizard Tail","Spirit Poop","Pantograph","Happy Flower"],"potions_floor_usage":[],"damage_taken":[{"damage":1.0,"enemies":"Jaw Worm","floor":1.0,"turns":5.0},{"damage":2.0,"enemies":"Small Slimes","floor":2.0,"turns":4.0},{"damage":0.0,"enemies":"Cultist","floor":4.0,"turns":3.0},{"damage":16.0,"enemies":"Exordium Thugs","floor":5.0,"turns":5.0},{"damage":6.0,"enemies":"Large Slime","floor":8.0,"turns":6.0},{"damage":0.0,"enemies":"Gremlin Gang","floor":10.0,"turns":4.0},{"damage":15.0,"enemies":"Gremlin Nob","floor":14.0,"turns":4.0},{"damage":31.0,"enemies":"Slime Boss","floor":16.0,"turns":7.0},{"damage":4.0,"enemies":"Shell Parasite","floor":18.0,"turns":5.0},{"damage":4.0,"enemies":"Spheric Guardian","floor":19.0,"turns":4.0},{"damage":4.0,"enemies":"Centurion and Healer","floor":20.0,"turns":4.0},{"damage":8.0,"enemies":"3 Cultists","floor":22.0,"turns":3.0},{"damage":21.0,"enemies":"Snake Plant","floor":25.0,"turns":4.0},{"damage":0.0,"enemies":"Cultist and Chosen","floor":27.0,"turns":4.0},{"damage":24.0,"enemies":"Centurion and Healer","floor":28.0,"turns":4.0},{"damage":0.0,"enemies":"Snecko","floor":31.0,"turns":4.0},{"damage":59.0,"enemies":"Collector","floor":33.0,"turns":8.0},{"damage":17.0,"enemies":"Orb Walker","floor":35.0,"turns":4.0},{"damage":9.0,"enemies":"3 Shapes","floor":37.0,"turns":5.0},{"damage":14.0,"enemies":"Sphere and 2 Shapes","floor":41.0,"turns":5.0},{"damage":38,"enemies":"Writhing Mass","floor":42,"turns":6},{"damage":30,"enemies":"4 Shapes","floor":44,"turns":5},{"damage":15,"enemies":"3 Darklings","floor":45,"turns":4}],"seed_played":"522082082483311190","potions_obtained":[{"floor":2.0,"key":"Regen Potion"},{"floor":5.0,"key":"SkillPotion"},{"floor":16.0,"key":"Dexterity Potion"}],"is_trial":false,"path_per_floor":["M","M","?","M","M","R","$","M","T","M","$","?","R","E","R","B",null,"M","M","M","?","M","R","$","M","T","M","M","$","R","M","R","B",null,"M","$","M","?","?","R","M","M","T","M"],"character_chosen":"THE_SILENT","items_purchased":["Deadly Poison","Noxious Fumes","Accuracy","Noxious Fumes"],"campfire_rested":4,"item_purchase_floors":[7,11,24,36],"current_hp_per_floor":[69,67,55,55,51,70,70,64,64,64,64,57,57,42,70,39,70,66,62,58,58,50,50,50,29,29,29,5,5,41,41,70,11,70,53,53,44,62,62,62,48,10,10,15,0],"gold":257,"neow_bonus":"BOSS_RELIC","is_prod":false,"is_daily":false,"chose_seed":false,"campfire_upgraded":1,"win_rate":0,"timestamp":1541110782,"path_taken":["M","M","?","?","M","R","$","M","T","M","$","?","R","E","R","BOSS","M","M","?","?","M","R","$","?","T","M","M","?","R","M","R","BOSS","M","$","M","?","?","R","M","M","T","?","M"],"build_version":"2018-10-25v2","purchased_purges":3,"victory":false,"max_hp_per_floor":[70,70,70,70,70,70,70,70,70,70,70,70,70,70,70,70,70,70,70,70,70,70,70,70,70,70,70,70,70,70,70,70,70,70,70,70,70,70,70,70,70,70,70,70,70],"card_choices":[{"not_picked":["Bane","Calculated Gamble"],"picked":"Quick Slash","floor":1.0},{"not_picked":["Dodge and Roll","Underhanded Strike"],"picked":"Glass Knife","floor":2.0},{"not_picked":["Deadly Poison","Dodge and Roll"],"picked":"Noxious Fumes","floor":4.0},{"not_picked":["Flying Knee","Masterful Stab"],"picked":"Bouncing Flask","floor":5.0},{"not_picked":["Dagger Spray","Heel Hook"],"picked":"Cloak And Dagger","floor":8.0},{"not_picked":["Flying Knee","Deadly Poison"],"picked":"Cloak And Dagger","floor":10.0},{"not_picked":["All Out Attack","Expertise"],"picked":"Noxious Fumes","floor":14.0},{"not_picked":["Night Terror","Wraith Form v2"],"picked":"Corpse Explosion","floor":16.0},{"not_picked":["Dagger Spray+1","Crippling Poison+1"],"picked":"Catalyst","floor":18.0},{"not_picked":["Quick Slash+1","Heel Hook","Acrobatics"],"picked":"SKIP","floor":19.0},{"not_picked":["Sucker Punch","Flying Knee"],"picked":"Infinite Blades+1","floor":20.0},{"not_picked":["Finisher+1","Acrobatics","Riddle With Holes+1"],"picked":"SKIP","floor":22.0},{"not_picked":["Calculated Gamble","Prepared+1","Underhanded Strike+1"],"picked":"SKIP","floor":25.0},{"not_picked":["Deadly Poison","Phantasmal Killer","Dagger Spray+1"],"picked":"SKIP","floor":27.0},{"not_picked":["Setup","Outmaneuver"],"picked":"Dodge and Roll+1","floor":28.0},{"not_picked":["Blade Dance","Dagger Throw"],"picked":"Backflip+1","floor":31.0},{"not_picked":["Dagger Spray","Setup+1"],"picked":"Terror+1","floor":35.0},{"not_picked":["Deadly Poison","Dagger Throw+1","Dagger Spray"],"picked":"SKIP","floor":37.0},{"not_picked":["Footwork","Crippling Poison"],"picked":"Dodge and Roll+1","floor":41.0},{"not_picked":["Dagger Throw","Deadly Poison+1","Dagger Spray+1"],"picked":"SKIP","floor":42},{"not_picked":["Well Laid Plans","Expertise+1","Dagger Spray"],"picked":"SKIP","floor":44},{"not_picked":["Expertise+1","Dagger Spray"],"picked":"Well Laid Plans","floor":44}],"player_experience":1616699,"relics_obtained":[{"floor":9.0,"key":"Bag of Preparation"},{"floor":14.0,"key":"Regal Pillow"},{"floor":23.0,"key":"Art of War"},{"floor":26.0,"key":"Tiny Chest"},{"floor":40.0,"key":"Pantograph"},{"floor":43,"key":"Happy Flower"}],"event_choices":[{"damage_healed":0.0,"max_hp_gain":0.0,"max_hp_loss":0.0,"gold_gain":0.0,"event_name":"Scrap Ooze","player_choice":"Success","floor":3.0,"gold_loss":0.0,"damage_taken":12.0,"relics_obtained":["Orichalcum"]},{"cards_removed":["Strike_G"],"damage_healed":0.0,"max_hp_gain":0.0,"max_hp_loss":0.0,"gold_gain":0.0,"event_name":"Golden Wing","player_choice":"Card Removal","floor":12.0,"gold_loss":0.0,"damage_taken":7.0},{"damage_healed":0.0,"max_hp_gain":0.0,"max_hp_loss":0.0,"gold_gain":0.0,"event_name":"WeMeetAgain","player_choice":"Gave Potion","floor":21.0,"gold_loss":0.0,"damage_taken":0.0,"relics_obtained":["Shovel"]},{"damage_healed":18.0,"max_hp_gain":0.0,"max_hp_loss":0.0,"gold_gain":0.0,"event_name":"Winding Halls","player_choice":"Writhe","floor":38.0,"gold_loss":0.0,"damage_taken":0.0,"cards_obtained":["Writhe"]},{"cards_removed":["Writhe"],"damage_healed":0.0,"max_hp_gain":0.0,"max_hp_loss":0.0,"gold_gain":0.0,"event_name":"Bonfire Elementals","player_choice":"Offered Curse","floor":39.0,"gold_loss":0.0,"damage_taken":0.0,"relics_obtained":["Spirit Poop"]}],"is_beta":false,"boss_relics":[{"not_picked":["Fusion Hammer","Astrolabe"],"picked":"Sozu"},{"not_picked":["Empty Cage","Black Star"],"picked":"Lizard Tail"}],"items_purged_floors":[7,24,29],"is_endless":false,"potions_floor_spawned":[2,5,16,20,25,27,28,33,41,44],"killed_by":"3 Darklings","ascension_level":0}