{"gold_per_floor":[111,111,124,17,34,67,85,85,109,122,122,137,137,31,31,135,135,149,149,166,14,14,14,14],"floor_reached":24,"playtime":3026,"items_purged":[],"score":196,"play_id":"27106c17-72c3-4cd4-b26c-2aec37c6b29d","local_time":"20180706015202","is_ascension_mode":false,"campfire_choices":[{"floor":8,"key":"REST"},{"floor":11,"key":"REST"},{"data":"Seeing Red","floor":15,"key":"SMITH"},{"floor":23,"key":"REST"}],"neow_cost":"","seed_source_timestamp":49639835553237,"circlet_count":0,"master_deck":["Strike_R","Strike_R","Strike_R","Strike_R","Strike_R","Defend_R","Defend_R","Defend_R","Defend_R","Bash","Sever Soul","Regret","Bloodletting","Battle Trance","Rupture","Shrug It Off","Feed","Seeing Red+1","Warcry","Cleave","Bash","Clothesline","Feed","Clash","Warcry","Demon Form","Anger","Dual Wield","Feel No Pain","Sever Soul","Normality"],"relics":["Burning Blood","Regal Pillow","Pen Nib","Happy Flower","Sozu","Thread and Needle"],"potions_floor_usage":[6,16,16,16],"damage_taken":[{"damage":0,"enemies":"Small Slimes","floor":1,"turns":4},{"damage":6,"enemies":"Cultist","floor":3,"turns":3},{"damage":19,"enemies":"Jaw Worm","floor":5,"turns":4},{"damage":37,"enemies":"Lagavulin","floor":6,"turns":5},{"damage":27,"enemies":"Exordium Wildlife","floor":7,"turns":5},{"damage":15,"enemies":"Large Slime","floor":10,"turns":5},{"damage":12,"enemies":"Blue Slaver","floor":12,"turns":3},{"damage":58,"enemies":"The Guardian","floor":16,"turns":9},{"damage":20,"enemies":"Spheric Guardian","floor":18,"turns":4},{"damage":45,"enemies":"Chosen","floor":20,"turns":7},{"damage":53,"enemies":"Slaver and Parasite","floor":24,"turns":5}],"seed_played":"-5916113493557845761","potions_obtained":[{"floor":1,"key":"Strength Potion"},{"floor":3,"key":"Explosive Potion"},{"floor":7,"key":"LiquidBronze"},{"floor":12,"key":"Regen Potion"},{"floor":16,"key":"Poison Potion"}],"is_trial":false,"path_per_floor":["M","?","M","$","M","E","M","R","T","M","R","M","?","$","R","B",null,"M","?","M","$","?","R"],"character_chosen":"IRONCLAD","items_purchased":["Battle Trance","Rupture","Clash","Warcry","Feel No Pain","Sever Soul"],"campfire_rested":3,"item_purchase_floors":[4,4,14,14,21,21],"current_hp_per_floor":[80,80,80,80,67,36,15,54,54,45,80,74,74,74,74,37,80,66,51,12,12,12,52,0],"gold":14,"neow_bonus":"","is_prod":false,"is_daily":false,"chose_seed":false,"campfire_upgraded":1,"win_rate":0.0,"timestamp":1530807722,"path_taken":["M","?","M","$","M","E","M","R","T","M","R","M","?","?","R","BOSS","M","?","M","$","?","R","?"],"build_version":"2018-06-28","purchased_purges":0,"victory":false,"max_hp_per_floor":[80,80,80,80,80,80,80,80,80,80,80,80,80,80,80,80,80,80,85,85,85,85,85,85],"card_choices":[{"not_picked":["Twin Strike","Flex"],"picked":"Sever Soul","floor":1},{"not_picked":["Armaments","Warcry"],"picked":"Bloodletting","floor":3},{"not_picked":["Iron Wave","Flex"],"picked":"Shrug It Off","floor":5},{"not_picked":["Rupture","Battle Trance"],"picked":"Feed","floor":6},{"not_picked":["Intimidate","Fire Breathing"],"picked":"Seeing Red","floor":7},{"not_picked":["Shrug It Off","Uppercut"],"picked":"Warcry","floor":10},{"not_picked":["Pommel Strike","Body Slam"],"picked":"Cleave","floor":12},{"not_picked":["Bludgeon","Double Tap"],"picked":"Demon Form","floor":16},{"not_picked":["Corruption+1","Iron Wave"],"picked":"Anger","floor":18},{"not_picked":["Uppercut","Corruption"],"picked":"Dual Wield","floor":20}],"player_experience":0,"relics_obtained":[{"floor":6,"key":"Pen Nib"},{"floor":9,"key":"Happy Flower"}],"event_choices":[{"event_name":"Big Fish","player_choice":"Box","floor":2,"damage_taken":0},{"event_name":"Match and Keep!","player_choice":"3 cards matched","floor":13,"damage_taken":0},{"event_name":"Forgotten Altar","player_choice":"Shed Blood","floor":19,"damage_taken":0},{"event_name":"Accursed Blacksmith","player_choice":"Rummage","floor":22,"damage_taken":0}],"boss_relics":[{"not_picked":["Runic Pyramid","Black Blood"],"picked":"Sozu"}],"items_purged_floors":[],"is_endless":false,"potions_floor_spawned":[1,3,7,12,16,18],"killed_by":"Slaver and Parasite","ascension_level":0}