{"gold_per_floor":[115,65,76,76,1,29,29,56,56,70,87,41,41,59,59,164,164,179,189,189,189,189],"floor_reached":22,"playtime":1085,"items_purged":["Strike_R"],"score":310,"play_id":"63c4fe1e-2894-4021-a8bd-b68feee62af4","local_time":"20181215224315","is_ascension_mode":true,"campfire_choices":[{"floor":7.0,"key":"REST"},{"floor":13,"key":"REST"},{"floor":15,"key":"REST"}],"neow_cost":"NONE","seed_source_timestamp":36946620529803,"circlet_count":0,"master_deck":["AscendersBane","Strike_R","Strike_R","Defend_R","Defend_R","Defend_R","Defend_R","Bash+1","Dropkick+1","Spot Weakness","Spot Weakness","Disarm","Intimidate","Armaments","Demon Form","Double Tap","Dropkick"],"special_seed":0,"relics":["Burning Blood","Kunai","Potion Belt","Whetstone","Sozu","Charon\u0027s Ashes"],"potions_floor_usage":[11,16],"damage_taken":[{"damage":0.0,"enemies":"Cultist","floor":1.0,"turns":3.0},{"damage":15.0,"enemies":"Small Slimes","floor":3.0,"turns":4.0},{"damage":55.0,"enemies":"3 Sentries","floor":6.0,"turns":10.0},{"damage":34.0,"enemies":"Lagavulin","floor":8.0,"turns":7.0},{"damage":0,"enemies":"2 Louse","floor":10,"turns":3},{"damage":11,"enemies":"Red Slaver","floor":11,"turns":3},{"damage":17,"enemies":"2 Fungi Beasts","floor":14,"turns":6},{"damage":45,"enemies":"Slime Boss","floor":16,"turns":9},{"damage":27,"enemies":"Shell Parasite","floor":18,"turns":5},{"damage":41,"enemies":"3 Byrds","floor":19,"turns":6},{"damage":14,"enemies":"Snecko","floor":22,"turns":4}],"seed_played":"1686161887943552545","potions_obtained":[{"floor":1.0,"key":"FearPotion"},{"floor":8.0,"key":"Fire Potion"},{"floor":11,"key":"Strength Potion"}],"is_trial":false,"path_per_floor":["M","?","M","?","$","E","R","E","T","M","M","$","R","M","R","B",null,"M","M","?","?","M"],"character_chosen":"IRONCLAD","items_purchased":["Armaments"],"campfire_rested":3,"item_purchase_floors":[12],"current_hp_per_floor":[78,78,69,69,69,20,44,16,16,22,17,17,41,30,54,15,64,43,8,8,8,0],"gold":189,"neow_bonus":"THREE_CARDS","is_prod":false,"is_daily":false,"chose_seed":false,"campfire_upgraded":0,"win_rate":0,"timestamp":1544931795,"path_taken":["M","?","M","?","$","E","R","E","T","M","?","?","R","M","R","BOSS","M","M","?","?","?"],"build_version":"2018-12-13","purchased_purges":1,"victory":false,"max_hp_per_floor":[80,80,80,80,80,80,80,80,80,80,80,80,80,80,80,80,80,80,80,80,80,80],"card_choices":[{"not_picked":["Twin Strike","Warcry"],"picked":"Dropkick","floor":0.0},{"not_picked":["Shrug It Off","Sentinel"],"picked":"Spot Weakness","floor":1.0},{"not_picked":["Twin Strike","Headbutt"],"picked":"Spot Weakness","floor":3.0},{"not_picked":["Body Slam","Havoc"],"picked":"Evolve","floor":6.0},{"not_picked":["Spot Weakness","Hemokinesis","Second Wind"],"picked":"SKIP","floor":8.0},{"not_picked":["Anger","Havoc"],"picked":"Disarm","floor":10},{"not_picked":["Perfected Strike","Cleave"],"picked":"Intimidate","floor":11},{"not_picked":["Warcry","Sword Boomerang"],"picked":"Demon Form","floor":14},{"not_picked":["Brutality","Offering"],"picked":"Double Tap","floor":16},{"not_picked":["Headbutt","Clash"],"picked":"Dropkick","floor":18},{"not_picked":["Havoc","Clash","Anger"],"picked":"SKIP","floor":19}],"player_experience":1906991,"relics_obtained":[{"floor":6.0,"key":"Kunai"},{"floor":8.0,"key":"Potion Belt"},{"floor":9.0,"key":"Whetstone"}],"event_choices":[{"cards_removed":["Strike_R"],"damage_healed":0.0,"max_hp_gain":0.0,"max_hp_loss":0.0,"gold_gain":0.0,"event_name":"The Cleric","player_choice":"Card Removal","floor":2.0,"gold_loss":50.0,"damage_taken":0.0},{"cards_removed":["Strike_R"],"damage_healed":0.0,"max_hp_gain":0.0,"max_hp_loss":0.0,"gold_gain":0.0,"event_name":"Purifier","player_choice":"Purged","floor":4.0,"gold_loss":0.0,"damage_taken":0.0},{"damage_healed":0,"gold_gain":0,"player_choice":"Ignored","damage_taken":0,"max_hp_gain":0,"max_hp_loss":0,"event_name":"The Mausoleum","floor":20,"gold_loss":0},{"cards_removed":["Evolve"],"damage_healed":0,"gold_gain":0,"player_choice":"Gave Card","damage_taken":0,"relics_obtained":["Charon\u0027s Ashes"],"max_hp_gain":0,"max_hp_loss":0,"event_name":"WeMeetAgain","floor":21,"gold_loss":0}],"is_beta":false,"boss_relics":[{"not_picked":["Runic Cube","Tiny House"],"picked":"Sozu"}],"items_purged_floors":[5],"is_endless":false,"potions_floor_spawned":[1,8,11,18,19],"killed_by":"Snecko","ascension_level":12}