{"gold_per_floor":[117,127,77,77,77,104,29,47,71,71,83,115,131,206,206,301,301,314,333,154,164,138,166,166,198,222,222,122,139,173,185,185,284,284,301,301,76,87,87,87,121,121,144,172,47,60,60,80,80,80,80,80,32,62,62],"floor_reached":56,"playtime":2022,"items_purged":["Strike_R","Anger","Bash"],"score":1154,"play_id":"ede046bb-83c6-465d-a8a8-8e3ffecc7c26","local_time":"20181031040249","is_ascension_mode":true,"campfire_choices":[{"data":"Juggernaut","floor":10,"key":"SMITH"},{"data":"Body Slam","floor":15,"key":"SMITH"},{"data":"True Grit","floor":24,"key":"SMITH"},{"data":"Body Slam","floor":32,"key":"SMITH"},{"floor":40,"key":"RECALL"},{"floor":42,"key":"REST"},{"floor":47,"key":"REST"},{"floor":49,"key":"REST"},{"floor":52,"key":"REST"}],"neow_cost":"NONE","seed_source_timestamp":345232908732412,"circlet_count":0,"master_deck":["Defend_R","Defend_R","Headbutt","Juggernaut+1","Shrug It Off","Body Slam+1","Impervious","Dual Wield","Pummel+1","Carnage+1","Master of Strategy","True Grit+1","Shrug It Off+1","Iron Wave","Body Slam+1","Ghostly Armor","Entrench+1","Armaments+1","Shrug It Off+1"],"relics":["Burning Blood","NeowsBlessing","PreservedInsect","Happy Flower","Torii","Astrolabe","Thread and Needle","Strawberry","Singing Bowl","Fusion Hammer","Bronze Scales","Blue Candle","Red Skull","Toxic Egg 2","Centennial Puzzle"],"potions_floor_usage":[16,16,18,23,33,33,33,35,38,50,54,55,55],"damage_taken":[{"damage":0,"enemies":"2 Louse","floor":1,"turns":1},{"damage":0,"enemies":"Small Slimes","floor":2,"turns":1},{"damage":0,"enemies":"Lagavulin","floor":6,"turns":2},{"damage":8,"enemies":"Jaw Worm","floor":8,"turns":4},{"damage":18,"enemies":"Exordium Thugs","floor":11,"turns":5},{"damage":11,"enemies":"3 Sentries","floor":12,"turns":7},{"damage":1,"enemies":"Looter","floor":13,"turns":4},{"damage":12,"enemies":"The Guardian","floor":16,"turns":11},{"damage":15,"enemies":"Shell Parasite","floor":18,"turns":4},{"damage":1,"enemies":"Chosen","floor":19,"turns":4},{"damage":27,"enemies":"3 Cultists","floor":21,"turns":6},{"damage":12,"enemies":"Book of Stabbing","floor":23,"turns":5},{"damage":20,"enemies":"Slavers","floor":25,"turns":4},{"damage":0,"enemies":"Snecko","floor":29,"turns":5},{"damage":22,"enemies":"Book of Stabbing","floor":30,"turns":6},{"damage":0,"enemies":"Cultist and Chosen","floor":31,"turns":4},{"damage":31,"enemies":"Automaton","floor":33,"turns":9},{"damage":1,"enemies":"3 Darklings","floor":35,"turns":4},{"damage":0,"enemies":"Orb Walker","floor":38,"turns":3},{"damage":0,"enemies":"Giant Head","floor":41,"turns":5},{"damage":29,"enemies":"Reptomancer","floor":44,"turns":6},{"damage":0,"enemies":"4 Shapes","floor":46,"turns":4},{"damage":0,"enemies":"Spire Growth","floor":48,"turns":3},{"damage":14,"enemies":"Time Eater","floor":50,"turns":10},{"damage":40,"enemies":"Shield and Spear","floor":54,"turns":6},{"damage":77,"enemies":"The Heart","floor":55,"turns":10}],"seed_played":"-8393469123822051458","potions_obtained":[{"floor":1,"key":"Weak Potion"},{"floor":2,"key":"Fire Potion"},{"floor":11,"key":"Swift Potion"},{"floor":16,"key":"Weak Potion"},{"floor":18,"key":"SteroidPotion"},{"floor":23,"key":"Block Potion"},{"floor":25,"key":"EssenceOfSteel"},{"floor":33,"key":"Swift Potion"},{"floor":35,"key":"PowerPotion"},{"floor":41,"key":"Swift Potion"},{"floor":46,"key":"BloodPotion"},{"floor":48,"key":"BloodPotion"}],"is_trial":false,"path_per_floor":["M","M","?","?","?","E","$","M","T","R","M","E","M","?","R","B",null,"M","M","$","M","$","E","R","E","T","?","$","M","E","M","R","B",null,"M","?","$","M","?","R","E","R","T","E","$","M","R","M","R","B",null,"R","$","E","B",null],"character_chosen":"IRONCLAD","items_purchased":["Master of Strategy","Shrug It Off","Bronze Scales","Ghostly Armor","Dexterity Potion"],"campfire_rested":4,"item_purchase_floors":[20,22,37,37,53],"current_hp_per_floor":[80,80,80,85,78,84,84,82,82,82,70,65,70,59,59,53,85,76,81,81,60,60,54,54,47,47,47,47,53,37,45,45,22,96,98,98,98,98,98,98,100,100,100,77,77,85,102,102,102,94,102,102,102,80,19],"gold":62,"neow_bonus":"THREE_ENEMY_KILL","is_prod":false,"is_daily":false,"chose_seed":false,"campfire_upgraded":4,"win_rate":0,"timestamp":1540976569,"path_taken":["M","M","?","?","?","E","$","M","T","R","M","E","M","?","R","BOSS","M","M","$","M","$","E","R","E","T","?","$","M","E","M","R","BOSS","M","?","$","M","?","R","E","R","T","E","$","M","R","?","R","BOSS","R","$","E","BOSS"],"build_version":"2018-10-30","purchased_purges":3,"victory":true,"max_hp_per_floor":[80,80,80,85,85,85,85,85,85,85,85,85,85,85,85,85,85,85,85,85,85,85,85,85,92,92,92,92,92,92,94,94,96,96,98,98,98,98,98,98,100,100,100,100,100,102,102,102,102,102,102,102,102,104,104],"card_choices":[{"not_picked":["Shockwave","Anger"],"picked":"Pummel","floor":1},{"not_picked":["Cleave","Iron Wave"],"picked":"Headbutt","floor":2},{"not_picked":["Headbutt","Shockwave"],"picked":"Juggernaut","floor":6},{"not_picked":["Flex","Headbutt"],"picked":"Shrug It Off","floor":8},{"not_picked":["Wild Strike","Twin Strike"],"picked":"Body Slam","floor":11},{"not_picked":["Cleave","Twin Strike"],"picked":"Impervious","floor":12},{"not_picked":["Cleave","Whirlwind"],"picked":"Dual Wield","floor":13},{"not_picked":["Spot Weakness","Feel No Pain+1","Sword Boomerang+1"],"picked":"SKIP","floor":18},{"not_picked":["Spot Weakness","Seeing Red+1","Flex+1"],"picked":"SKIP","floor":19},{"not_picked":["Armaments","Flex+1"],"picked":"True Grit","floor":21},{"not_picked":["Berserk","Dual Wield","Carnage"],"picked":"SKIP","floor":23},{"not_picked":["Feed","Warcry","Seeing Red"],"picked":"SKIP","floor":25},{"not_picked":["Wild Strike","Warcry","Pommel Strike"],"picked":"SKIP","floor":29},{"not_picked":["Sever Soul","Heavy Blade+1"],"picked":"Body Slam","floor":30},{"not_picked":["Hemokinesis","Cleave+1","Havoc"],"picked":"Singing Bowl","floor":31},{"not_picked":["Immolate","Brutality","Double Tap"],"picked":"Singing Bowl","floor":33},{"not_picked":["Pommel Strike","Heavy Blade+1","Sword Boomerang+1"],"picked":"Singing Bowl","floor":35},{"not_picked":["Headbutt+1","Pommel Strike+1"],"picked":"Entrench+1","floor":38},{"not_picked":["Clash+1","Cleave","Seeing Red"],"picked":"Singing Bowl","floor":41},{"not_picked":["Pommel Strike+1","Havoc"],"picked":"Armaments+1","floor":44},{"not_picked":["Bloodletting+1","Sword Boomerang","Twin Strike+1"],"picked":"Singing Bowl","floor":46},{"not_picked":["Evolve+1","Dual Wield+1"],"picked":"Shrug It Off+1","floor":48},{"not_picked":["Reaper","Burning Pact+1","Sword Boomerang+1"],"picked":"Singing Bowl","floor":54}],"player_experience":738227,"relics_obtained":[{"floor":6,"key":"PreservedInsect"},{"floor":9,"key":"Happy Flower"},{"floor":12,"key":"Torii"},{"floor":23,"key":"Thread and Needle"},{"floor":25,"key":"Strawberry"},{"floor":30,"key":"Singing Bowl"},{"floor":41,"key":"Blue Candle"},{"floor":43,"key":"Red Skull"},{"floor":44,"key":"Toxic Egg 2"},{"floor":54,"key":"Centennial Puzzle"}],"event_choices":[{"cards_removed":["Defend_R"],"damage_healed":0,"gold_gain":0,"player_choice":"Card Removal","damage_taken":0,"max_hp_gain":0,"max_hp_loss":0,"event_name":"The Cleric","floor":3,"gold_loss":50},{"damage_healed":0,"gold_gain":0,"player_choice":"Donut","damage_taken":0,"max_hp_gain":5,"max_hp_loss":0,"event_name":"Big Fish","floor":4,"gold_loss":0},{"cards_removed":["Strike_R"],"damage_healed":0,"gold_gain":0,"player_choice":"Card Removal","damage_taken":7,"max_hp_gain":0,"max_hp_loss":0,"event_name":"Golden Wing","floor":5,"gold_loss":0},{"damage_healed":0,"gold_gain":75,"player_choice":"Gather Gold","damage_taken":11,"max_hp_gain":0,"max_hp_loss":0,"event_name":"World of Goop","floor":14,"gold_loss":0},{"damage_healed":0,"gold_gain":0,"cards_transformed":["Reckless Charge","Pummel"],"player_choice":"Became Test Subject","damage_taken":0,"max_hp_gain":0,"max_hp_loss":0,"event_name":"Drug Dealer","floor":27,"gold_loss":0,"cards_obtained":["Iron Wave","Anger"]},{"cards_removed":["Defend_R"],"damage_healed":0,"gold_gain":0,"player_choice":"Removed Skill","damage_taken":0,"max_hp_gain":0,"max_hp_loss":0,"event_name":"Falling","floor":36,"gold_loss":0},{"damage_healed":0,"gold_gain":0,"player_choice":"Forge","damage_taken":0,"max_hp_gain":0,"max_hp_loss":0,"event_name":"Accursed Blacksmith","floor":39,"gold_loss":0,"cards_upgraded":["Shrug It Off"]}],"is_beta":true,"boss_relics":[{"not_picked":["Snecko Eye","Runic Pyramid"],"picked":"Astrolabe"},{"not_picked":["Velvet Choker","Runic Cube"],"picked":"Fusion Hammer"}],"items_purged_floors":[7,28,45],"is_endless":false,"potions_floor_spawned":[1,2,11,13,16,18,23,25,30,33,35,41,46,48],"ascension_level":1}