{"gold_per_floor":[14,189,78,93,106,106,118,18,18,18,53,71,71,81,81,186,186,198,212,212,66,66,96,96,96,96,122,137,163,174,184,184,285,285,302,315,361,361,361,361,393,407,407,436,436],"floor_reached":45,"playtime":3225,"items_purged":["Doubt","Strike_G"],"score":787,"play_id":"5af85b93-d719-48a8-b90c-16e58d356d1f","local_time":"20180717223010","is_ascension_mode":true,"campfire_choices":[{"data":"Neutralize","floor":6,"key":"SMITH"},{"floor":13,"key":"REST"},{"data":"Catalyst","floor":15,"key":"SMITH"},{"floor":25,"key":"REST"},{"floor":32,"key":"REST"},{"floor":40,"key":"REST"}],"neow_cost":"NO_GOLD","seed_source_timestamp":31912996117075,"circlet_count":0,"master_deck":["Defend_G+1","Defend_G+1","Defend_G+1","Defend_G+1","Defend_G+1","Strike_G+1","Strike_G+1","Strike_G+1","Strike_G+1","Survivor","Neutralize+1","Night Terror+1","PiercingWail+1","Noxious Fumes","Crippling Poison","Deadly Poison","Backstab","Poisoned Stab","Caltrops+1","Catalyst+1","Die Die Die","Crippling Poison+1","Corpse Explosion","Outmaneuver","Noxious Fumes+1","Caltrops+1","Envenom+1","Well Laid Plans+1","Noxious Fumes+1","Deadly Poison+1","All Out Attack+1","Backstab+1","Backflip+1","Blur+1"],"relics":["Ring of the Snake","Paper Crane","Frozen Egg 2","Bottled Tornado","Sozu","Nilry\u0027s Codex","Ninja Scroll","Girya","War Paint","Boot","Black Star","Tough Bandages","Peace Pipe","Ginger","Gambling Chip","The Courier","Art of War","Regal Pillow"],"potions_floor_usage":[14,16],"damage_taken":[{"damage":0,"enemies":"Small Slimes","floor":1,"turns":5},{"damage":10,"enemies":"Cultist","floor":4,"turns":4},{"damage":0,"enemies":"Jaw Worm","floor":5,"turns":7},{"damage":1,"enemies":"Blue Slaver","floor":7,"turns":5},{"damage":9,"enemies":"Gremlin Nob","floor":11,"turns":5},{"damage":10,"enemies":"Exordium Thugs","floor":12,"turns":4},{"damage":0,"enemies":"3 Louse","floor":14,"turns":5},{"damage":18,"enemies":"Hexaghost","floor":16,"turns":7},{"damage":0,"enemies":"2 Thieves","floor":18,"turns":4},{"damage":0,"enemies":"Chosen","floor":19,"turns":3},{"damage":24,"enemies":"Book of Stabbing","floor":23,"turns":5},{"damage":6,"enemies":"Gremlin Leader","floor":27,"turns":4},{"damage":1,"enemies":"Snecko","floor":28,"turns":4},{"damage":0,"enemies":"Book of Stabbing","floor":29,"turns":4},{"damage":0,"enemies":"Sentry and Sphere","floor":30,"turns":4},{"damage":17,"enemies":"Centurion and Healer","floor":31,"turns":4},{"damage":24,"enemies":"Champ","floor":33,"turns":11},{"damage":1,"enemies":"3 Shapes","floor":35,"turns":3},{"damage":0,"enemies":"Orb Walker","floor":36,"turns":3},{"damage":19,"floor":37,"turns":4},{"damage":12,"floor":38,"turns":5},{"damage":19,"enemies":"Giant Head","floor":41,"turns":7},{"damage":19,"enemies":"Spire Growth","floor":42,"turns":5},{"damage":13,"enemies":"Nemesis","floor":44,"turns":5},{"damage":8,"enemies":"3 Darklings","floor":45,"turns":2}],"seed_played":"-5691568938887764588","potions_obtained":[{"floor":4,"key":"FairyPotion"},{"floor":11,"key":"EssenceOfSteel"},{"floor":12,"key":"AttackPotion"}],"is_trial":false,"path_per_floor":["M","?","$","M","M","R","M","$","T","T","E","M","R","M","R","B",null,"M","M","?","$","?","E","?","R","T","E","M","E","M","M","R","B",null,"M","M","?","?","?","R","E","M","T","E"],"character_chosen":"THE_SILENT","items_purchased":["Noxious Fumes","Corpse Explosion"],"campfire_rested":4,"item_purchase_floors":[3,21],"current_hp_per_floor":[63,63,63,53,53,53,52,52,52,52,43,33,54,54,54,36,62,62,62,46,46,46,22,22,43,43,37,36,36,36,19,40,16,57,56,56,37,25,25,46,27,8,8,7,0],"gold":436,"neow_bonus":"THREE_RARE_CARDS","is_prod":false,"is_daily":false,"chose_seed":false,"campfire_upgraded":2,"win_rate":0,"timestamp":1531832410,"path_taken":["M","?","$","M","M","R","M","?","T","?","E","M","R","?","R","BOSS","M","M","?","$","?","E","?","R","T","E","M","E","M","M","R","BOSS","M","M","?","?","?","R","E","M","T","E","M"],"build_version":"2018-07-12","purchased_purges":2,"victory":false,"max_hp_per_floor":[70,70,70,70,70,70,70,70,70,70,70,70,70,70,70,70,70,70,70,70,70,70,70,70,70,70,70,70,70,70,70,70,70,70,70,70,70,70,70,70,70,70,70,70,70],"card_choices":[{"not_picked":["Grand Finale","Unload"],"picked":"Night Terror","floor":0},{"not_picked":["Sucker Punch","Deflect"],"picked":"PiercingWail","floor":1},{"not_picked":["Bane","Deadly Poison"],"picked":"Crippling Poison","floor":4},{"not_picked":["Expertise","Calculated Gamble"],"picked":"Deadly Poison","floor":5},{"not_picked":["Acrobatics","Underhanded Strike"],"picked":"Backstab","floor":7},{"not_picked":["Dodge and Roll","Accuracy+1"],"picked":"Poisoned Stab","floor":11},{"not_picked":["Quick Slash","Bouncing Flask"],"picked":"Caltrops+1","floor":12},{"not_picked":["Escape Plan","Dash"],"picked":"Catalyst","floor":14},{"not_picked":["Burst","Unload"],"picked":"Die Die Die","floor":16},{"not_picked":["Concentrate+1","Dodge and Roll+1"],"picked":"Crippling Poison+1","floor":18},{"not_picked":["Calculated Gamble","Acrobatics+1","Accuracy+1"],"picked":"SKIP","floor":19},{"not_picked":["Cloak And Dagger","Endless Agony","Prepared+1"],"picked":"SKIP","floor":23},{"not_picked":["Acrobatics","Dagger Spray+1"],"picked":"Outmaneuver","floor":27},{"not_picked":["Deflect","Bane+1","Setup+1"],"picked":"SKIP","floor":28},{"not_picked":["Catalyst","PiercingWail+1"],"picked":"Noxious Fumes+1","floor":29},{"not_picked":["Dodge and Roll+1","Reflex"],"picked":"Caltrops+1","floor":30},{"not_picked":["Slice+1","Infinite Blades+1","Prepared"],"picked":"SKIP","floor":31},{"not_picked":["A Thousand Cuts+1","Adrenaline"],"picked":"Envenom+1","floor":33},{"not_picked":["Quick Slash+1","Cloak And Dagger"],"picked":"Well Laid Plans+1","floor":35},{"not_picked":["Cloak And Dagger","Outmaneuver"],"picked":"Noxious Fumes+1","floor":36},{"not_picked":["Deflect","Sucker Punch+1"],"picked":"Deadly Poison+1","floor":37},{"not_picked":["Bane","Cloak And Dagger+1"],"picked":"All Out Attack+1","floor":38},{"not_picked":["Sucker Punch+1","Cloak And Dagger"],"picked":"Backstab+1","floor":41},{"not_picked":["Acrobatics+1","Poisoned Stab+1"],"picked":"Backflip+1","floor":42},{"not_picked":["Leg Sweep","Backflip"],"picked":"Blur+1","floor":44}],"player_experience":175701,"relics_obtained":[{"floor":9,"key":"Paper Crane"},{"floor":10,"key":"Frozen Egg 2"},{"floor":11,"key":"Bottled Tornado"},{"floor":20,"key":"Nilry\u0027s Codex"},{"floor":23,"key":"Ninja Scroll"},{"floor":26,"key":"Girya"},{"floor":27,"key":"War Paint"},{"floor":29,"key":"Boot"},{"floor":37,"key":"Tough Bandages"},{"floor":38,"key":"Peace Pipe"},{"floor":41,"key":"Ginger"},{"floor":41,"key":"Gambling Chip"},{"floor":43,"key":"The Courier"},{"floor":44,"key":"Art of War"},{"floor":44,"key":"Regal Pillow"}],"event_choices":[{"event_name":"Liars Game","player_choice":"agreed","floor":2,"damage_taken":0},{"event_name":"Cursed Tome","player_choice":"Obtained Book","floor":20,"damage_taken":0},{"event_name":"Beggar","player_choice":"Ignored","floor":22,"damage_taken":0},{"event_name":"Back to Basics","player_choice":"Simplicity","floor":24,"damage_taken":0},{"event_name":"Mysterious Sphere","player_choice":"Fight","floor":37,"damage_taken":0},{"event_name":"MindBloom","player_choice":"Fight","floor":38,"damage_taken":0},{"event_name":"Tomb of Lord Red Mask","player_choice":"Ignored","floor":39,"damage_taken":0}],"boss_relics":[{"not_picked":["Eternal Feather","Tiny House"],"picked":"Sozu"},{"not_picked":["Orrery","Runic Pyramid"],"picked":"Black Star"}],"items_purged_floors":[3,8],"is_endless":false,"potions_floor_spawned":[4,11,12,23,27,28,30,35,38,44],"killed_by":"3 Darklings","ascension_level":7}