{"path_per_floor":["M","?","M","M","$","R","M","?","T","?","M","R","M","M","R","B",null,"M","?","?","?","M","R","?","R","T","R","M","M","M","M","R"],"character_chosen":"THE_SILENT","items_purchased":["Infinite Blades","Regal Pillow"],"gold_per_floor":[110,210,229,243,24,24,44,44,44,119,134,134,153,169,169,272,272,272,272,187,187,187,187,187,187,187,187,187,187,187,187,187,187],"floor_reached":33,"campfire_rested":4,"playtime":2109,"item_purchase_floors":[],"current_hp_per_floor":[77,77,77,69,69,69,58,58,58,47,20,58,55,40,77,39,77,64,77,77,77,62,62,25,63,63,63,60,39,26,22,60,0],"items_purged":[],"gold":187,"score":289,"play_id":"6720c193-48e3-459d-a2c6-79fac04967a0","local_time":"20180619213408","is_prod":false,"is_daily":false,"chose_seed":false,"is_ascension_mode":true,"campfire_upgraded":3,"win_rate":0,"timestamp":1529458448,"campfire_choices":[{"data":"Infinite Blades","floor":6.0,"key":"SMITH"},{"floor":12.0,"key":"REST"},{"floor":15.0,"key":"REST"},{"data":"Envenom","floor":23,"key":"SMITH"},{"floor":25,"key":"REST"},{"data":"Cloak And Dagger","floor":27,"key":"SMITH"},{"floor":32,"key":"REST"}],"path_taken":["M","?","M","M","$","R","M","?","T","?","M","R","?","?","R","BOSS","M","?","?","?","?","R","?","R","T","R","M","M","M","M","R","BOSS"],"build_version":"2018-06-14v2","seed_source_timestamp":483406560157284,"purchased_purges":0,"victory":false,"master_deck":["Defend_G","Defend_G","Defend_G","Defend_G","Defend_G","Strike_G","Strike_G","Strike_G","Strike_G","Strike_G","Survivor","Neutralize","Slice","Blur","Slice","Infinite Blades+1","Dash","Deadly Poison","Envenom+1","Cloak And Dagger+1","Adrenaline","Poisoned Stab+1","Poisoned Stab+1","Dodge and Roll","Infinite Blades+1","Accuracy","Accuracy"],"max_hp_per_floor":[77,77,77,77,77,77,77,77,77,77,77,77,77,77,77,77,77,77,77,77,77,77,77,77,77,77,77,77,77,77,77,77,77],"special_seed":0,"relics":["Ring of the Snake","Regal Pillow","Du-Vu Doll","Ectoplasm","Ginger","Red Mask","Pen Nib"],"card_choices":[{"not_picked":["Prepared","Bane"],"picked":"Slice","floor":1.0},{"not_picked":["Flying Knee","Dagger Throw"],"picked":"Blur","floor":3.0},{"not_picked":["Calculated Gamble","Flying Knee"],"picked":"Slice","floor":4.0},{"not_picked":["Backflip","Quick Slash"],"picked":"Dash","floor":7.0},{"not_picked":["Quick Slash","Outmaneuver"],"picked":"Deadly Poison","floor":11.0},{"not_picked":["Choke","PiercingWail"],"picked":"Envenom","floor":13.0},{"not_picked":["Underhanded Strike","Quick Slash"],"picked":"Cloak And Dagger","floor":14.0},{"not_picked":["Tactician","Die Die Die"],"picked":"Adrenaline","floor":16},{"not_picked":["Dagger Throw","Eviscerate"],"picked":"Poisoned Stab+1","floor":18},{"not_picked":["Deflect+1","Dagger Throw"],"picked":"Poisoned Stab+1","floor":22},{"not_picked":["Choke","Skewer"],"picked":"Dodge and Roll","floor":24},{"not_picked":["Slice","Blur"],"picked":"Infinite Blades+1","floor":28},{"not_picked":["Distraction","Expertise+1","Acrobatics+1"],"picked":"SKIP","floor":29},{"not_picked":["Footwork","Poisoned Stab"],"picked":"Accuracy","floor":30},{"not_picked":["Sucker Punch+1","Deadly Poison"],"picked":"Accuracy","floor":31}],"player_experience":654976,"potions_floor_usage":[16,18,24,31,33,33],"damage_taken":[{"damage":0.0,"enemies":"Cultist","floor":1.0,"turns":4.0},{"damage":0.0,"enemies":"Jaw Worm","floor":3.0,"turns":4.0},{"damage":8.0,"enemies":"2 Louse","floor":4.0,"turns":3.0},{"damage":11.0,"enemies":"Looter","floor":7.0,"turns":4.0},{"damage":27.0,"enemies":"Large Slime","floor":11.0,"turns":7.0},{"damage":3.0,"enemies":"Blue Slaver","floor":13.0,"turns":3.0},{"damage":15.0,"enemies":"Lots of Slimes","floor":14.0,"turns":5.0},{"damage":38,"enemies":"Hexaghost","floor":16,"turns":11},{"damage":22,"enemies":"Chosen","floor":18,"turns":6},{"damage":15,"enemies":"3 Byrds","floor":22,"turns":5},{"damage":37,"floor":24,"turns":5},{"damage":3,"enemies":"Centurion and Healer","floor":28,"turns":6},{"damage":21,"enemies":"Snake Plant","floor":29,"turns":4},{"damage":13,"enemies":"Chosen and Byrds","floor":30,"turns":5},{"damage":18,"enemies":"Centurion and Healer","floor":31,"turns":5},{"damage":63,"enemies":"Automaton","floor":33,"turns":6}],"relics_obtained":[{"floor":9.0,"key":"Du-Vu Doll"},{"floor":24,"key":"Red Mask"},{"floor":26,"key":"Pen Nib"}],"event_choices":[{"event_name":"Golden Shrine","player_choice":"Pray","floor":2.0,"damage_taken":0.0},{"event_name":"Shining Light","player_choice":"Ignored","floor":8.0,"damage_taken":0.0},{"event_name":"World of Goop","player_choice":"Gather Gold","floor":10.0,"damage_taken":0.0},{"event_name":"Wheel of Change","player_choice":"Full Heal","floor":19,"damage_taken":0},{"event_name":"Addict","player_choice":"Obtained Relic","floor":20,"damage_taken":0},{"event_name":"Vampires","player_choice":"Ignored","floor":21,"damage_taken":0},{"event_name":"Masked Bandits","player_choice":"Fought over 187 gold","floor":24,"damage_taken":0}],"boss_relics":[{"not_picked":["White Beast Statue","Runic Pyramid"],"picked":"Ectoplasm"}],"items_purged_floors":[],"is_endless":false,"potions_floor_spawned":[4,14,16,28,29,30],"seed_played":"-1571657872973645086","killed_by":"Automaton","ascension_level":4,"potions_obtained":[{"floor":4.0,"key":"SkillPotion"},{"floor":14.0,"key":"SteroidPotion"},{"floor":16,"key":"Regen Potion"},{"floor":28,"key":"SteroidPotion"},{"floor":29,"key":"Poison Potion"},{"floor":30,"key":"Regen Potion"}],"is_trial":false}