{"gold_per_floor":[116,116,116,127,127,161,172,197,197,197,24,56,56,388,388,465,465,485,510,435,485,75,75,107,107,131,131,143,143,193,211,211,285,285,297,297,297,312,331,387,387,165,165,165,178,191,220,45,45,45,45,45,16,46,46],"floor_reached":55,"playtime":2346,"items_purged":["Strike_B","Parasite"],"score":1605,"play_id":"d6374b0f-893f-4d38-b73a-0339f1dc3ef4","local_time":"20181217170158","is_ascension_mode":true,"campfire_choices":[{"floor":10.0,"key":"REST"},{"floor":15.0,"key":"REST"},{"floor":23,"key":"RECALL"},{"data":"Buffer","floor":29,"key":"SMITH"},{"floor":32,"key":"REST"},{"data":"Storm","floor":41,"key":"SMITH"},{"data":"A Thousand Cuts","floor":49,"key":"SMITH"},{"data":"Defragment","floor":52,"key":"SMITH"}],"neow_cost":"NONE","seed_source_timestamp":139659752622017,"circlet_count":0,"master_deck":["AscendersBane","Strike_B","Strike_B","Defend_B","Defend_B","Defend_B","Defend_B+1","Zap","Dualcast","Capacitor","Go for the Eyes","Glacier+1","Streamline","Glacier","Coolheaded","Buffer+1","Blizzard","Defragment+1","Electrodynamics","Leap+1","Coolheaded","Self Repair","Battle Trance","Storm+1","A Thousand Cuts+1","Blur","Mayhem","Flash of Steel+1","Flechettes","Capacitor","Glacier","Injury","Doubt","Madness+1","Caltrops","Capacitor","Blizzard","Compile Driver","Blind"],"special_seed":0,"relics":["Cracked Core","NeowsBlessing","Cables","Smiling Mask","Ancient Tea Set","Matryoshka","Mercury Hourglass","Mummified Hand","Bag of Marbles","Bag of Preparation","Old Coin","Sozu","Singing Bowl","Happy Flower","PrismaticShard","Red Mask","Lantern","Regal Pillow","Cursed Key","Tiny Chest","DataDisk","FossilizedHelix","Strawberry","War Paint"],"potions_floor_usage":[16,24],"damage_taken":[{"damage":0.0,"enemies":"Small Slimes","floor":1.0,"turns":2.0},{"damage":0.0,"enemies":"2 Louse","floor":4.0,"turns":1.0},{"damage":0.0,"enemies":"Lagavulin","floor":6.0,"turns":1.0},{"damage":0.0,"enemies":"Cultist","floor":7.0,"turns":4.0},{"damage":23.0,"enemies":"3 Sentries","floor":8.0,"turns":13.0},{"damage":12.0,"enemies":"Gremlin Nob","floor":12.0,"turns":4.0},{"damage":11.0,"enemies":"Lagavulin","floor":14.0,"turns":8.0},{"damage":0,"enemies":"Slime Boss","floor":16,"turns":6},{"damage":32,"enemies":"Shell Parasite","floor":18,"turns":5},{"damage":0,"enemies":"Masked Bandits","floor":24,"turns":6},{"damage":0,"enemies":"Spheric Guardian","floor":28,"turns":4},{"damage":8,"enemies":"Snake Plant","floor":31,"turns":3},{"damage":21,"enemies":"Automaton","floor":33,"turns":12},{"damage":0,"enemies":"Orb Walker","floor":35,"turns":4},{"damage":9,"enemies":"3 Darklings","floor":38,"turns":2},{"damage":0,"enemies":"Writhing Mass","floor":39,"turns":5},{"damage":35,"enemies":"Giant Head","floor":40,"turns":11},{"damage":0,"enemies":"Spire Growth","floor":45,"turns":4},{"damage":0,"enemies":"4 Shapes","floor":46,"turns":2},{"damage":0,"enemies":"Reptomancer","floor":47,"turns":5},{"damage":11,"enemies":"Donu and Deca","floor":50,"turns":7},{"damage":24,"enemies":"Shield and Spear","floor":54,"turns":6},{"damage":69,"enemies":"The Heart","floor":55,"turns":6}],"seed_played":"-5644816798633593327","potions_obtained":[{"floor":1.0,"key":"Block Potion"},{"floor":8.0,"key":"EssenceOfSteel"},{"floor":14.0,"key":"PowerPotion"},{"floor":16,"key":"SkillPotion"}],"is_trial":false,"path_per_floor":["M","?","?","M","T","E","M","E","T","R","$","E","?","E","R","B",null,"M","T","?","?","$","R","?","?","T","?","M","R","T","M","R","B",null,"M","?","?","M","M","E","R","$","T","T","M","M","E","$","R","B",null,"R","$","E","B"],"character_chosen":"DEFECT","items_purchased":["Bag of Marbles","Coolheaded","Self Repair","PrismaticShard","Capacitor","Glacier","Capacitor","Blizzard","Compile Driver"],"campfire_rested":3,"item_purchase_floors":[11,22,22,22,42,42,48,48,53],"current_hp_per_floor":[64,69,69,69,69,69,69,46,46,68,68,56,56,45,67,67,74,42,42,42,42,42,42,49,49,49,49,56,56,56,57,78,64,75,78,78,78,78,80,52,52,52,52,52,59,66,82,82,82,78,84,84,84,67,0],"gold":46,"neow_bonus":"THREE_ENEMY_KILL","is_prod":false,"is_daily":false,"chose_seed":false,"campfire_upgraded":4,"win_rate":0,"timestamp":1545084118,"path_taken":["M","?","?","?","?","E","M","E","T","R","$","E","?","E","R","BOSS","M","?","?","?","$","R","?","?","T","?","M","R","?","?","R","BOSS","M","?","?","?","M","E","R","$","T","?","M","M","E","?","R","BOSS","R","$","E","BOSS"],"build_version":"2018-12-13","purchased_purges":2,"victory":false,"max_hp_per_floor":[71,76,76,76,76,76,76,76,76,76,76,76,76,76,76,76,76,76,76,76,76,76,76,76,76,76,76,76,76,76,78,78,78,78,78,78,78,80,80,80,80,77,77,77,77,77,86,86,86,86,86,86,86,86,86],"card_choices":[{"not_picked":["Heatsinks","Coolheaded"],"picked":"Capacitor","floor":1.0},{"not_picked":["Rebound","Compile Driver"],"picked":"Go for the Eyes","floor":4.0},{"not_picked":["Ball Lightning","Melter"],"picked":"Glacier","floor":6.0},{"not_picked":["Force Field","Sweeping Beam"],"picked":"Streamline","floor":7.0},{"not_picked":["All For One","Hello World"],"picked":"Glacier","floor":8.0},{"not_picked":["Stack","Undo"],"picked":"Coolheaded","floor":12.0},{"not_picked":["Rebound","White Noise"],"picked":"Defragment","floor":14.0},{"not_picked":["Core Surge","Rainbow"],"picked":"Electrodynamics","floor":16},{"not_picked":["Steam+1","Stack"],"picked":"Leap+1","floor":18},{"not_picked":["Twin Strike","Deflect"],"picked":"Battle Trance","floor":24},{"not_picked":["Sword Boomerang","Quick Slash"],"picked":"Storm","floor":28},{"not_picked":["Reckless Charge","Accuracy","Purity"],"picked":"Singing Bowl","floor":31},{"not_picked":["Multi-Cast","Feed"],"picked":"A Thousand Cuts","floor":33},{"not_picked":["Riddle With Holes","Forethought"],"picked":"Blur","floor":35},{"not_picked":["The Bomb","Master of Strategy"],"picked":"Mayhem","floor":36},{"not_picked":["Clash","True Grit+1","Havoc+1"],"picked":"Singing Bowl","floor":38},{"not_picked":["Reprogram+1","Bandage Up"],"picked":"Flash of Steel+1","floor":39},{"not_picked":["Sever Soul","Twin Strike"],"picked":"Flechettes","floor":40},{"not_picked":["Go for the Eyes","Redo"],"picked":"Madness+1","floor":45},{"not_picked":["Multi-Cast","Ghostly Armor"],"picked":"Caltrops","floor":46},{"not_picked":["Double Energy","Headbutt","Reprogram+1"],"picked":"Singing Bowl","floor":47},{"not_picked":["Rip and Tear","Backstab"],"picked":"Blind","floor":54}],"player_experience":1922661,"relics_obtained":[{"floor":3.0,"key":"Cables"},{"floor":5.0,"key":"Smiling Mask"},{"floor":6.0,"key":"Ancient Tea Set"},{"floor":8.0,"key":"Matryoshka"},{"floor":9.0,"key":"Mercury Hourglass"},{"floor":9.0,"key":"Mummified Hand"},{"floor":12.0,"key":"Bag of Preparation"},{"floor":14.0,"key":"Old Coin"},{"floor":19,"key":"Singing Bowl"},{"floor":19,"key":"Happy Flower"},{"floor":24,"key":"Red Mask"},{"floor":26,"key":"Lantern"},{"floor":40,"key":"Tiny Chest"},{"floor":43,"key":"DataDisk"},{"floor":44,"key":"FossilizedHelix"},{"floor":47,"key":"Strawberry"},{"floor":54,"key":"War Paint"}],"event_choices":[{"damage_healed":0.0,"max_hp_gain":5.0,"max_hp_loss":0.0,"gold_gain":0.0,"event_name":"Big Fish","player_choice":"Donut","floor":2.0,"gold_loss":0.0,"damage_taken":0.0},{"damage_healed":0.0,"max_hp_gain":0.0,"max_hp_loss":0.0,"gold_gain":0.0,"event_name":"Wheel of Change","player_choice":"Relic","floor":3.0,"gold_loss":0.0,"damage_taken":0.0},{"damage_healed":0.0,"max_hp_gain":0.0,"max_hp_loss":0.0,"gold_gain":0.0,"event_name":"Match and Keep!","player_choice":"2 cards matched","floor":13.0,"gold_loss":0.0,"damage_taken":0.0,"cards_obtained":["Buffer","Blizzard"]},{"cards_removed":["Strike_B"],"damage_healed":0,"gold_gain":0,"player_choice":"Gave Gold","damage_taken":0,"max_hp_gain":0,"max_hp_loss":0,"event_name":"Beggar","floor":20,"gold_loss":75},{"damage_healed":0,"gold_gain":50,"player_choice":"Stole From Cult","damage_taken":0,"max_hp_gain":0,"max_hp_loss":0,"event_name":"Nest","floor":21,"gold_loss":0},{"damage_healed":0,"gold_gain":0,"player_choice":"Fought Bandits","damage_taken":0,"max_hp_gain":0,"max_hp_loss":0,"event_name":"Masked Bandits","floor":24,"gold_loss":0},{"damage_healed":0,"gold_gain":0,"player_choice":"Smashed Altar","damage_taken":0,"max_hp_gain":0,"max_hp_loss":0,"event_name":"Forgotten Altar","floor":25,"gold_loss":0,"cards_obtained":["Decay"]},{"damage_healed":0,"gold_gain":0,"player_choice":"Opened","damage_taken":0,"relics_obtained":["Regal Pillow"],"max_hp_gain":0,"max_hp_loss":0,"event_name":"The Mausoleum","floor":27,"gold_loss":0,"cards_obtained":["Writhe"]},{"damage_healed":0,"gold_gain":0,"player_choice":"Memory 1","damage_taken":0,"max_hp_gain":0,"max_hp_loss":0,"event_name":"SensoryStone","floor":36,"gold_loss":0},{"cards_removed":["Writhe","Decay"],"damage_healed":0,"gold_gain":0,"player_choice":"Removed Curses","damage_taken":0,"max_hp_gain":0,"max_hp_loss":0,"event_name":"Fountain of Cleansing","floor":37,"gold_loss":0}],"is_beta":false,"boss_relics":[{"not_picked":["Coffee Dripper","Busted Crown"],"picked":"Sozu"},{"not_picked":["Nuclear Battery","Fusion Hammer"],"picked":"Cursed Key"}],"items_purged_floors":[22,42],"is_endless":false,"potions_floor_spawned":[1,8,14,16,18,28,35,39,45,46],"killed_by":"The Heart","ascension_level":17}