{"gold_per_floor":[119,130,205,205,205,205,239,239,239,251,261,261,274,9,9,80,80,98,57,57,57,57],"floor_reached":22,"playtime":659,"items_purged":[],"score":393,"play_id":"37ff1efa-c1bd-404f-8333-b37f27db854a","local_time":"20181224083645","is_ascension_mode":true,"campfire_choices":[{"data":"Streamline","floor":6,"key":"SMITH"},{"data":"Zap","floor":8,"key":"SMITH"},{"data":"Dualcast","floor":12,"key":"SMITH"},{"data":"Sunder","floor":15,"key":"SMITH"}],"neow_cost":"NONE","seed_source_timestamp":364128495478947,"circlet_count":0,"master_deck":["AscendersBane","Strike_B","Strike_B","Strike_B","Strike_B","Defend_B","Defend_B","Defend_B","Defend_B","Zap+1","Dualcast+1","Conserve Battery","Streamline+1","Conserve Battery","Self Repair","Stack+1","Sunder+1","Blind+1","Buffer","Fusion+1","Consume+1","Shame"],"relics":["Cracked Core","NeowsBlessing","Boot","Toxic Egg 2","Bronze Scales","Nuclear Battery","The Courier"],"potions_floor_usage":[20],"damage_taken":[{"damage":0,"enemies":"2 Louse","floor":1,"turns":1},{"damage":0,"enemies":"Small Slimes","floor":2,"turns":1},{"damage":0,"enemies":"Lagavulin","floor":7,"turns":1},{"damage":1,"enemies":"Cultist","floor":10,"turns":3},{"damage":4,"enemies":"2 Fungi Beasts","floor":11,"turns":3},{"damage":20,"enemies":"Large Slime","floor":13,"turns":5},{"damage":37,"enemies":"The Guardian","floor":16,"turns":11},{"damage":6,"enemies":"Chosen","floor":18,"turns":5},{"damage":43,"enemies":"Colosseum Slavers","floor":20,"turns":5},{"damage":19,"enemies":"Spheric Guardian","floor":22,"turns":3}],"seed_played":"3414160337395001874","potions_obtained":[{"floor":10,"key":"Energy Potion"},{"floor":11,"key":"SpeedPotion"},{"floor":18,"key":"PowerPotion"}],"is_trial":false,"path_per_floor":["M","M","?","?","?","R","E","R","T","M","M","R","M","$","R","B",null,"M","$","?","?","M"],"character_chosen":"DEFECT","items_purchased":["Bronze Scales","Blind+1","Consume+1"],"campfire_rested":0,"item_purchase_floors":[14,14,19],"current_hp_per_floor":[64,64,53,53,71,71,71,71,71,70,71,71,58,58,58,28,60,61,61,18,18,0],"gold":57,"neow_bonus":"THREE_ENEMY_KILL","is_prod":false,"is_daily":false,"chose_seed":false,"campfire_upgraded":4,"win_rate":0,"timestamp":1545658605,"path_taken":["M","M","?","?","?","R","E","R","T","M","?","R","M","$","R","BOSS","M","$","?","?","?"],"build_version":"2018-12-20","purchased_purges":0,"victory":false,"max_hp_per_floor":[71,71,71,71,71,71,71,71,71,71,71,71,71,71,71,71,71,71,71,71,71,71],"card_choices":[{"not_picked":["Turbo","Compile Driver"],"picked":"Conserve Battery","floor":1},{"not_picked":["Redo","Aggregate"],"picked":"Streamline","floor":2},{"not_picked":["Ball Lightning","Darkness"],"picked":"Conserve Battery","floor":7},{"not_picked":["Hologram+1","Beam Cell"],"picked":"Self Repair","floor":10},{"not_picked":["Streamline","Sweeping Beam"],"picked":"Stack+1","floor":11},{"not_picked":["Rip and Tear","Stack+1"],"picked":"Sunder","floor":13},{"not_picked":["Machine Learning","Fission+1"],"picked":"Buffer","floor":16},{"not_picked":["Steam+1","Turbo+1"],"picked":"Fusion+1","floor":18}],"player_experience":1951081,"relics_obtained":[{"floor":7,"key":"Boot"},{"floor":9,"key":"Toxic Egg 2"}],"event_choices":[{"damage_healed":0,"gold_gain":75,"player_choice":"Gather Gold","damage_taken":11,"max_hp_gain":0,"max_hp_loss":0,"event_name":"World of Goop","floor":3,"gold_loss":0},{"damage_healed":0,"gold_gain":0,"player_choice":"Ignored","damage_taken":0,"max_hp_gain":0,"max_hp_loss":0,"event_name":"Liars Game","floor":4,"gold_loss":0},{"damage_healed":18,"gold_gain":0,"player_choice":"Full Heal","damage_taken":0,"max_hp_gain":0,"max_hp_loss":0,"event_name":"Wheel of Change","floor":5,"gold_loss":0},{"damage_healed":0,"gold_gain":0,"player_choice":"Fight","damage_taken":0,"max_hp_gain":0,"max_hp_loss":0,"event_name":"Colosseum","floor":20,"gold_loss":0},{"damage_healed":0,"gold_gain":0,"player_choice":"Fled From Nobs","damage_taken":0,"max_hp_gain":0,"max_hp_loss":0,"event_name":"Colosseum","floor":20,"gold_loss":0},{"damage_healed":0,"gold_gain":0,"player_choice":"Stole Relic","damage_taken":0,"relics_obtained":["The Courier"],"max_hp_gain":0,"max_hp_loss":0,"event_name":"Addict","floor":21,"gold_loss":0,"cards_obtained":["Shame"]}],"is_beta":false,"boss_relics":[{"not_picked":["Empty Cage","White Beast Statue"],"picked":"Nuclear Battery"}],"items_purged_floors":[],"is_endless":false,"potions_floor_spawned":[10,11,13,18],"killed_by":"Spheric Guardian","ascension_level":18}