{"gold_per_floor":[114,114,131,10,22,22,54,54,81,96,114,132,164,177,177,275,275,291,302,302,36,47,47,47,47,47,57,73,0,0,12,12,115,115,132,146,158,158,158,193,193,209,232,250,88,101,101,130,130,130,130,130,57,57],"floor_reached":54,"playtime":3009,"items_purged":["Pain"],"score":713,"play_id":"e4b8f7e5-bba3-4b8d-a36d-f88765c9d7a6","local_time":"20190109225519","is_ascension_mode":false,"campfire_choices":[{"data":"Uppercut","floor":6.0,"key":"SMITH"},{"data":"Bash","floor":8.0,"key":"SMITH"},{"floor":15.0,"key":"REST"},{"floor":25.0,"key":"RECALL"},{"floor":32,"key":"REST"},{"floor":47,"key":"REST"},{"data":"Limit Break","floor":49,"key":"SMITH"},{"data":"Demon Form","floor":52,"key":"SMITH"}],"neow_cost":"PERCENT_DAMAGE","seed_source_timestamp":0,"circlet_count":0,"master_deck":["Strike_R","Strike_R","Strike_R","Strike_R","Defend_R","Defend_R","Defend_R","Defend_R+1","Bash+1","Rage+1","Twin Strike","Uppercut+1","Pommel Strike","Metallicize","Cleave","Juggernaut","Thunderclap","Demon Form+1","Twin Strike","Disarm","Flash of Steel","Impervious","Cleave","Sword Boomerang+1","Body Slam","Whirlwind+1","Whirlwind+1","Metallicize","Shrug It Off+1","Immolate","Body Slam+1","Writhe","Secret Weapon","Dark Shackles","Shockwave+1","Doubt","Body Slam+1","Metallicize","Entrench","Flame Barrier+1","Limit Break+1","Disarm"],"special_seed":0,"relics":["Burning Blood","Pocketwatch","WarpedTongs","War Paint","Self Forming Clay","Sozu","Mercury Hourglass","Black Star","Pen Nib","Blue Candle","Red Skull","Oddly Smooth Stone","Pantograph"],"potions_floor_usage":[33],"damage_taken":[{"damage":0.0,"enemies":"Small Slimes","floor":1.0,"turns":3.0},{"damage":5.0,"enemies":"Cultist","floor":3.0,"turns":3.0},{"damage":0.0,"enemies":"2 Louse","floor":5.0,"turns":2.0},{"damage":13.0,"enemies":"Lagavulin","floor":7.0,"turns":5.0},{"damage":13.0,"enemies":"Gremlin Gang","floor":10.0,"turns":4.0},{"damage":5.0,"enemies":"Exordium Thugs","floor":11.0,"turns":4.0},{"damage":2.0,"enemies":"Blue Slaver","floor":12.0,"turns":3.0},{"damage":10.0,"enemies":"Gremlin Nob","floor":13.0,"turns":3.0},{"damage":6.0,"enemies":"Looter","floor":14.0,"turns":3.0},{"damage":23.0,"enemies":"Slime Boss","floor":16.0,"turns":7.0},{"damage":21.0,"enemies":"2 Thieves","floor":18.0,"turns":3.0},{"damage":10.0,"enemies":"Shell Parasite","floor":19.0,"turns":5.0},{"damage":14.0,"enemies":"Chosen and Byrds","floor":22.0,"turns":5.0},{"damage":11.0,"enemies":"Shelled Parasite and Fungi","floor":27.0,"turns":6.0},{"damage":5.0,"enemies":"3 Cultists","floor":28.0,"turns":4.0},{"damage":15,"enemies":"Cultist and Chosen","floor":31,"turns":4},{"damage":21,"enemies":"Collector","floor":33,"turns":7},{"damage":10,"enemies":"Orb Walker","floor":35,"turns":3},{"damage":16,"enemies":"3 Shapes","floor":36,"turns":10},{"damage":15,"enemies":"Maw","floor":37,"turns":7},{"damage":70,"enemies":"Nemesis","floor":40,"turns":7},{"damage":35,"enemies":"Jaw Worm Horde","floor":42,"turns":3},{"damage":2,"enemies":"4 Shapes","floor":44,"turns":8},{"damage":23,"enemies":"Maw","floor":46,"turns":7},{"damage":33,"enemies":"Giant Head","floor":48,"turns":8},{"damage":36,"enemies":"Time Eater","floor":50,"turns":8},{"damage":80,"enemies":"Shield and Spear","floor":54,"turns":8}],"seed_played":"-5267559252005572838","potions_obtained":[{"floor":3.0,"key":"BloodPotion"},{"floor":10.0,"key":"Poison Potion"},{"floor":13.0,"key":"Energy Potion"}],"is_trial":false,"path_per_floor":["M","?","M","$","M","R","E","R","T","M","M","M","E","M","R","B",null,"M","M","?","$","M","?","?","R","T","M","M","$","$","M","R","B",null,"M","M","M","?","?","E","?","M","T","M","$","M","R","E","R","B",null,"R","$","E"],"character_chosen":"IRONCLAD","items_purchased":["Twin Strike","Flash of Steel","Impervious","Cleave","Metallicize","Metallicize","Entrench","Disarm"],"campfire_rested":3,"item_purchase_floors":[4,21,21,21,29,45,45,53],"current_hp_per_floor":[62,62,63,63,69,69,62,62,62,55,56,60,56,56,80,63,80,65,61,61,61,53,53,53,53,53,56,57,57,57,48,72,57,80,76,66,57,77,72,8,80,51,51,55,55,38,62,35,35,30,80,80,80,0],"gold":57,"neow_bonus":"ONE_RARE_RELIC","is_prod":false,"is_daily":false,"chose_seed":false,"campfire_upgraded":4,"win_rate":0,"timestamp":1547092519,"path_taken":["M","?","?","$","?","R","E","R","T","M","M","M","E","M","R","BOSS","M","M","?","$","?","?","?","R","T","M","?","?","$","M","R","BOSS","M","M","M","?","?","E","?","M","T","M","$","M","R","E","R","BOSS","R","$","E"],"build_version":"2019-01-03v4","purchased_purges":1,"victory":false,"max_hp_per_floor":[80,80,80,80,80,80,80,80,80,80,80,80,80,80,80,80,80,80,80,80,80,80,80,80,80,80,80,80,80,80,80,80,80,80,80,80,80,80,80,80,80,80,80,80,80,80,80,80,80,80,80,80,80,80],"card_choices":[{"not_picked":["Perfected Strike","Wild Strike"],"picked":"Rage","floor":1.0},{"not_picked":["Infernal Blade","Flex","Anger"],"picked":"SKIP","floor":3.0},{"not_picked":["Impervious","Intimidate"],"picked":"Uppercut","floor":5.0},{"not_picked":["Flex","Heavy Blade","Armaments"],"picked":"SKIP","floor":7.0},{"not_picked":["Wild Strike","Clash"],"picked":"Pommel Strike","floor":10.0},{"not_picked":["Clash","Flex"],"picked":"Metallicize","floor":11.0},{"not_picked":["Iron Wave","Perfected Strike"],"picked":"Cleave","floor":12.0},{"not_picked":["Twin Strike","Perfected Strike"],"picked":"Juggernaut","floor":13.0},{"not_picked":["Intimidate","Iron Wave"],"picked":"Thunderclap","floor":14.0},{"not_picked":["Impervious","Juggernaut"],"picked":"Demon Form","floor":16.0},{"not_picked":["Wild Strike","Spot Weakness+1","Sword Boomerang"],"picked":"SKIP","floor":18.0},{"not_picked":["Headbutt","Entrench","Uppercut"],"picked":"SKIP","floor":19.0},{"not_picked":["Clothesline","Flex"],"picked":"Sword Boomerang+1","floor":22.0},{"not_picked":["Corruption+1","Combust"],"picked":"Body Slam","floor":27.0},{"not_picked":["Disarm+1","Rampage+1"],"picked":"Whirlwind+1","floor":28},{"not_picked":["Disarm+1","Rampage+1"],"picked":"Whirlwind+1","floor":28},{"not_picked":["Headbutt","Searing Blow"],"picked":"Shrug It Off+1","floor":31},{"not_picked":["Double Tap","Dark Embrace"],"picked":"Immolate","floor":33},{"not_picked":["Combust","True Grit","Cleave"],"picked":"SKIP","floor":35},{"not_picked":["True Grit","Anger"],"picked":"Body Slam+1","floor":36},{"not_picked":["Sword Boomerang","Dual Wield","Pommel Strike"],"picked":"SKIP","floor":37},{"not_picked":["Impatience","Deep Breath"],"picked":"Secret Weapon","floor":39},{"not_picked":["Forethought","Swift Strike"],"picked":"Dark Shackles","floor":39},{"not_picked":["True Grit","Intimidate+1"],"picked":"Shockwave+1","floor":40},{"not_picked":["Dropkick","Wild Strike+1"],"picked":"Body Slam+1","floor":42},{"not_picked":["Perfected Strike+1","Flex","Body Slam+1"],"picked":"SKIP","floor":44},{"not_picked":["Havoc+1","Sword Boomerang+1"],"picked":"Flame Barrier+1","floor":46},{"not_picked":["Power Through","True Grit+1"],"picked":"Limit Break","floor":48}],"player_experience":2058297,"relics_obtained":[{"floor":7.0,"key":"War Paint"},{"floor":13.0,"key":"Self Forming Clay"},{"floor":26.0,"key":"Mercury Hourglass"},{"floor":40,"key":"Pen Nib"},{"floor":40,"key":"Blue Candle"},{"floor":43,"key":"Red Skull"},{"floor":48,"key":"Oddly Smooth Stone"},{"floor":48,"key":"Pantograph"}],"event_choices":[{"damage_healed":0.0,"max_hp_gain":0.0,"max_hp_loss":0.0,"gold_gain":0.0,"event_name":"Accursed Blacksmith","player_choice":"Rummage","floor":2.0,"gold_loss":0.0,"damage_taken":0.0,"relics_obtained":["WarpedTongs"],"cards_obtained":["Pain"]},{"damage_healed":0.0,"max_hp_gain":0.0,"max_hp_loss":0.0,"gold_gain":0.0,"event_name":"Match and Keep!","player_choice":"2 cards matched","floor":20.0,"gold_loss":0.0,"damage_taken":0.0,"cards_obtained":["Twin Strike","Disarm"]},{"damage_healed":0.0,"max_hp_gain":0.0,"max_hp_loss":0.0,"gold_gain":0.0,"event_name":"Ghosts","player_choice":"Ignored","floor":23.0,"gold_loss":0.0,"damage_taken":0.0},{"cards_removed":["Strike_R"],"damage_healed":0.0,"max_hp_gain":0.0,"max_hp_loss":0.0,"gold_gain":0.0,"event_name":"Wheel of Change","player_choice":"Card Removal","floor":24.0,"gold_loss":0.0,"damage_taken":0.0},{"damage_healed":20,"gold_gain":0,"player_choice":"Writhe","damage_taken":0,"max_hp_gain":0,"max_hp_loss":0,"event_name":"Winding Halls","floor":38,"gold_loss":0,"cards_obtained":["Writhe"]},{"damage_healed":0,"gold_gain":0,"player_choice":"Memory 2","damage_taken":5,"max_hp_gain":0,"max_hp_loss":0,"event_name":"SensoryStone","floor":39,"gold_loss":0},{"damage_healed":72,"gold_gain":0,"player_choice":"Heal","damage_taken":0,"max_hp_gain":0,"max_hp_loss":0,"event_name":"MindBloom","floor":41,"gold_loss":0,"cards_obtained":["Doubt"]}],"is_beta":false,"boss_relics":[{"not_picked":["Lizard Tail","Fusion Hammer"],"picked":"Sozu"},{"not_picked":["Eternal Feather","Tiny House"],"picked":"Black Star"}],"items_purged_floors":[4],"is_endless":false,"potions_floor_spawned":[3,10,13,19,27,31,33,36,40,42],"killed_by":"Shield and Spear","ascension_level":0}