{"path_per_floor":["M","?","?","$","M","R","E","M","T","M"],"character_chosen":"THE_SILENT","items_purchased":[],"gold_per_floor":[112,112,82,7,21,21,48,62,62,79,79],"floor_reached":11,"campfire_rested":0,"playtime":392,"item_purchase_floors":[],"current_hp_per_floor":[70,67,67,67,67,67,31,31,31,19,0],"items_purged":["Strike_G"],"gold":79,"score":73,"play_id":"f0094112-1128-457c-a470-e094cbc8e261","local_time":"20180618010338","is_prod":false,"is_daily":false,"chose_seed":true,"is_ascension_mode":false,"campfire_upgraded":1,"win_rate":0,"timestamp":1529276618,"campfire_choices":[{"data":"Skewer","floor":6,"key":"SMITH"}],"path_taken":["M","?","?","$","M","R","E","M","T","M","?"],"build_version":"2018-06-14v2","seed_source_timestamp":3457357350704433,"purchased_purges":1,"victory":false,"master_deck":["Defend_G","Defend_G","Defend_G","Defend_G","Defend_G","Strike_G","Strike_G","Strike_G","Strike_G","Survivor","Neutralize","Quick Slash","Skewer+1","Deflect","Caltrops"],"max_hp_per_floor":[70,70,70,70,70,70,70,70,70,70,70],"special_seed":42036392590698,"relics":["Unceasing Top","Blue Candle","Dream Catcher","Bag of Preparation"],"card_choices":[{"not_picked":["Setup","Eviscerate"],"picked":"Quick Slash","floor":1},{"not_picked":["Dagger Throw","Deflect"],"picked":"Skewer","floor":5},{"not_picked":["Prepared","Bouncing Flask"],"picked":"Deflect","floor":7},{"not_picked":["Backflip","Sucker Punch","Finisher"],"picked":"SKIP","floor":8},{"not_picked":["Deadly Poison","Flechettes"],"picked":"Caltrops","floor":10}],"player_experience":866333,"potions_floor_usage":[11],"damage_taken":[{"damage":0,"enemies":"2 Louse","floor":1,"turns":3},{"damage":0,"enemies":"Small Slimes","floor":5,"turns":4},{"damage":36,"enemies":"Gremlin Nob","floor":7,"turns":5},{"damage":0,"enemies":"Cultist","floor":8,"turns":3},{"damage":12,"enemies":"Lots of Slimes","floor":10,"turns":5},{"damage":42,"enemies":"Lagavulin Event","floor":11,"turns":8}],"relics_obtained":[{"floor":7,"key":"Dream Catcher"},{"floor":9,"key":"Bag of Preparation"}],"event_choices":[{"event_name":"Scrap Ooze","player_choice":"success","floor":2,"damage_taken":3},{"event_name":"The Woman in Blue","player_choice":"Bought 2 Potions","floor":3,"damage_taken":0},{"event_name":"Dead Adventurer","player_choice":"Searched \u00271\u0027 times","floor":11,"damage_taken":0}],"boss_relics":[],"items_purged_floors":[4],"is_endless":false,"potions_floor_spawned":[1,11],"seed_played":"2506351226572978956","killed_by":"Lagavulin Event","ascension_level":0,"potions_obtained":[{"floor":1,"key":"FairyPotion"},{"floor":3,"key":"Ancient Potion"},{"floor":3,"key":"PowerPotion"}],"is_trial":true}