{"gold_per_floor":[110,110,73,73,89,103,138,148,220,220,240,240,250,266,266,371,371,386,386,386,157,157,157,25,25,25,35,61,73,98,110,122,233,245,277,300,25,25,25,56,56,74,100,100,116,41,41],"floor_reached":47,"playtime":4180,"items_purged":["Strike_B","Strike_B","Decay"],"score":473,"play_id":"84154f97-ef72-4e97-a7d8-db1d9b128364","local_time":"20190121214500","is_ascension_mode":false,"campfire_choices":[{"floor":12,"key":"REST"},{"floor":15,"key":"REST"},{"data":"Echo Form","floor":23,"key":"SMITH"},{"data":"Static Discharge","floor":25,"key":"SMITH"},{"floor":29,"key":"REST"},{"floor":32,"key":"REST"},{"data":"Creative AI","floor":41,"key":"SMITH"},{"floor":44,"key":"RECALL"}],"neow_cost":"NONE","seed_source_timestamp":167576013487529,"circlet_count":0,"master_deck":["Defend_B","Defend_B","Defend_B","Defend_B","Zap","Dualcast","Fusion","Storm","Melter","White Noise","Conserve Battery","Machine Learning","Coolheaded","Consume","Echo Form+1","Storm","Loop","Amplify","Static Discharge+1","Loop","Hello World","Self Repair+1","Conserve Battery+1","Creative AI+1","Fusion+1","BootSequence","Echo Form+1","Loop","BootSequence"],"relics":["Cracked Core","NeowsBlessing","FossilizedHelix","Dream Catcher","Runic Pyramid","Smiling Mask","Kunai","Art of War","PreservedInsect","MawBank","Philosopher\u0027s Stone","DollysMirror","Blue Candle","Centennial Puzzle"],"potions_floor_usage":[16,16,28,30,33],"damage_taken":[{"damage":0,"enemies":"Cultist","floor":1,"turns":1},{"damage":0,"enemies":"Small Slimes","floor":5,"turns":1},{"damage":0,"enemies":"Jaw Worm","floor":6,"turns":1},{"damage":46,"enemies":"Gremlin Nob","floor":7,"turns":5},{"damage":16,"enemies":"Lots of Slimes","floor":8,"turns":3},{"damage":0,"enemies":"Exordium Thugs","floor":11,"turns":5},{"damage":19,"enemies":"Exordium Wildlife","floor":13,"turns":5},{"damage":0,"enemies":"2 Fungi Beasts","floor":14,"turns":4},{"damage":5,"enemies":"The Guardian","floor":16,"turns":11},{"damage":34,"enemies":"3 Byrds","floor":18,"turns":5},{"damage":0,"enemies":"Spheric Guardian","floor":27,"turns":3},{"damage":36,"enemies":"Slavers","floor":28,"turns":4},{"damage":19,"enemies":"Centurion and Healer","floor":30,"turns":4},{"damage":23,"enemies":"Collector","floor":33,"turns":5},{"damage":10,"enemies":"3 Shapes","floor":35,"turns":3},{"damage":33,"enemies":"3 Darklings","floor":36,"turns":4},{"damage":19,"enemies":"Reptomancer","floor":40,"turns":4},{"damage":0,"enemies":"Maw","floor":42,"turns":5},{"damage":11,"enemies":"Writhing Mass","floor":45,"turns":4},{"damage":47,"enemies":"4 Shapes","floor":47,"turns":3}],"seed_played":"-7981843784926666963","potions_obtained":[{"floor":1,"key":"Ancient Potion"},{"floor":6,"key":"FearPotion"},{"floor":8,"key":"Poison Potion"},{"floor":14,"key":"SkillPotion"},{"floor":28,"key":"SkillPotion"},{"floor":30,"key":"Strength Potion"},{"floor":36,"key":"LiquidBronze"},{"floor":40,"key":"Strength Potion"}],"is_trial":false,"path_per_floor":["M","?","$","?","M","M","E","M","T","?","M","R","M","M","R","B",null,"M","?","T","$","?","R","$","R","T","M","E","R","M","?","R","B",null,"M","M","$","?","$","E","R","M","T","R","M","$","M"],"character_chosen":"DEFECT","items_purchased":["Storm","Art of War","Static Discharge","Loop","DollysMirror","Loop","LiquidBronze"],"campfire_rested":4,"item_purchase_floors":[3,21,21,24,37,37,46],"current_hp_per_floor":[75,75,75,75,75,75,29,13,13,13,13,35,16,16,38,33,75,41,41,41,41,41,41,41,41,41,41,5,27,18,18,40,37,75,75,62,62,62,62,53,53,53,53,53,42,42,0],"gold":41,"neow_bonus":"THREE_ENEMY_KILL","is_prod":false,"is_daily":false,"chose_seed":false,"campfire_upgraded":3,"win_rate":0,"timestamp":1548069300,"path_taken":["M","?","?","?","M","?","E","M","T","?","?","R","M","M","R","BOSS","M","?","?","$","?","R","$","R","T","M","E","R","M","?","R","BOSS","M","M","$","?","?","E","R","M","T","R","M","$","M"],"build_version":"2019-01-17v2","purchased_purges":3,"victory":false,"max_hp_per_floor":[75,75,75,75,75,75,75,75,75,75,75,75,75,75,75,75,75,75,75,75,75,75,75,75,75,75,75,75,75,75,75,75,75,75,75,75,75,75,75,75,75,75,75,75,75,75,75],"card_choices":[{"not_picked":["Conserve Battery","Darkness"],"picked":"Fusion","floor":1},{"not_picked":["Hologram","Scrape"],"picked":"White Noise","floor":5},{"not_picked":["Steam","Gash"],"picked":"Conserve Battery","floor":6},{"not_picked":["Melter","Skim"],"picked":"Machine Learning","floor":7},{"not_picked":["Redo","Hologram"],"picked":"Coolheaded","floor":8},{"not_picked":["Redo","Steam"],"picked":"Consume","floor":11},{"not_picked":["Conserve Battery","Hello World"],"picked":"Echo Form","floor":12},{"not_picked":["Ball Lightning","Scrape"],"picked":"Storm","floor":13},{"not_picked":["Go for the Eyes","Sweeping Beam","Stack"],"picked":"SKIP","floor":14},{"not_picked":["Stack","Hello World"],"picked":"Loop","floor":15},{"not_picked":["Seek","Creative AI"],"picked":"Amplify","floor":16},{"not_picked":["Steam Power","Turbo","Sunder+1"],"picked":"SKIP","floor":18},{"not_picked":["Barrage+1","Compile Driver"],"picked":"Hello World","floor":27},{"not_picked":["Gash","Beam Cell+1"],"picked":"Self Repair+1","floor":28},{"not_picked":["Steam","Rebound","Streamline"],"picked":"SKIP","floor":30},{"not_picked":["Redo","Compile Driver"],"picked":"Conserve Battery+1","floor":32},{"not_picked":["Rainbow","Core Surge"],"picked":"Creative AI","floor":33},{"not_picked":["Go for the Eyes","Ball Lightning"],"picked":"Fusion+1","floor":35},{"not_picked":["Sunder","Stack"],"picked":"BootSequence","floor":36},{"not_picked":["Sweeping Beam+1","Undo+1"],"picked":"BootSequence","floor":40},{"not_picked":["Compile Driver","Cold Snap","Steam+1"],"picked":"SKIP","floor":42},{"not_picked":["FTL+1","Hologram","Cold Snap+1"],"picked":"SKIP","floor":45}],"player_experience":476702,"relics_obtained":[{"floor":7,"key":"Dream Catcher"},{"floor":20,"key":"Kunai"},{"floor":26,"key":"PreservedInsect"},{"floor":28,"key":"MawBank"},{"floor":40,"key":"Blue Candle"},{"floor":43,"key":"Centennial Puzzle"}],"event_choices":[{"damage_healed":0,"gold_gain":0,"player_choice":"Gave Potion","damage_taken":0,"relics_obtained":["FossilizedHelix"],"max_hp_gain":0,"max_hp_loss":0,"event_name":"WeMeetAgain","floor":2,"gold_loss":0},{"damage_healed":0,"gold_gain":0,"cards_transformed":["Strike_B"],"player_choice":"Transformed","damage_taken":0,"max_hp_gain":0,"max_hp_loss":0,"event_name":"Transmorgrifier","floor":4,"gold_loss":0,"cards_obtained":["Melter"]},{"damage_healed":0,"gold_gain":0,"player_choice":"Ignored","damage_taken":0,"max_hp_gain":0,"max_hp_loss":0,"event_name":"NoteForYourself","floor":10,"gold_loss":0},{"damage_healed":0,"gold_gain":0,"player_choice":"Opened","damage_taken":0,"relics_obtained":["Smiling Mask"],"max_hp_gain":0,"max_hp_loss":0,"event_name":"The Mausoleum","floor":19,"gold_loss":0},{"cards_removed":["Strike_B"],"damage_healed":0,"gold_gain":0,"player_choice":"Elegance","damage_taken":0,"max_hp_gain":0,"max_hp_loss":0,"event_name":"Back to Basics","floor":22,"gold_loss":0},{"damage_healed":0,"gold_gain":0,"player_choice":"Smashed Altar","damage_taken":0,"max_hp_gain":0,"max_hp_loss":0,"event_name":"Forgotten Altar","floor":31,"gold_loss":0,"cards_obtained":["Decay"]},{"damage_healed":0,"gold_gain":0,"player_choice":"Ignored","damage_taken":0,"max_hp_gain":0,"max_hp_loss":0,"event_name":"SecretPortal","floor":38,"gold_loss":0}],"is_beta":false,"boss_relics":[{"not_picked":["Nuclear Battery","White Beast Statue"],"picked":"Runic Pyramid"},{"not_picked":["Lizard Tail","Eternal Feather"],"picked":"Philosopher\u0027s Stone"}],"items_purged_floors":[21,24,37],"is_endless":false,"potions_floor_spawned":[1,6,8,14,28,30,36,40],"killed_by":"4 Shapes","ascension_level":0}