{"gold_per_floor":[118,118,139,139,139,182,182,197,221,221,240,256,52,52],"floor_reached":14,"playtime":452,"items_purged":["Dualcast"],"score":115,"play_id":"1de917e4-4e39-4fd2-8fbb-6f2c2cfc89cb","local_time":"20190110151059","is_ascension_mode":false,"campfire_choices":[{"data":"Turbo","floor":7,"key":"SMITH"},{"data":"Zap","floor":10,"key":"SMITH"}],"neow_cost":"NONE","seed_source_timestamp":1742710592674305,"circlet_count":0,"master_deck":["Strike_B","Strike_B","Strike_B","Strike_B","Defend_B","Defend_B","Defend_B","Defend_B","Zap+1","Ball Lightning","Recycle+1","Turbo+1","Ball Lightning","Defragment","Undo"],"relics":["Cracked Core","NeowsBlessing","Golden Idol","Bag of Marbles","Smiling Mask","Strawberry","Happy Flower"],"potions_floor_usage":[12,14],"damage_taken":[{"damage":0,"enemies":"Small Slimes","floor":1,"turns":1},{"damage":0,"enemies":"2 Louse","floor":3,"turns":1},{"damage":0,"enemies":"3 Sentries","floor":6,"turns":1},{"damage":1,"enemies":"Jaw Worm","floor":8,"turns":3},{"damage":21,"enemies":"Exordium Thugs","floor":11,"turns":4},{"damage":13,"enemies":"Exordium Wildlife","floor":12,"turns":3},{"damage":9,"enemies":"3 Louse","floor":14,"turns":1}],"seed_played":"9077393781828926020","potions_obtained":[{"floor":11,"key":"SkillPotion"},{"floor":12,"key":"Regen Potion"}],"is_trial":false,"path_per_floor":["M","?","M","?","?","E","R","M","T","R","M","M","$","M"],"character_chosen":"DEFECT","items_purchased":["Happy Flower"],"campfire_rested":0,"item_purchase_floors":[13],"current_hp_per_floor":[75,57,57,32,32,32,32,31,38,38,17,4,4,0],"gold":52,"neow_bonus":"THREE_ENEMY_KILL","is_prod":false,"is_daily":false,"chose_seed":false,"campfire_upgraded":2,"win_rate":0,"timestamp":1547161859,"path_taken":["M","?","M","?","?","E","R","M","T","R","M","M","$","M"],"build_version":"2019-01-03v4","purchased_purges":1,"victory":false,"max_hp_per_floor":[75,75,75,75,75,75,75,75,82,82,82,82,82,82],"card_choices":[{"not_picked":["Compile Driver","Force Field"],"picked":"Ball Lightning","floor":1},{"not_picked":["Auto Shields","Go for the Eyes"],"picked":"Recycle","floor":3},{"not_picked":["FTL","Barrage"],"picked":"Turbo","floor":6},{"not_picked":["Gash","Rebound"],"picked":"Ball Lightning","floor":8},{"not_picked":["Ball Lightning","Capacitor"],"picked":"Defragment","floor":11},{"not_picked":["Compile Driver","Barrage"],"picked":"Undo","floor":12}],"player_experience":102393,"relics_obtained":[{"floor":6,"key":"Smiling Mask"},{"floor":9,"key":"Strawberry"}],"event_choices":[{"damage_healed":0,"gold_gain":0,"player_choice":"Take Damage","damage_taken":18,"relics_obtained":["Golden Idol"],"max_hp_gain":0,"max_hp_loss":0,"event_name":"Golden Idol","floor":2,"gold_loss":0},{"damage_healed":0,"gold_gain":0,"player_choice":"Success","damage_taken":25,"relics_obtained":["Bag of Marbles"],"max_hp_gain":0,"max_hp_loss":0,"event_name":"Scrap Ooze","floor":4,"gold_loss":0},{"damage_healed":0,"gold_gain":0,"player_choice":"Grow","damage_taken":0,"max_hp_gain":0,"max_hp_loss":0,"event_name":"Living Wall","floor":5,"gold_loss":0,"cards_upgraded":["Recycle"]}],"is_beta":false,"boss_relics":[],"items_purged_floors":[13],"is_endless":false,"potions_floor_spawned":[11,12],"killed_by":"3 Louse","ascension_level":0}