{"gold_per_floor":[110,110,29,40,58,58,86,86,86,102,119,136,167,179,179,251,251,251,251,251,41,41,41,41,41,41,41,41,41,41,41,41,41,41,41,41,41,41,41,41,41],"floor_reached":41,"playtime":2534,"items_purged":[],"score":796,"play_id":"c2b7a3fe-5502-4e2f-84d7-cb2f88a77e8a","local_time":"20190212175932","is_ascension_mode":true,"campfire_choices":[{"data":"Bash","floor":6.0,"key":"SMITH"},{"floor":8.0,"key":"REST"},{"floor":15.0,"key":"REST"},{"data":"Limit Break","floor":23.0,"key":"SMITH"},{"floor":25.0,"key":"REST"},{"floor":28.0,"key":"REST"},{"data":"Apotheosis","floor":30.0,"key":"SMITH"},{"floor":32.0,"key":"REST"},{"floor":40.0,"key":"REST"}],"neow_cost":"NONE","seed_source_timestamp":0,"circlet_count":0,"master_deck":["AscendersBane","Strike_R","Strike_R","Strike_R","Defend_R","Defend_R","Defend_R","Defend_R","Bash+1","Metallicize","Limit Break+1","Flame Barrier","Sword Boomerang","Hemokinesis","Bludgeon","Sword Boomerang","Clothesline","Thunderclap","Iron Wave","Flex","Feed","Flex","Shrug It Off","Apotheosis+1","Body Slam+1","Inflame","True Grit","Immolate","Shrug It Off+1"],"special_seed":0,"relics":["Burning Blood","Pen Nib","Gremlin Horn","Art of War","Bag of Marbles","Ectoplasm","Orichalcum","Red Mask","Fusion Hammer"],"potions_floor_usage":[41],"damage_taken":[{"damage":9.0,"enemies":"Small Slimes","floor":1.0,"turns":5.0},{"damage":3.0,"enemies":"Cultist","floor":4.0,"turns":4.0},{"damage":9.0,"enemies":"Jaw Worm","floor":5.0,"turns":5.0},{"damage":49.0,"enemies":"Lagavulin","floor":7.0,"turns":7.0},{"damage":3.0,"enemies":"Exordium Thugs","floor":10.0,"turns":3.0},{"damage":11.0,"enemies":"2 Fungi Beasts","floor":11.0,"turns":3.0},{"damage":4.0,"enemies":"Large Slime","floor":12.0,"turns":5.0},{"damage":9.0,"enemies":"3 Sentries","floor":13.0,"turns":7.0},{"damage":15.0,"enemies":"Exordium Thugs","floor":14.0,"turns":4.0},{"damage":43.0,"enemies":"The Guardian","floor":16.0,"turns":12.0},{"damage":0.0,"enemies":"3 Byrds","floor":18.0,"turns":3.0},{"damage":16.0,"enemies":"Spheric Guardian","floor":20.0,"turns":4.0},{"damage":14.0,"enemies":"Chosen and Byrds","floor":22.0,"turns":4.0},{"damage":32.0,"enemies":"Centurion and Healer","floor":24.0,"turns":8.0},{"damage":28.0,"enemies":"3 Cultists","floor":27.0,"turns":5.0},{"damage":28.0,"enemies":"Shelled Parasite and Fungi","floor":29.0,"turns":4.0},{"damage":12.0,"enemies":"Masked Bandits","floor":31.0,"turns":3.0},{"damage":62.0,"enemies":"Automaton","floor":33.0,"turns":7.0},{"damage":17.0,"enemies":"3 Darklings","floor":35.0,"turns":3.0},{"damage":41.0,"enemies":"3 Shapes","floor":39.0,"turns":3.0},{"damage":60,"enemies":"Giant Head","floor":41,"turns":7}],"seed_played":"1616717063335468444","potions_obtained":[{"floor":5.0,"key":"BloodPotion"},{"floor":7.0,"key":"GamblersBrew"},{"floor":10.0,"key":"EssenceOfSteel"},{"floor":14.0,"key":"Poison Potion"},{"floor":16.0,"key":"EssenceOfSteel"},{"floor":18.0,"key":"BloodPotion"},{"floor":24.0,"key":"Fire Potion"},{"floor":35.0,"key":"Block Potion"}],"is_trial":false,"path_per_floor":["M","?","$","M","M","R","E","R","T","M","M","M","E","M","R","B",null,"M","?","M","$","M","R","M","R","T","M","R","M","R","?","R","B",null,"M","?","$","$","M","R","E"],"character_chosen":"IRONCLAD","items_purchased":["Flame Barrier","Apotheosis"],"campfire_rested":6,"item_purchase_floors":[3,21],"current_hp_per_floor":[65,65,65,68,65,65,29,51,51,54,49,51,48,39,61,24,62,71,71,61,61,64,64,38,62,62,40,64,46,46,43,69,13,69,58,58,58,58,23,49,0],"gold":41,"neow_bonus":"RANDOM_COMMON_RELIC","is_prod":false,"is_daily":false,"chose_seed":false,"campfire_upgraded":3,"win_rate":0,"timestamp":1550012372,"path_taken":["M","?","$","M","M","R","E","R","T","M","?","M","E","?","R","BOSS","M","?","M","$","M","R","M","R","T","M","R","?","R","?","R","BOSS","M","?","?","$","?","R","E"],"build_version":"2019-01-23","purchased_purges":0,"victory":false,"max_hp_per_floor":[75,75,75,75,75,75,75,75,75,75,75,75,75,75,75,75,75,78,78,78,78,81,81,81,81,81,81,81,85,85,88,88,88,88,88,88,88,88,88,88,88],"card_choices":[{"not_picked":["Twin Strike","Second Wind"],"picked":"Metallicize","floor":1.0},{"not_picked":["Iron Wave","Clash"],"picked":"Sword Boomerang","floor":4.0},{"not_picked":["Anger","Rupture"],"picked":"Hemokinesis","floor":5.0},{"not_picked":["Dropkick","Sever Soul"],"picked":"Bludgeon","floor":7.0},{"not_picked":["Heavy Blade","Cleave"],"picked":"Sword Boomerang","floor":10.0},{"not_picked":["Iron Wave","Twin Strike"],"picked":"Clothesline","floor":11.0},{"not_picked":["Twin Strike","Headbutt"],"picked":"Thunderclap","floor":12.0},{"not_picked":["Clothesline","Corruption"],"picked":"Iron Wave","floor":13.0},{"not_picked":["True Grit","Infernal Blade"],"picked":"Flex","floor":14.0},{"not_picked":["Dark Embrace","Brutality"],"picked":"Feed","floor":16.0},{"not_picked":["Sever Soul","Cleave+1"],"picked":"Flex","floor":18.0},{"not_picked":["Havoc","Clothesline"],"picked":"Shrug It Off","floor":20.0},{"not_picked":["Whirlwind","Warcry+1"],"picked":"Body Slam+1","floor":22.0},{"not_picked":["Havoc","Wild Strike","Bloodletting"],"picked":"SKIP","floor":24.0},{"not_picked":["Havoc+1","Evolve"],"picked":"Inflame","floor":27.0},{"not_picked":["Headbutt","Dropkick"],"picked":"True Grit","floor":29.0},{"not_picked":["Feed","Brutality"],"picked":"Immolate","floor":33.0},{"not_picked":["Twin Strike","Headbutt+1","Fire Breathing"],"picked":"SKIP","floor":35.0},{"not_picked":["Power Through+1","Flex"],"picked":"Shrug It Off+1","floor":39.0}],"player_experience":2415480,"relics_obtained":[{"floor":7.0,"key":"Gremlin Horn"},{"floor":9.0,"key":"Art of War"},{"floor":13.0,"key":"Bag of Marbles"},{"floor":26.0,"key":"Orichalcum"},{"floor":31.0,"key":"Red Mask"}],"event_choices":[{"damage_healed":0.0,"max_hp_gain":0.0,"max_hp_loss":0.0,"gold_gain":0.0,"cards_transformed":["Strike_R"],"event_name":"Transmorgrifier","player_choice":"Transformed","floor":2.0,"gold_loss":0.0,"damage_taken":0.0,"cards_obtained":["Limit Break"]},{"cards_removed":["Strike_R"],"damage_healed":0.0,"max_hp_gain":0.0,"max_hp_loss":0.0,"gold_gain":0.0,"event_name":"Bonfire Elementals","player_choice":"Offered Basic","floor":19.0,"gold_loss":0.0,"damage_taken":0.0},{"damage_healed":0.0,"max_hp_gain":0.0,"max_hp_loss":0.0,"gold_gain":0.0,"event_name":"Masked Bandits","player_choice":"Fought Bandits","floor":31.0,"gold_loss":0.0,"damage_taken":0.0},{"damage_healed":0.0,"max_hp_gain":0.0,"max_hp_loss":0.0,"gold_gain":300.0,"event_name":"Wheel of Change","player_choice":"Gold","floor":36.0,"gold_loss":0.0,"damage_taken":0.0}],"is_beta":false,"boss_relics":[{"not_picked":["Runic Cube","Coffee Dripper"],"picked":"Ectoplasm"},{"not_picked":["Tiny House","Runic Pyramid"],"picked":"Fusion Hammer"}],"items_purged_floors":[],"is_endless":false,"potions_floor_spawned":[5,7,10,14,16,18,24,35],"killed_by":"Giant Head","ascension_level":17}