{"gold_per_floor":[109,127,139,21,21,50,67,142,192,192,29,61,78,108,108,185,185,155,155,155,155],"floor_reached":21,"playtime":778,"items_purged":["Strike_R"],"score":364,"play_id":"0933fade-109d-46ca-b52f-175949bf2e25","local_time":"20190212212930","is_ascension_mode":true,"campfire_choices":[{"floor":10,"key":"REST"},{"floor":15,"key":"REST"}],"neow_cost":"NONE","seed_source_timestamp":803528663597248,"circlet_count":0,"master_deck":["AscendersBane","Strike_R+1","Strike_R+1","Strike_R+1","Strike_R+1","Defend_R+1","Defend_R+1","Defend_R+1","Defend_R+1","Bash+1","Metallicize","Disarm","Thunderclap","Inflame","Cleave","Demon Form","Dropkick","Thunderclap","Limit Break","True Grit"],"relics":["Burning Blood","Self Forming Clay","Juzu Bracelet","Vajra","Bag of Preparation","Girya","Mark of Pain"],"potions_floor_usage":[6,14,16,18],"damage_taken":[{"damage":6,"enemies":"Cultist","floor":1,"turns":3},{"damage":13,"enemies":"Jaw Worm","floor":2,"turns":5},{"damage":9,"enemies":"Small Slimes","floor":3,"turns":5},{"damage":22,"enemies":"Gremlin Nob","floor":6,"turns":4},{"damage":5,"enemies":"Exordium Wildlife","floor":7,"turns":3},{"damage":25,"enemies":"3 Sentries","floor":12,"turns":7},{"damage":13,"enemies":"Looter","floor":13,"turns":4},{"damage":8,"enemies":"Gremlin Nob","floor":14,"turns":3},{"damage":22,"enemies":"The Guardian","floor":16,"turns":11},{"damage":22,"enemies":"2 Thieves","floor":18,"turns":4},{"damage":63,"enemies":"Masked Bandits","floor":21,"turns":4}],"seed_played":"-8328536930516575784","potions_obtained":[{"floor":1,"key":"AttackPotion"},{"floor":13,"key":"Energy Potion"},{"floor":14,"key":"Dexterity Potion"},{"floor":16,"key":"Explosive Potion"}],"is_trial":false,"path_per_floor":["M","M","M","$","?","E","M","?","T","R","$","E","M","E","R","B",null,"M","?","?","?"],"character_chosen":"IRONCLAD","items_purchased":["Inflame","Vajra"],"campfire_rested":2,"item_purchase_floors":[4,11],"current_hp_per_floor":[68,61,58,58,58,42,43,32,32,54,54,35,28,26,48,32,64,48,63,63,0],"gold":155,"neow_bonus":"UPGRADE_CARD","is_prod":false,"is_daily":false,"chose_seed":false,"campfire_upgraded":0,"win_rate":0,"timestamp":1550024970,"path_taken":["M","?","M","$","?","E","M","?","T","R","?","E","M","E","R","BOSS","M","?","?","?"],"build_version":"2019-01-23","purchased_purges":1,"victory":false,"max_hp_per_floor":[75,75,75,75,75,75,75,75,75,75,75,75,75,75,75,75,75,75,75,75,75],"card_choices":[{"not_picked":["Blood for Blood","Headbutt"],"picked":"Metallicize","floor":1},{"not_picked":["Pummel","Pommel Strike"],"picked":"Disarm","floor":2},{"not_picked":["True Grit","Seeing Red"],"picked":"Thunderclap","floor":3},{"not_picked":["Pommel Strike","Reckless Charge"],"picked":"Cleave","floor":6},{"not_picked":["Armaments","Shrug It Off"],"picked":"Demon Form","floor":7},{"not_picked":["Wild Strike","Perfected Strike"],"picked":"Dropkick","floor":12},{"not_picked":["Rupture","Warcry","Blood for Blood"],"picked":"SKIP","floor":13},{"not_picked":["Anger","Body Slam"],"picked":"Thunderclap","floor":14},{"not_picked":["Bludgeon","Feed"],"picked":"Limit Break","floor":16},{"not_picked":["Clothesline+1","Dual Wield"],"picked":"True Grit","floor":18}],"player_experience":2420971,"relics_obtained":[{"floor":6,"key":"Self Forming Clay"},{"floor":9,"key":"Juzu Bracelet"},{"floor":12,"key":"Bag of Preparation"},{"floor":14,"key":"Girya"}],"event_choices":[{"damage_healed":0,"gold_gain":0,"player_choice":"Ignored","damage_taken":0,"max_hp_gain":0,"max_hp_loss":0,"event_name":"Shining Light","floor":5,"gold_loss":0},{"damage_healed":0,"gold_gain":75,"player_choice":"Gather Gold","damage_taken":11,"max_hp_gain":0,"max_hp_loss":0,"event_name":"World of Goop","floor":8,"gold_loss":0},{"damage_healed":15,"gold_gain":0,"player_choice":"Heal","damage_taken":0,"max_hp_gain":0,"max_hp_loss":0,"event_name":"The Library","floor":19,"gold_loss":0},{"damage_healed":0,"gold_gain":0,"player_choice":"Simplicity","damage_taken":0,"max_hp_gain":0,"max_hp_loss":0,"event_name":"Back to Basics","floor":20,"gold_loss":0,"cards_upgraded":["Strike_R","Strike_R","Strike_R","Strike_R","Defend_R","Defend_R","Defend_R","Defend_R"]},{"damage_healed":0,"gold_gain":0,"player_choice":"Fought Bandits","damage_taken":0,"max_hp_gain":0,"max_hp_loss":0,"event_name":"Masked Bandits","floor":21,"gold_loss":0}],"is_beta":false,"boss_relics":[{"not_picked":["Ectoplasm","Black Star"],"picked":"Mark of Pain"}],"items_purged_floors":[4],"is_endless":false,"potions_floor_spawned":[1,13,14,16],"killed_by":"Masked Bandits","ascension_level":17}