{"gold_per_floor":[114,36,111,126,126,126,156,156,156,171,186,118,133,148,148,248,248,263,278,293,308,308,308,4,19,19,34,34,34,49,79,79,179,179,194,194,219,246,100,100,130,145,145,145,160,175,175,190,190,190],"floor_reached":51,"playtime":2109,"items_purged":[],"score":878,"play_id":"85d8f703-4e77-40f9-9d78-a64e25e16463","local_time":"20180829155906","daily_mods":["Brewmaster","Uncertain Future","Vintage"],"is_ascension_mode":false,"campfire_choices":[{"data":"Armaments","floor":6.0,"key":"SMITH"},{"data":"Bash","floor":8.0,"key":"SMITH"},{"data":"Body Slam","floor":15.0,"key":"SMITH"},{"data":"Clothesline","floor":23,"key":"SMITH"},{"data":"Feed","floor":28,"key":"SMITH"},{"data":"Shrug It Off","floor":32,"key":"SMITH"},{"data":"True Grit","floor":40,"key":"SMITH"},{"data":"Limit Break","floor":47,"key":"SMITH"},{"floor":49,"key":"REST"}],"neow_cost":"","seed_source_timestamp":0,"circlet_count":0,"master_deck":["Strike_R","Strike_R","Strike_R","Strike_R","Strike_R+1","Defend_R+1","Defend_R","Defend_R","Defend_R","Bash+1","Venomology","Venomology","Venomology","Venomology+1","Armaments+1","Body Slam+1","Clothesline+1","Feed+1","Feed+1","Shrug It Off+1","Perfected Strike+1","Limit Break+1","Clumsy","True Grit+1","Uppercut+1","Body Slam+1","Heavy Blade+1","Normality","Madness","Madness","Thunderclap+1"],"special_seed":17772,"relics":["Burning Blood","White Beast Statue","Oddly Smooth Stone","Letter Opener","Paper Frog","Singing Bowl","Ornamental Fan","Regal Pillow","Bag of Preparation","Bag of Marbles","Orichalcum","Centennial Puzzle","Busted Crown","Bottled Flame","Matryoshka","Darkstone Periapt","Question Card","Molten Egg 2","Pantograph","Whetstone","Shuriken","Happy Flower","Mummified Hand","StoneCalendar","Dodecahedron","Cursed Key","Ancient Tea Set","Red Skull","MawBank","War Paint","Nunchaku","Dream Catcher","Pear","Smiling Mask","Blood Vial","Thread and Needle"],"potions_floor_usage":[16,16,16,16,16,16,18,18,18,18,20,20,20,21,21,27,31,31,31,33,33,33,33,35,35,38,38,38,41,42,42,45,46,50,50,50,50,50,50],"damage_taken":[{"damage":14.0,"enemies":"Jaw Worm","floor":1.0,"turns":6.0},{"damage":0.0,"enemies":"2 Louse","floor":4.0,"turns":3.0},{"damage":11.0,"enemies":"Lagavulin","floor":7.0,"turns":5.0},{"damage":5.0,"enemies":"Small Slimes","floor":10.0,"turns":8.0},{"damage":23.0,"enemies":"Exordium Wildlife","floor":11.0,"turns":4.0},{"damage":0.0,"enemies":"Large Slime","floor":13.0,"turns":4.0},{"damage":15.0,"enemies":"Lots of Slimes","floor":14.0,"turns":5.0},{"damage":6,"enemies":"Slime Boss","floor":16,"turns":5},{"damage":0,"enemies":"Shell Parasite","floor":18,"turns":4},{"damage":20,"enemies":"Spheric Guardian","floor":19,"turns":4},{"damage":0,"enemies":"Snake Plant","floor":20,"turns":1},{"damage":5,"enemies":"Centurion and Healer","floor":21,"turns":4},{"damage":8,"enemies":"3 Cultists","floor":25,"turns":5},{"damage":2,"enemies":"Shelled Parasite and Fungi","floor":27,"turns":7},{"damage":5,"enemies":"Snake Plant","floor":30,"turns":3},{"damage":0,"enemies":"Slavers","floor":31,"turns":5},{"damage":19,"enemies":"Champ","floor":33,"turns":8},{"damage":0,"enemies":"Orb Walker","floor":35,"turns":1},{"damage":0,"enemies":"Flame Bruiser 1 Orb","floor":38,"turns":6},{"damage":0,"enemies":"2 Orb Walkers","floor":41,"turns":2},{"damage":10,"enemies":"Spire Growth","floor":42,"turns":4},{"damage":4,"enemies":"Sphere and 2 Shapes","floor":45,"turns":3},{"damage":12,"enemies":"Flame Bruiser 2 Orb","floor":46,"turns":6},{"damage":11,"enemies":"4 Shapes","floor":48,"turns":3},{"damage":70,"enemies":"Donu and Deca","floor":50,"turns":10}],"seed_played":"7234858393999432779","potions_obtained":[{"floor":1.0,"key":"Block Potion"},{"floor":7.0,"key":"Poison Potion"},{"floor":16,"key":"EssenceOfSteel"},{"floor":18,"key":"SkillPotion"},{"floor":20,"key":"FearPotion"},{"floor":25,"key":"AttackPotion"},{"floor":31,"key":"SteroidPotion"},{"floor":35,"key":"Explosive Potion"},{"floor":38,"key":"SteroidPotion"},{"floor":45,"key":"Strength Potion"},{"floor":48,"key":"Dexterity Potion"}],"is_trial":false,"path_per_floor":["M","$","?","M","?","R","E","R","T","M","M","?","M","M","R","B",null,"M","M","M","M","?","R","$","M","T","M","R","?","M","E","R","B",null,"M","?","T","M","$","R","E","M","T","?","M","M","R","M","R","B"],"character_chosen":"IRONCLAD","items_purchased":["Armaments","Body Slam","Molten Egg 2","Shrug It Off","True Grit","Uppercut+1","Body Slam+1"],"campfire_rested":1,"item_purchase_floors":[2,2,24,24,39,39,39],"current_hp_per_floor":[75,75,64,70,75,75,70,70,70,86,69,69,75,66,66,66,88,88,78,88,93,93,93,93,98,98,109,109,109,114,126,126,113,126,130,130,136,140,140,140,144,144,160,139,149,147,147,148,180,138],"gold":190,"neow_bonus":"","is_prod":false,"is_daily":true,"chose_seed":false,"campfire_upgraded":8,"win_rate":0,"timestamp":1535551146,"path_taken":["M","$","?","M","?","R","E","R","T","M","M","?","M","M","R","BOSS","M","M","M","M","?","R","$","?","T","M","R","?","M","E","R","BOSS","M","?","?","M","$","R","E","M","T","?","M","M","R","M","R","BOSS"],"build_version":"2018-08-23v2","purchased_purges":0,"victory":true,"max_hp_per_floor":[83,83,83,83,88,88,88,88,88,88,88,88,88,88,88,88,88,88,92,96,100,100,100,100,107,107,114,114,114,118,126,126,126,126,130,130,136,140,140,140,144,148,164,164,172,176,176,180,180,188],"card_choices":[{"not_picked":["Evolve","Pommel Strike"],"picked":"Clothesline","floor":7.0},{"not_picked":["Juggernaut","Berserk"],"picked":"Feed","floor":16},{"not_picked":["Clash+1"],"picked":"Perfected Strike+1","floor":31},{"not_picked":["Offering"],"picked":"Limit Break","floor":33},{"not_picked":["Warcry"],"picked":"Heavy Blade+1","floor":41},{"not_picked":["Wild Strike+1"],"picked":"Thunderclap+1","floor":49}],"player_experience":1361125,"relics_obtained":[{"floor":1.0,"key":"Oddly Smooth Stone"},{"floor":4.0,"key":"Letter Opener"},{"floor":7.0,"key":"Paper Frog"},{"floor":9.0,"key":"Singing Bowl"},{"floor":10.0,"key":"Ornamental Fan"},{"floor":11.0,"key":"Regal Pillow"},{"floor":13.0,"key":"Bag of Marbles"},{"floor":14.0,"key":"Orichalcum"},{"floor":16,"key":"Centennial Puzzle"},{"floor":18,"key":"Bottled Flame"},{"floor":19,"key":"Matryoshka"},{"floor":20,"key":"Darkstone Periapt"},{"floor":21,"key":"Question Card"},{"floor":25,"key":"Pantograph"},{"floor":26,"key":"Whetstone"},{"floor":26,"key":"Shuriken"},{"floor":27,"key":"Happy Flower"},{"floor":30,"key":"Mummified Hand"},{"floor":31,"key":"StoneCalendar"},{"floor":33,"key":"Dodecahedron"},{"floor":35,"key":"Ancient Tea Set"},{"floor":37,"key":"Red Skull"},{"floor":37,"key":"MawBank"},{"floor":38,"key":"War Paint"},{"floor":41,"key":"Nunchaku"},{"floor":42,"key":"Dream Catcher"},{"floor":43,"key":"Pear"},{"floor":45,"key":"Smiling Mask"},{"floor":46,"key":"Blood Vial"},{"floor":48,"key":"Thread and Needle"}],"event_choices":[{"event_name":"World of Goop","player_choice":"Gather Gold","floor":3.0,"damage_taken":0.0},{"event_name":"Big Fish","player_choice":"Donut","floor":5.0,"damage_taken":0.0},{"event_name":"WeMeetAgain","player_choice":"Gold","floor":12.0,"damage_taken":0.0},{"event_name":"Transmorgrifier","player_choice":"Transform","floor":22,"damage_taken":0},{"event_name":"Beggar","player_choice":"Ignored","floor":29,"damage_taken":0},{"event_name":"Tomb of Lord Red Mask","player_choice":"Ignored","floor":36,"damage_taken":0},{"event_name":"Winding Halls","player_choice":"Embrace Madness","floor":44,"damage_taken":0}],"is_beta":false,"boss_relics":[{"not_picked":["Fusion Hammer","Calling Bell"],"picked":"Busted Crown"},{"not_picked":["Runic Cube","Astrolabe"],"picked":"Cursed Key"}],"items_purged_floors":[],"is_endless":false,"potions_floor_spawned":[1,4,7,10,11,13,14,16,18,19,20,21,25,27,30,31,33,35,38,41,42,45,46,48],"ascension_level":0}