{"gold_per_floor":[117,134,145,95,95,95,111,124,198,209,241,115,126,139,139,235,235,247,92,106,205,130,130,54,54,54,67,84,84,94,107,107,206,206,226,237,0,10,10,10,27,27,27,42,42,59,59,73,73,73],"floor_reached":50,"playtime":1588,"items_purged":["Bash"],"score":592,"play_id":"66fbae1c-21d1-4b93-95d2-e87849869803","local_time":"20180628220400","is_ascension_mode":true,"campfire_choices":[{"data":"Perfected Strike","floor":6,"key":"SMITH"},{"data":"1","floor":15,"key":"LIFT"},{"data":"2","floor":23,"key":"LIFT"},{"data":"3","floor":25,"key":"LIFT"},{"floor":29,"key":"REST"},{"floor":32,"key":"REST"},{"data":"Perfected Strike","floor":40,"key":"SMITH"},{"data":"Perfected Strike","floor":42,"key":"SMITH"},{"data":"Sentinel","floor":47,"key":"SMITH"},{"data":"Feed","floor":49,"key":"SMITH"}],"neow_cost":"NONE","seed_source_timestamp":353278183099346,"circlet_count":0,"master_deck":["Strike_R","Strike_R","Strike_R","Strike_R","Strike_R","Defend_R","Defend_R","Perfected Strike+1","Pommel Strike","Perfected Strike+1","Pommel Strike","Perfected Strike+1","Pommel Strike+1","Pommel Strike","Feed+1","Pommel Strike","Sentinel+1","Pommel Strike+1","Sentinel+1","Perfected Strike+1","Offering+1","Perfected Strike+1"],"relics":["Burning Blood","NeowsBlessing","Shuriken","Girya","Mark of Pain","Whetstone","Toxic Egg 2","Runic Cube","Red Mask","Magic Flower"],"potions_floor_usage":[16,16,16,33,33,50,50],"damage_taken":[{"damage":0,"enemies":"Small Slimes","floor":1,"turns":1},{"damage":0,"enemies":"2 Louse","floor":2,"turns":1},{"damage":0,"enemies":"Jaw Worm","floor":3,"turns":1},{"damage":11,"enemies":"Looter","floor":7,"turns":2},{"damage":1,"enemies":"Exordium Wildlife","floor":8,"turns":3},{"damage":0,"enemies":"3 Louse","floor":10,"turns":2},{"damage":20,"enemies":"Lagavulin","floor":11,"turns":3},{"damage":5,"enemies":"Gremlin Gang","floor":13,"turns":4},{"damage":8,"enemies":"Blue Slaver","floor":14,"turns":2},{"damage":30,"enemies":"The Guardian","floor":16,"turns":5},{"damage":0,"enemies":"Chosen","floor":18,"turns":2},{"damage":0,"enemies":"Spheric Guardian","floor":20,"turns":1},{"damage":23,"enemies":"Centurion and Healer","floor":27,"turns":2},{"damage":19,"enemies":"Snake Plant","floor":28,"turns":2},{"damage":11,"enemies":"Cultist and Chosen","floor":30,"turns":3},{"damage":43,"enemies":"Chosen and Byrds","floor":31,"turns":4},{"damage":19,"enemies":"Automaton","floor":33,"turns":4},{"damage":0,"enemies":"3 Darklings","floor":35,"turns":2},{"damage":1,"enemies":"3 Shapes","floor":36,"turns":2},{"damage":8,"enemies":"Sphere and 2 Shapes","floor":38,"turns":2},{"damage":12,"enemies":"4 Shapes","floor":41,"turns":2},{"damage":9,"enemies":"Maw","floor":44,"turns":4},{"damage":6,"enemies":"Sphere and 2 Shapes","floor":46,"turns":3},{"damage":4,"enemies":"3 Darklings","floor":48,"turns":2},{"damage":105,"enemies":"Donu and Deca","floor":50,"turns":5}],"seed_played":"7188199309548828717","potions_obtained":[{"floor":2,"key":"Explosive Potion"},{"floor":7,"key":"Dexterity Potion"},{"floor":8,"key":"FearPotion"},{"floor":14,"key":"Strength Potion"},{"floor":16,"key":"SteroidPotion"},{"floor":27,"key":"Explosive Potion"},{"floor":30,"key":"Explosive Potion"},{"floor":33,"key":"Explosive Potion"},{"floor":36,"key":"Swift Potion"}],"is_trial":false,"path_per_floor":["M","M","M","?","?","R","M","M","T","M","E","$","M","M","R","B",null,"M","$","M","?","?","R","$","R","T","M","M","R","M","M","R","B",null,"M","M","?","M","?","R","M","R","T","M","?","M","R","M","R"],"character_chosen":"IRONCLAD","items_purchased":["Pommel Strike","Whetstone","Sentinel"],"campfire_rested":2,"item_purchase_floors":[12,19,24],"current_hp_per_floor":[80,80,80,80,80,80,75,80,80,80,66,66,67,65,65,41,80,80,80,80,80,80,80,80,80,80,63,50,74,69,32,56,43,80,80,80,80,81,81,81,75,75,75,75,80,86,86,86,86,0],"gold":73,"neow_bonus":"THREE_ENEMY_KILL","is_prod":false,"is_daily":false,"chose_seed":true,"campfire_upgraded":5,"win_rate":0,"timestamp":1530237840,"path_taken":["M","M","M","?","?","R","M","M","T","M","E","$","M","M","R","BOSS","M","$","?","?","?","R","?","R","T","M","M","R","M","M","R","BOSS","M","M","?","M","?","R","?","R","T","M","?","?","R","M","R","BOSS"],"build_version":"2018-06-21v2","purchased_purges":1,"victory":false,"max_hp_per_floor":[80,80,80,80,80,80,80,80,80,80,80,80,80,80,80,80,80,80,80,80,80,80,80,80,80,80,80,80,80,80,80,80,80,80,80,80,80,83,83,83,83,83,83,83,83,86,86,86,86,86],"card_choices":[{"not_picked":["Sword Boomerang","Inflame"],"picked":"Perfected Strike","floor":1},{"not_picked":["Clothesline","Intimidate"],"picked":"Pommel Strike","floor":2},{"not_picked":["Warcry","Flex"],"picked":"Perfected Strike","floor":3},{"not_picked":["Sword Boomerang","Heavy Blade"],"picked":"Pommel Strike","floor":7},{"not_picked":["Juggernaut","Twin Strike"],"picked":"Perfected Strike","floor":8},{"not_picked":["Headbutt","Heavy Blade"],"picked":"Twin Strike","floor":10},{"not_picked":["Sentinel","Flex"],"picked":"Wild Strike","floor":11},{"not_picked":["Limit Break","Heavy Blade","Flex"],"picked":"SKIP","floor":13},{"not_picked":["True Grit","Clothesline"],"picked":"Pommel Strike","floor":14},{"not_picked":["Dark Embrace","Immolate"],"picked":"Feed","floor":16},{"not_picked":["Power Through+1","Flex","Cleave"],"picked":"SKIP","floor":18},{"not_picked":["True Grit+1","Cleave"],"picked":"Pommel Strike","floor":20},{"not_picked":["Thunderclap+1","Twin Strike"],"picked":"Pommel Strike+1","floor":27},{"not_picked":["Reckless Charge+1","Burning Pact+1","Thunderclap"],"picked":"SKIP","floor":28},{"not_picked":["Warcry+1","Clothesline"],"picked":"Sentinel+1","floor":30},{"not_picked":["Corruption+1","Brutality"],"picked":"Perfected Strike","floor":31},{"not_picked":["Limit Break+1","Dark Embrace"],"picked":"Offering+1","floor":33},{"not_picked":["Searing Blow+1","Havoc+1","Thunderclap+1"],"picked":"SKIP","floor":35},{"not_picked":["Anger+1","Flame Barrier+1","Twin Strike"],"picked":"SKIP","floor":36},{"not_picked":["Flex+1","Rampage+1","Wild Strike"],"picked":"SKIP","floor":38},{"not_picked":["Second Wind+1","Warcry+1","Armaments+1"],"picked":"SKIP","floor":41},{"not_picked":["Headbutt+1","Feel No Pain"],"picked":"Perfected Strike+1","floor":44},{"not_picked":["Iron Wave","Clash","Havoc+1"],"picked":"SKIP","floor":46},{"not_picked":["Thunderclap+1","Sever Soul","Fiend Fire"],"picked":"SKIP","floor":48}],"player_experience":833740,"relics_obtained":[{"floor":9,"key":"Shuriken"},{"floor":11,"key":"Girya"},{"floor":26,"key":"Toxic Egg 2"},{"floor":43,"key":"Magic Flower"}],"event_choices":[{"event_name":"The Cleric","player_choice":"Card Removal","floor":4,"damage_taken":0},{"event_name":"Living Wall","player_choice":"Forget","floor":5,"damage_taken":0},{"event_name":"Nest","player_choice":"Stole From Cult","floor":21,"damage_taken":0},{"event_name":"Beggar","player_choice":"Gave Gold","floor":22,"damage_taken":0},{"event_name":"Tomb of Lord Red Mask","player_choice":"Paid","floor":37,"damage_taken":0},{"event_name":"Mysterious Sphere","player_choice":"Ignore","floor":39,"damage_taken":0},{"event_name":"Bonfire Elementals","player_choice":"COMMON","floor":45,"damage_taken":0}],"boss_relics":[{"not_picked":["Black Blood","Orrery"],"picked":"Mark of Pain"},{"not_picked":["Calling Bell","Fusion Hammer"],"picked":"Runic Cube"}],"items_purged_floors":[12],"is_endless":false,"potions_floor_spawned":[2,7,8,14,16,27,30,33,36,44],"killed_by":"Donu and Deca","ascension_level":4}