{"gold_per_floor":[113,113,129,129,129,129,145,145,145,180,200,232,232,232,232,305,305,316,27,27,37,37,37,55,69,69,146,146,146,146,160,160,238,238,254,254,254,254,254,254,268,299,326,326,342,356,356,405,405,405],"floor_reached":50,"playtime":2591,"items_purged":["Strike_B"],"score":1002,"play_id":"45560173-a6bf-4ce1-b0d5-2a5e2524d6bf","local_time":"20190209143755","is_ascension_mode":true,"campfire_choices":[{"floor":6.0,"key":"REST"},{"floor":8.0,"key":"REST"},{"floor":13,"key":"REST"},{"floor":15,"key":"REST"},{"floor":23,"key":"REST"},{"floor":28,"key":"REST"},{"floor":32,"key":"REST"},{"floor":40,"key":"REST"},{"floor":47,"key":"REST"},{"floor":49,"key":"REST"}],"neow_cost":"NONE","seed_source_timestamp":517820298745230,"circlet_count":0,"master_deck":["AscendersBane","Defend_B","Defend_B","Defend_B","Zap","Gash","Hologram","Sweeping Beam","FTL","Cold Snap","FTL","All For One","Coolheaded","Static Discharge","Conserve Battery","Rebound","Gash","Steam","Static Discharge","Skim","Gash","Genetic Algorithm","Gash","Defragment","Steam","Glacier","Seek","Go for the Eyes+1","Violence","Scrape+1","Echo Form","Parasite","Beam Cell"],"special_seed":0,"relics":["Fusion Hammer","Cables","Sundial","Bronze Scales","Juzu Bracelet","Orrery","Pantograph","Darkstone Periapt","Black Star","Blood Vial","Bag of Marbles","Oddly Smooth Stone","Centennial Puzzle"],"potions_floor_usage":[12,16,25,30,33,45,50],"damage_taken":[{"damage":2.0,"enemies":"Jaw Worm","floor":1.0,"turns":3.0},{"damage":5.0,"enemies":"Small Slimes","floor":3.0,"turns":3.0},{"damage":0.0,"enemies":"Cultist","floor":7.0,"turns":4.0},{"damage":8.0,"enemies":"Gremlin Nob","floor":10.0,"turns":3.0},{"damage":16,"enemies":"Exordium Wildlife","floor":11,"turns":3},{"damage":1,"enemies":"3 Sentries","floor":12,"turns":4},{"damage":24,"enemies":"Slime Boss","floor":16,"turns":9},{"damage":4,"enemies":"3 Byrds","floor":18,"turns":4},{"damage":5,"enemies":"Spheric Guardian","floor":21,"turns":3},{"damage":28,"enemies":"Snake Plant","floor":24,"turns":3},{"damage":8,"enemies":"Centurion and Healer","floor":25,"turns":4},{"damage":17,"enemies":"Colosseum Slavers","floor":30,"turns":4},{"damage":37,"enemies":"Cultist and Chosen","floor":31,"turns":5},{"damage":30,"enemies":"Automaton","floor":33,"turns":9},{"damage":12,"enemies":"3 Darklings","floor":35,"turns":4},{"damage":30,"enemies":"3 Shapes","floor":41,"turns":5},{"damage":1,"enemies":"Giant Head","floor":42,"turns":7},{"damage":27,"enemies":"Writhing Mass","floor":45,"turns":4},{"damage":10,"enemies":"4 Shapes","floor":46,"turns":9},{"damage":87,"enemies":"Awakened One","floor":50,"turns":5}],"seed_played":"-7248203888384438272","potions_obtained":[{"floor":3.0,"key":"PowerPotion"},{"floor":11,"key":"Explosive Potion"},{"floor":12,"key":"SkillPotion"},{"floor":16,"key":"Energy Potion"},{"floor":24,"key":"Fire Potion"},{"floor":25,"key":"Weak Potion"},{"floor":31,"key":"FairyPotion"},{"floor":42,"key":"PowerPotion"},{"floor":45,"key":"AttackPotion"}],"is_trial":false,"path_per_floor":["M","?","M","?","?","R","M","R","T","E","M","E","R","?","R","B",null,"M","$","?","M","?","R","M","M","T","T","R","?","?","M","R","B",null,"M","?","?","?","?","R","M","E","T","?","M","M","R","T","R","B"],"character_chosen":"DEFECT","items_purchased":["Steam","Static Discharge","Skim"],"campfire_rested":10,"item_purchase_floors":[19,19,19],"current_hp_per_floor":[62,62,57,52,52,71,71,71,71,63,47,46,67,60,71,47,65,61,61,61,56,56,71,43,35,35,35,56,56,39,2,23,18,58,46,46,46,46,46,66,36,35,35,35,16,8,29,29,50,0],"gold":405,"neow_bonus":"BOSS_RELIC","is_prod":false,"is_daily":false,"chose_seed":false,"campfire_upgraded":0,"win_rate":0,"timestamp":1549741075,"path_taken":["M","?","M","?","?","R","?","R","T","E","?","E","R","?","R","BOSS","M","$","?","M","?","R","M","M","T","?","R","?","?","M","R","BOSS","M","?","?","?","?","R","M","E","T","?","M","M","R","?","R","BOSS"],"build_version":"2019-01-23","purchased_purges":1,"victory":false,"max_hp_per_floor":[71,71,71,71,71,71,71,71,71,71,71,71,71,71,71,71,71,71,71,71,71,71,71,71,71,71,71,71,71,71,71,71,71,71,71,71,67,67,67,67,67,67,67,67,73,73,73,73,73,73],"card_choices":[{"not_picked":["Barrage","Beam Cell"],"picked":"Gash","floor":1.0},{"not_picked":["Sunder","Rebound"],"picked":"Hologram","floor":3.0},{"not_picked":["Doom and Gloom","Leap"],"picked":"Sweeping Beam","floor":7.0},{"not_picked":["Conserve Battery","Loop"],"picked":"FTL","floor":10},{"not_picked":["Stack","Multi-Cast"],"picked":"Cold Snap","floor":11},{"not_picked":["Redo","Go for the Eyes"],"picked":"FTL","floor":12},{"not_picked":["Echo Form","Biased Cognition"],"picked":"All For One","floor":16},{"not_picked":["Fusion","Streamline"],"picked":"Coolheaded","floor":17},{"not_picked":["Doom and Gloom","Undo"],"picked":"Static Discharge","floor":17},{"not_picked":["Rebound","Sunder"],"picked":"Conserve Battery","floor":17},{"not_picked":["Ball Lightning","Tempest"],"picked":"Rebound","floor":17},{"not_picked":["Rebound","Hologram"],"picked":"Gash","floor":18},{"not_picked":["Lockon","Blizzard"],"picked":"Gash","floor":21},{"not_picked":["Sweeping Beam","Fusion"],"picked":"Defragment","floor":24},{"not_picked":["Double Energy","Ball Lightning"],"picked":"Steam","floor":25},{"not_picked":["Stack","Amplify"],"picked":"Glacier","floor":31},{"not_picked":["Reboot","Core Surge"],"picked":"Seek","floor":33},{"not_picked":["Stack","Steam"],"picked":"Go for the Eyes+1","floor":35},{"not_picked":["Good Instincts","Chrysalis"],"picked":"Violence","floor":39},{"not_picked":["BootSequence","Hologram"],"picked":"Scrape+1","floor":41},{"not_picked":["Coolheaded+1","Hologram"],"picked":"Echo Form","floor":42},{"not_picked":["Glacier","Double Energy"],"picked":"Beam Cell","floor":45},{"not_picked":["Genetic Algorithm+1","Rip and Tear","Streamline+1"],"picked":"SKIP","floor":46}],"player_experience":2369357,"relics_obtained":[{"floor":9.0,"key":"Sundial"},{"floor":10,"key":"Bronze Scales"},{"floor":12,"key":"Juzu Bracelet"},{"floor":26,"key":"Pantograph"},{"floor":27,"key":"Darkstone Periapt"},{"floor":42,"key":"Blood Vial"},{"floor":42,"key":"Bag of Marbles"},{"floor":43,"key":"Oddly Smooth Stone"},{"floor":48,"key":"Centennial Puzzle"}],"event_choices":[{"damage_healed":0.0,"max_hp_gain":0.0,"max_hp_loss":0.0,"gold_gain":0.0,"event_name":"Shining Light","player_choice":"Ignored","floor":2.0,"gold_loss":0.0,"damage_taken":0.0},{"damage_healed":0.0,"max_hp_gain":0.0,"max_hp_loss":0.0,"gold_gain":0.0,"event_name":"Scrap Ooze","player_choice":"Success","floor":4.0,"gold_loss":0.0,"damage_taken":5.0,"relics_obtained":["Cables"]},{"cards_removed":["Strike_B"],"damage_healed":0.0,"max_hp_gain":0.0,"max_hp_loss":0.0,"gold_gain":0.0,"event_name":"Bonfire Elementals","player_choice":"Offered Basic","floor":5.0,"gold_loss":0.0,"damage_taken":0.0},{"cards_removed":["Strike_B"],"damage_healed":0,"gold_gain":0,"player_choice":"Card Removal","damage_taken":7,"max_hp_gain":0,"max_hp_loss":0,"event_name":"Golden Wing","floor":14,"gold_loss":0},{"damage_healed":0,"gold_gain":0,"player_choice":"Leave","damage_taken":0,"max_hp_gain":0,"max_hp_loss":0,"event_name":"FaceTrader","floor":20,"gold_loss":0},{"damage_healed":0,"gold_gain":0,"player_choice":"2 cards matched","damage_taken":0,"max_hp_gain":0,"max_hp_loss":0,"event_name":"Match and Keep!","floor":22,"gold_loss":0,"cards_obtained":["Genetic Algorithm","Gash"]},{"cards_removed":["Strike_B"],"damage_healed":0,"gold_gain":0,"player_choice":"Elegance","damage_taken":0,"max_hp_gain":0,"max_hp_loss":0,"event_name":"Back to Basics","floor":29,"gold_loss":0},{"damage_healed":0,"gold_gain":0,"player_choice":"Fight","damage_taken":0,"max_hp_gain":0,"max_hp_loss":0,"event_name":"Colosseum","floor":30,"gold_loss":0},{"damage_healed":0,"gold_gain":0,"player_choice":"Fled From Nobs","damage_taken":0,"max_hp_gain":0,"max_hp_loss":0,"event_name":"Colosseum","floor":30,"gold_loss":0},{"cards_removed":["Dualcast"],"damage_healed":0,"gold_gain":0,"player_choice":"Purged","damage_taken":0,"max_hp_gain":0,"max_hp_loss":0,"event_name":"Purifier","floor":36,"gold_loss":0},{"damage_healed":0,"gold_gain":0,"player_choice":"Max HP","damage_taken":0,"max_hp_gain":0,"max_hp_loss":4,"event_name":"Winding Halls","floor":37,"gold_loss":0},{"damage_healed":0,"gold_gain":0,"player_choice":"Ignored","damage_taken":0,"max_hp_gain":0,"max_hp_loss":0,"event_name":"Mysterious Sphere","floor":38,"gold_loss":0},{"damage_healed":0,"gold_gain":0,"player_choice":"Memory 1","damage_taken":0,"max_hp_gain":0,"max_hp_loss":0,"event_name":"SensoryStone","floor":39,"gold_loss":0},{"cards_removed":["Defend_B"],"damage_healed":0,"gold_gain":0,"player_choice":"Removed Skill","damage_taken":0,"max_hp_gain":0,"max_hp_loss":0,"event_name":"Falling","floor":44,"gold_loss":0}],"is_beta":false,"boss_relics":[{"not_picked":["Cursed Key","Velvet Choker"],"picked":"Orrery"},{"not_picked":["Tiny House","Nuclear Battery"],"picked":"Black Star"}],"items_purged_floors":[19],"is_endless":false,"potions_floor_spawned":[3,11,12,16,24,25,30,31,42,45,46],"killed_by":"Awakened One","ascension_level":20}