{"path_per_floor":["M","M","M","?","M","R","E","R","T","E","?","?","$","E","R","B",null,"M","?","?","$","M","R","E","M","T","E","R","M","R","?","R","B",null,"M","?","?","$","M","R","E","M","T","M","$","R","M","M","R","B"],"character_chosen":"THE_SILENT","items_purchased":["Apotheosis","Happy Flower","Pen Nib","Acrobatics","Anchor","Deflect"],"gold_per_floor":[12,31,46,46,63,63,93,93,118,152,152,327,58,91,91,188,218,236,236,236,89,104,104,133,143,143,173,173,191,191,114,114,213,213,232,283,283,77,91,91,126,144,191,210,15,15,32,43,43,43],"floor_reached":51,"campfire_rested":3,"playtime":5664,"item_purchase_floors":[],"current_hp_per_floor":[70,70,70,56,55,55,56,56,56,56,49,49,49,45,45,45,82,80,80,64,64,64,64,53,49,49,43,43,33,59,59,59,33,87,84,70,59,59,44,70,71,66,66,69,69,69,73,76,87,75],"items_purged":["Strike_G"],"gold":43,"score":1004,"play_id":"a1b28d7d-8695-4359-8f6d-4c55a4df3465","local_time":"20180613095854","is_prod":false,"is_daily":false,"chose_seed":false,"is_ascension_mode":true,"campfire_upgraded":7,"win_rate":0,"timestamp":1528876734,"campfire_choices":[{"data":"Footwork","floor":6.0,"key":"SMITH"},{"data":"Prepared","floor":8.0,"key":"SMITH"},{"data":"Apotheosis","floor":15.0,"key":"SMITH"},{"data":"Footwork","floor":23.0,"key":"SMITH"},{"data":"Neutralize","floor":28.0,"key":"SMITH"},{"floor":30.0,"key":"REST"},{"data":"J.A.X.","floor":32.0,"key":"SMITH"},{"floor":40.0,"key":"REST"},{"data":"Burst","floor":46.0,"key":"SMITH"},{"floor":49,"key":"REST"}],"path_taken":["M","M","M","?","M","R","E","R","T","E","?","?","?","E","R","BOSS","M","?","?","$","M","R","E","?","T","E","R","M","R","?","R","BOSS","M","?","?","$","M","R","E","M","T","?","?","R","M","M","R","BOSS"],"build_version":"2018-06-11","seed_source_timestamp":0,"purchased_purges":1,"victory":true,"master_deck":["Survivor","Neutralize+1","Prepared+1","Backflip+1","Footwork+1","Backflip","Slice","Cloak And Dagger+1","Underhanded Strike","Footwork+1","Apotheosis+1","Die Die Die","Endless Agony","Deflect","Deflect","Calculated Gamble+1","Escape Plan+1","J.A.X.+1","Burst+1","Acrobatics","Flying Knee","Prepared","Eviscerate","Reflex","Slice","PiercingWail","Backflip+1","Deflect+1","Madness","Madness","Acrobatics","Dodge and Roll+1","Dagger Throw+1","Acrobatics","Deflect","Accuracy+1","Slice"],"max_hp_per_floor":[70,70,70,70,70,70,77,77,77,77,77,77,77,77,77,77,82,82,82,87,87,87,87,87,87,87,87,87,87,87,87,87,87,87,87,87,87,87,87,87,87,87,87,87,87,87,87,87,87,87],"special_seed":0,"relics":["Ring of the Snake","Strawberry","Ancient Tea Set","Bag of Marbles","Omamori","Bottled Flame","Tiny House","Matryoshka","Happy Flower","Frozen Egg 2","Orichalcum","Paper Crane","Question Card","Pandora\u0027s Box","Bird Faced Urn","Pen Nib","Ninja Scroll","Blood Vial","Snake Skull","Anchor"],"card_choices":[{"not_picked":["Dagger Throw","Quick Slash"],"picked":"Footwork","floor":1.0},{"not_picked":["Bane","Prepared"],"picked":"Backflip","floor":2.0},{"not_picked":["Poisoned Stab","Acrobatics"],"picked":"Slice","floor":3.0},{"not_picked":["Quick Slash","Eviscerate"],"picked":"Cloak And Dagger","floor":5.0},{"not_picked":["Backstab","Leg Sweep"],"picked":"Underhanded Strike","floor":7.0},{"not_picked":["Acrobatics","Flying Knee"],"picked":"Footwork","floor":10.0},{"not_picked":["Doppelganger","Flying Knee","Catalyst"],"picked":"SKIP","floor":14.0},{"not_picked":["Storm of Steel","Unload"],"picked":"Die Die Die","floor":16.0},{"not_picked":["Dodge and Roll","Accuracy"],"picked":"Endless Agony","floor":17.0},{"not_picked":["Poisoned Stab","Leg Sweep","Dagger Spray"],"picked":"SKIP","floor":18.0},{"not_picked":["Bouncing Flask","Leg Sweep","Dagger Throw"],"picked":"SKIP","floor":22.0},{"not_picked":["Night Terror","Cloak And Dagger"],"picked":"Deflect","floor":24.0},{"not_picked":["Dagger Throw+1","Deadly Poison"],"picked":"Deflect","floor":25.0},{"not_picked":["Storm of Steel","Eviscerate"],"picked":"Calculated Gamble+1","floor":27.0},{"not_picked":["All Out Attack","Cloak And Dagger","Calculated Gamble+1"],"picked":"Escape Plan+1","floor":29.0},{"not_picked":["Storm of Steel","Corpse Explosion","Wraith Form v2+1"],"picked":"Burst","floor":33.0},{"not_picked":["Deadly Poison+1","Escape Plan+1","Bouncing Flask+1"],"picked":"Backflip+1","floor":35.0},{"not_picked":["Dodge and Roll","PiercingWail+1","Corpse Explosion"],"picked":"Deflect+1","floor":36.0},{"not_picked":["Riddle With Holes+1","Sucker Punch","Dagger Spray+1"],"picked":"Dodge and Roll+1","floor":39.0},{"not_picked":["Poisoned Stab+1","Flechettes","Dash"],"picked":"Dagger Throw+1","floor":41.0},{"not_picked":["Flechettes","Dodge and Roll+1","Riddle With Holes+1"],"picked":"Acrobatics","floor":42.0},{"not_picked":["Masterful Stab+1","Night Terror","Dodge and Roll","Dash+1"],"picked":"SKIP","floor":44.0},{"not_picked":["Malaise+1","Cloak And Dagger+1","Catalyst"],"picked":"Accuracy+1","floor":47.0},{"not_picked":["Deflect","Quick Slash","Backstab"],"picked":"Slice","floor":48}],"player_experience":91834,"potions_floor_usage":[50,50],"damage_taken":[{"damage":0.0,"enemies":"2 Louse","floor":1.0,"turns":3.0},{"damage":0.0,"enemies":"Small Slimes","floor":2.0,"turns":4.0},{"damage":0.0,"enemies":"Cultist","floor":3.0,"turns":4.0},{"damage":1.0,"enemies":"Blue Slaver","floor":5.0,"turns":5.0},{"damage":6.0,"enemies":"3 Sentries","floor":7.0,"turns":11.0},{"damage":0.0,"enemies":"Lagavulin","floor":10.0,"turns":9.0},{"damage":4.0,"enemies":"3 Sentries","floor":14.0,"turns":7.0},{"damage":0.0,"enemies":"Slime Boss","floor":16.0,"turns":10.0},{"damage":2.0,"enemies":"Shell Parasite","floor":18.0,"turns":6.0},{"damage":0.0,"enemies":"Chosen","floor":22.0,"turns":6.0},{"damage":11.0,"enemies":"Slavers","floor":24.0,"turns":11.0},{"damage":4.0,"enemies":"Snecko","floor":25.0,"turns":5.0},{"damage":6.0,"enemies":"Gremlin Leader","floor":27.0,"turns":9.0},{"damage":10.0,"enemies":"Slaver and Parasite","floor":29.0,"turns":11.0},{"damage":26.0,"enemies":"Champ","floor":33.0,"turns":18.0},{"damage":3.0,"enemies":"Orb Walker","floor":35.0,"turns":4.0},{"damage":14.0,"floor":36.0,"turns":4.0},{"damage":19.0,"enemies":"Flame Bruiser 1 Orb","floor":39.0,"turns":5.0},{"damage":3.0,"enemies":"2 Orb Walkers","floor":41.0,"turns":4.0},{"damage":7.0,"enemies":"4 Shapes","floor":42.0,"turns":3.0},{"damage":3.0,"enemies":"Spire Growth","floor":44.0,"turns":6.0},{"damage":2.0,"enemies":"Transient","floor":47.0,"turns":5.0},{"damage":3,"enemies":"Flame Bruiser 2 Orb","floor":48,"turns":3},{"damage":14,"enemies":"Awakened One","floor":50,"turns":10}],"relics_obtained":[{"floor":7.0,"key":"Strawberry"},{"floor":9.0,"key":"Ancient Tea Set"},{"floor":10.0,"key":"Bag of Marbles"},{"floor":14.0,"key":"Bottled Flame"},{"floor":24.0,"key":"Frozen Egg 2"},{"floor":26.0,"key":"Orichalcum"},{"floor":26.0,"key":"Paper Crane"},{"floor":27.0,"key":"Question Card"},{"floor":36.0,"key":"Bird Faced Urn"},{"floor":41.0,"key":"Ninja Scroll"},{"floor":43.0,"key":"Blood Vial"},{"floor":43.0,"key":"Snake Skull"}],"event_choices":[{"event_name":"Shining Light","player_choice":"Entered Light","floor":4.0,"damage_taken":0.0},{"event_name":"Scrap Ooze","player_choice":"success","floor":11.0,"damage_taken":7.0},{"event_name":"Liars Game","player_choice":"agreed","floor":12.0,"damage_taken":0.0},{"event_name":"The Mausoleum","player_choice":"Yes","floor":19.0,"damage_taken":0.0},{"event_name":"Forgotten Altar","player_choice":"Shed Blood","floor":20.0,"damage_taken":0.0},{"event_name":"Drug Dealer","player_choice":"Got JAXXED","floor":31.0,"damage_taken":0.0},{"event_name":"Mysterious Sphere","player_choice":"Fight","floor":36.0,"damage_taken":0.0},{"event_name":"Winding Halls","player_choice":"Embrace Madness","floor":37.0,"damage_taken":0.0}],"boss_relics":[{"not_picked":["Calling Bell","Orrery"],"picked":"Tiny House"},{"not_picked":["Cursed Key","Runic Pyramid"],"picked":"Pandora\u0027s Box"}],"items_purged_floors":[],"potions_floor_spawned":[2,3,10,14,24,25,33,35,41,48],"seed_played":"-6283238683233565301","ascension_level":3,"potions_obtained":[{"floor":2.0,"key":"SpeedPotion"},{"floor":3.0,"key":"PowerPotion"},{"floor":10.0,"key":"PowerPotion"},{"floor":14.0,"key":"GhostInAJar"},{"floor":17.0,"key":"GamblersBrew"},{"floor":24.0,"key":"Poison Potion"},{"floor":25.0,"key":"Block Potion"},{"floor":33.0,"key":"EssenceOfSteel"},{"floor":35.0,"key":"Block Potion"},{"floor":41.0,"key":"Block Potion"},{"floor":48,"key":"FearPotion"}],"is_trial":false}