{"gold_per_floor":[115,28,28,39,51,51,83,83,106,119,143,155,169,184,184,255,255,275,185,185],"floor_reached":20,"playtime":1016,"items_purged":[],"score":334,"play_id":"d10bfa37-c1b6-4e7a-9073-a7cf59f4483d","local_time":"20190129174540","is_ascension_mode":true,"campfire_choices":[{"data":"Glacier","floor":6,"key":"SMITH"},{"floor":8,"key":"REST"},{"data":"Blizzard","floor":15,"key":"SMITH"}],"neow_cost":"NONE","seed_source_timestamp":450801081828628,"circlet_count":0,"master_deck":["AscendersBane","Strike_B","Strike_B","Strike_B+1","Defend_B","Defend_B","Defend_B","Defend_B","Zap","Dualcast","Glacier","Capacitor","Ball Lightning+1","Glacier+1","Cold Snap","Self Repair","Heatsinks","Go for the Eyes","Melter","Blizzard","Blizzard+1","Machine Learning","Coolheaded","Loop"],"relics":["Cracked Core","Omamori","Juzu Bracelet","Whetstone","Boot","Cursed Key"],"potions_floor_usage":[16,16,18],"damage_taken":[{"damage":0,"enemies":"Small Slimes","floor":1,"turns":2},{"damage":0,"enemies":"Cultist","floor":4,"turns":4},{"damage":0,"enemies":"Jaw Worm","floor":5,"turns":5},{"damage":43,"enemies":"Gremlin Nob","floor":7,"turns":6},{"damage":11,"enemies":"Lots of Slimes","floor":10,"turns":5},{"damage":0,"enemies":"Blue Slaver","floor":12,"turns":6},{"damage":4,"enemies":"3 Louse","floor":13,"turns":5},{"damage":9,"enemies":"Large Slime","floor":14,"turns":7},{"damage":3,"enemies":"The Guardian","floor":16,"turns":12},{"damage":25,"enemies":"Shell Parasite","floor":18,"turns":6},{"damage":56,"enemies":"3 Byrds","floor":20,"turns":4}],"seed_played":"8723680534100313700","potions_obtained":[{"floor":1,"key":"Poison Potion"},{"floor":4,"key":"Dexterity Potion"},{"floor":5,"key":"Dexterity Potion"},{"floor":16,"key":"SpeedPotion"},{"floor":18,"key":"Fruit Juice"}],"is_trial":false,"path_per_floor":["M","$","?","M","M","R","E","R","T","M","T","M","M","M","R","B",null,"M","$","M"],"character_chosen":"DEFECT","items_purchased":["Capacitor","Ball Lightning","Loop"],"campfire_rested":1,"item_purchase_floors":[2,2,19],"current_hp_per_floor":[64,64,64,64,64,64,28,49,49,45,45,52,55,53,53,57,68,55,55,0],"gold":185,"neow_bonus":"RANDOM_COMMON_RELIC","is_prod":false,"is_daily":false,"chose_seed":false,"campfire_upgraded":2,"win_rate":0,"timestamp":1548801940,"path_taken":["M","$","?","M","?","R","E","R","T","M","?","M","M","M","R","BOSS","M","$","M"],"build_version":"2019-01-23","purchased_purges":0,"victory":false,"max_hp_per_floor":[71,71,71,71,71,71,71,71,71,71,71,71,71,71,71,71,71,76,76,76],"card_choices":[{"not_picked":["Reinforced Body","Conserve Battery"],"picked":"Glacier","floor":1},{"not_picked":["Leap","Beam Cell"],"picked":"Cold Snap","floor":4},{"not_picked":["Leap","Aggregate"],"picked":"Self Repair","floor":5},{"not_picked":["Steam","Turbo"],"picked":"Heatsinks","floor":7},{"not_picked":["Melter","Steam Power"],"picked":"Go for the Eyes","floor":10},{"not_picked":["Turbo","Streamline"],"picked":"Melter","floor":12},{"not_picked":["Redo","Creative AI"],"picked":"Blizzard","floor":13},{"not_picked":["Beam Cell","Consume"],"picked":"Blizzard","floor":14},{"not_picked":["Core Surge","Reboot"],"picked":"Machine Learning","floor":16},{"not_picked":["Chill","Undo"],"picked":"Coolheaded","floor":18}],"player_experience":2208341,"relics_obtained":[{"floor":7,"key":"Juzu Bracelet"},{"floor":9,"key":"Whetstone"},{"floor":11,"key":"Boot"}],"event_choices":[{"damage_healed":0,"gold_gain":0,"cards_transformed":["Strike_B"],"player_choice":"Transformed","damage_taken":0,"max_hp_gain":0,"max_hp_loss":0,"event_name":"Transmorgrifier","floor":3,"gold_loss":0,"cards_obtained":["Glacier"]}],"is_beta":false,"boss_relics":[{"not_picked":["Tiny House","Coffee Dripper"],"picked":"Cursed Key"}],"items_purged_floors":[],"is_endless":false,"potions_floor_spawned":[1,4,5,10,14,16,18],"killed_by":"3 Byrds","ascension_level":18}