{"path_per_floor":["M","M","M","$","M","R","E","R","T","E","?","M","?","M","R","B",null,"M","?","M","M","$","R","?","M","T","?","R","M","M","E","R","B",null,"M","?","M","$","M","R","M","M","T","E","R","M","T","$","R","B"],"character_chosen":"THE_SILENT","items_purchased":["Noxious Fumes","Sadistic Nature","Apotheosis","Lantern"],"gold_per_floor":[118,130,149,40,50,50,75,75,75,102,102,113,113,133,133,233,233,248,248,267,282,90,90,90,102,102,102,102,118,134,194,194,296,326,339,339,359,38,55,55,67,85,85,110,110,123,123,23,23,23],"floor_reached":51,"campfire_rested":6,"playtime":4167,"item_purchase_floors":[],"current_hp_per_floor":[63,62,54,54,50,70,59,59,59,35,35,35,70,70,70,21,70,48,48,48,62,62,62,62,43,43,43,64,57,45,29,50,6,75,51,51,50,50,40,62,54,52,52,20,42,42,42,42,64,24],"items_purged":["Strike_G","Strike_G"],"gold":23,"score":686,"play_id":"0ed91be5-1fa7-4170-9d45-f483b4f59231","local_time":"20180604161613","is_prod":false,"is_daily":false,"chose_seed":false,"is_ascension_mode":false,"campfire_upgraded":3,"win_rate":0.0,"timestamp":1528143373,"campfire_choices":[{"floor":6.0,"key":"REST"},{"data":"Noxious Fumes","floor":8.0,"key":"SMITH"},{"data":"Crippling Poison","floor":15.0,"key":"SMITH"},{"data":"Deadly Poison","floor":23.0,"key":"SMITH"},{"floor":28.0,"key":"REST"},{"floor":32.0,"key":"REST"},{"floor":40.0,"key":"REST"},{"floor":45.0,"key":"REST"},{"floor":49,"key":"REST"}],"path_taken":["M","M","M","$","M","R","E","R","T","E","?","M","?","M","R","BOSS","M","?","M","M","$","R","?","M","T","?","R","M","M","E","R","BOSS","M","?","M","$","M","R","M","M","T","E","R","?","?","$","R","BOSS"],"build_version":"2018-05-31","seed_source_timestamp":0,"purchased_purges":2,"victory":true,"master_deck":["Defend_G","Defend_G","Defend_G","Defend_G","Defend_G","Strike_G","Strike_G","Survivor","Neutralize","Adrenaline","Deadly Poison","Skewer","Noxious Fumes+1","Deadly Poison+1","Distraction","Acrobatics","Deflect","Neutralize","Dramatic Entrance","Poisoned Stab","Crippling Poison+1","A Thousand Cuts","Backflip+1","All Out Attack+1","Dodge and Roll","Sadistic Nature+1","Noxious Fumes+1","Dodge and Roll","Noxious Fumes","Die Die Die","Bouncing Flask","Dodge and Roll+1","Deflect+1","Apotheosis","Bane+1","Footwork+1","PiercingWail+1","Bane+1"],"max_hp_per_floor":[70,70,70,70,70,70,70,70,70,70,70,70,70,70,70,70,70,70,70,70,70,70,70,70,70,70,70,70,70,70,70,70,70,75,75,75,75,75,75,75,75,75,75,75,75,75,75,75,75,75],"relics":["Ring of the Snake","Anchor","Snake Skull","Pantograph","Lizard Tail","Mummified Hand","Tiny Chest","Tiny House","Lantern","Letter Opener","Bronze Scales","Torii"],"card_choices":[{"not_picked":["Poisoned Stab","Sucker Punch"],"picked":"Deadly Poison","floor":1.0},{"not_picked":["Outmaneuver","Acrobatics"],"picked":"Skewer","floor":2.0},{"not_picked":["Quick Slash","Blade Dance"],"picked":"Masterful Stab","floor":3.0},{"not_picked":["Well Laid Plans","Slice"],"picked":"Deadly Poison","floor":5.0},{"not_picked":["Dodge and Roll","Crippling Poison"],"picked":"Distraction","floor":7.0},{"not_picked":["Grand Finale","Tactician"],"picked":"Acrobatics","floor":10.0},{"not_picked":["Underhanded Strike","Deadly Poison"],"picked":"Poisoned Stab","floor":12.0},{"not_picked":["Deflect","Dagger Spray"],"picked":"Crippling Poison","floor":14.0},{"not_picked":["Wraith Form v2","Tools of the Trade"],"picked":"A Thousand Cuts","floor":16.0},{"not_picked":["Backstab+1","Endless Agony+1"],"picked":"Backflip+1","floor":18.0},{"not_picked":["Dagger Spray","Flying Knee+1"],"picked":"All Out Attack+1","floor":20.0},{"not_picked":["Sucker Punch","Slice+1"],"picked":"Dodge and Roll","floor":21.0},{"not_picked":["Slice","Dodge and Roll"],"picked":"Noxious Fumes+1","floor":25.0},{"not_picked":["Calculated Gamble","Dagger Spray"],"picked":"Dodge and Roll","floor":29.0},{"not_picked":["Crippling Poison","Dagger Throw"],"picked":"Noxious Fumes","floor":30.0},{"not_picked":["Masterful Stab","Blur"],"picked":"Well Laid Plans","floor":31.0},{"not_picked":["Glass Knife","Bullet Time"],"picked":"Die Die Die","floor":33.0},{"not_picked":["Deadly Poison","Poisoned Stab"],"picked":"Bouncing Flask","floor":34.0},{"not_picked":["Sucker Punch+1","Acrobatics+1"],"picked":"Dodge and Roll+1","floor":35.0},{"not_picked":["Bane+1","Finisher"],"picked":"Deflect+1","floor":37.0},{"not_picked":["Riddle With Holes","Quick Slash"],"picked":"Bane+1","floor":39.0},{"not_picked":["Backflip+1","Riddle With Holes+1"],"picked":"Footwork+1","floor":41.0},{"not_picked":["Acrobatics+1","Backflip","Malaise"],"picked":"SKIP","floor":42.0},{"not_picked":["Quick Slash","Backflip"],"picked":"PiercingWail+1","floor":44.0},{"not_picked":["Flechettes+1","Calculated Gamble"],"picked":"Bane+1","floor":46}],"player_experience":335033,"potions_floor_usage":[50,50],"damage_taken":[{"damage":7.0,"enemies":"2 Louse","floor":1.0,"turns":3.0},{"damage":1.0,"enemies":"Cultist","floor":2.0,"turns":5.0},{"damage":8.0,"enemies":"Small Slimes","floor":3.0,"turns":2.0},{"damage":4.0,"enemies":"Blue Slaver","floor":5.0,"turns":4.0},{"damage":11.0,"enemies":"Lagavulin","floor":7.0,"turns":5.0},{"damage":24.0,"enemies":"Gremlin Nob","floor":10.0,"turns":4.0},{"damage":0.0,"enemies":"Gremlin Gang","floor":12.0,"turns":3.0},{"damage":0.0,"enemies":"3 Louse","floor":14.0,"turns":2.0},{"damage":49.0,"enemies":"Slime Boss","floor":16.0,"turns":9.0},{"damage":22.0,"enemies":"Spheric Guardian","floor":18.0,"turns":4.0},{"damage":0.0,"enemies":"Chosen","floor":20.0,"turns":4.0},{"damage":0.0,"enemies":"Centurion and Healer","floor":21.0,"turns":5.0},{"damage":19.0,"enemies":"Chosen and Byrds","floor":25.0,"turns":5.0},{"damage":7.0,"enemies":"Cultist and Chosen","floor":29.0,"turns":5.0},{"damage":12.0,"enemies":"3 Cultists","floor":30.0,"turns":4.0},{"damage":16.0,"enemies":"Gremlin Leader","floor":31.0,"turns":6.0},{"damage":64.0,"enemies":"Champ","floor":33.0,"turns":11.0},{"damage":24.0,"enemies":"3 Darklings","floor":35.0,"turns":4.0},{"damage":1.0,"enemies":"Orb Walker","floor":37.0,"turns":4.0},{"damage":10.0,"enemies":"Maw","floor":39.0,"turns":7.0},{"damage":8.0,"enemies":"Sphere and 2 Shapes","floor":41.0,"turns":4.0},{"damage":2.0,"enemies":"4 Shapes","floor":42.0,"turns":2.0},{"damage":32.0,"enemies":"2 Orb Walkers","floor":44.0,"turns":5.0},{"damage":0,"enemies":"3 Darklings","floor":46,"turns":3},{"damage":51,"enemies":"Donu and Deca","floor":50,"turns":7}],"relics_obtained":[{"floor":7.0,"key":"Anchor"},{"floor":9.0,"key":"Snake Skull"},{"floor":10.0,"key":"Pantograph"},{"floor":26.0,"key":"Mummified Hand"},{"floor":31.0,"key":"Tiny Chest"},{"floor":43.0,"key":"Letter Opener"},{"floor":44.0,"key":"Bronze Scales"},{"floor":47,"key":"Torii"}],"event_choices":[{"event_name":"Match and Keep!","player_choice":"3 cards matched","floor":11.0,"damage_taken":0.0},{"event_name":"Bonfire Elementals","player_choice":"UNCOMMON","floor":13.0,"damage_taken":0.0},{"event_name":"Back to Basics","player_choice":"Elegance","floor":19.0,"damage_taken":0.0},{"event_name":"The Lab","player_choice":"Got Potions","floor":24.0,"damage_taken":0.0},{"event_name":"The Woman in Blue","player_choice":"Bought 0 Potions","floor":27.0,"damage_taken":0.0}],"boss_relics":[],"items_purged_floors":[],"potions_floor_spawned":[3,5,16,18,25,30,31,39,42,44,46],"seed_played":"5368736491106745423","ascension_level":0,"potions_obtained":[{"floor":3.0,"key":"Block Potion"},{"floor":5.0,"key":"Weak Potion"},{"floor":16.0,"key":"Regen Potion"},{"floor":18.0,"key":"Fire Potion"},{"floor":24.0,"key":"GhostInAJar"},{"floor":24.0,"key":"GhostInAJar"},{"floor":30.0,"key":"Strength Potion"},{"floor":34.0,"key":"GhostInAJar"},{"floor":39.0,"key":"Swift Potion"},{"floor":42.0,"key":"GhostInAJar"},{"floor":44.0,"key":"PowerPotion"}],"is_trial":false}