{"gold_per_floor":[113,131,4,4,79,79,112,112,112,112,12,44,57,75,75,173,173,153,171,171],"floor_reached":20,"playtime":773,"items_purged":["Strike_R","Regret"],"score":191,"play_id":"7282e58c-8ec7-4022-866d-a1295fbfe295","local_time":"20190214160131","is_ascension_mode":true,"campfire_choices":[{"data":"Shrug It Off","floor":6,"key":"SMITH"},{"data":"Heavy Blade","floor":8,"key":"SMITH"},{"floor":15,"key":"REST"}],"neow_cost":"TEN_PERCENT_HP_LOSS","seed_source_timestamp":18074065440988,"circlet_count":0,"master_deck":["Strike_R","Strike_R","Strike_R","Strike_R","Defend_R","Defend_R","Defend_R","Defend_R","Bash","Demon Form+1","Shrug It Off+1","Heavy Blade+1","Headbutt","Second Wind","Limit Break"],"relics":["Burning Blood","Bag of Preparation","Singing Bowl","Charon\u0027s Ashes","Nunchaku","Orrery"],"potions_floor_usage":[20,20],"damage_taken":[{"damage":7,"enemies":"Small Slimes","floor":1,"turns":4},{"damage":2,"enemies":"2 Louse","floor":2,"turns":4},{"damage":19,"enemies":"Gremlin Nob","floor":7,"turns":4},{"damage":26,"enemies":"3 Sentries","floor":12,"turns":5},{"damage":1,"enemies":"Cultist","floor":13,"turns":3},{"damage":11,"enemies":"Large Slime","floor":14,"turns":6},{"damage":35,"enemies":"Slime Boss","floor":16,"turns":7},{"damage":29,"enemies":"2 Thieves","floor":18,"turns":4},{"damage":38,"enemies":"3 Byrds","floor":19,"turns":6},{"damage":46,"enemies":"Masked Bandits","floor":20,"turns":3}],"seed_played":"2380399073558514436","potions_obtained":[{"floor":13,"key":"PowerPotion"},{"floor":14,"key":"SteroidPotion"},{"floor":18,"key":"Energy Potion"}],"is_trial":false,"path_per_floor":["M","M","$","?","?","R","E","R","T","?","$","E","M","M","R","B",null,"M","M","?"],"character_chosen":"IRONCLAD","items_purchased":["Heavy Blade"],"campfire_rested":1,"item_purchase_floors":[3],"current_hp_per_floor":[71,72,72,72,61,61,48,48,48,48,48,30,35,32,54,25,86,65,35,0],"gold":171,"neow_bonus":"THREE_RARE_CARDS","is_prod":false,"is_daily":false,"chose_seed":false,"campfire_upgraded":2,"win_rate":0,"timestamp":1550156491,"path_taken":["M","M","$","?","?","R","E","R","T","?","$","E","M","M","R","BOSS","M","M","?"],"build_version":"2019-01-23","purchased_purges":2,"victory":false,"max_hp_per_floor":[72,72,72,72,72,72,72,72,72,72,72,74,74,76,76,76,86,88,90,90],"card_choices":[{"not_picked":["Limit Break","Exhume"],"picked":"Demon Form","floor":0},{"not_picked":["Thunderclap","Fire Breathing","Anger"],"picked":"SKIP","floor":1},{"not_picked":["Havoc","Sever Soul"],"picked":"Shrug It Off","floor":2},{"not_picked":["Berserk","Reckless Charge"],"picked":"Headbutt","floor":7},{"not_picked":["Battle Trance","Uppercut","Anger"],"picked":"Singing Bowl","floor":12},{"not_picked":["Cleave","Dual Wield"],"picked":"Second Wind","floor":13},{"not_picked":["Heavy Blade","Body Slam","Pommel Strike"],"picked":"Singing Bowl","floor":14},{"not_picked":["Exhume","Bludgeon"],"picked":"Limit Break","floor":16},{"not_picked":["Headbutt","Body Slam","Perfected Strike"],"picked":"Singing Bowl","floor":17},{"not_picked":["Carnage","Burning Pact","Evolve"],"picked":"Singing Bowl","floor":17},{"not_picked":["Flex","Shockwave","Perfected Strike"],"picked":"Singing Bowl","floor":17},{"not_picked":["Havoc","Anger","Dark Embrace"],"picked":"Singing Bowl","floor":17},{"not_picked":["Clothesline","Hemokinesis","Heavy Blade"],"picked":"Singing Bowl","floor":17},{"not_picked":["Warcry","Flex","Ghostly Armor"],"picked":"Singing Bowl","floor":18},{"not_picked":["Sever Soul","Havoc","Shockwave"],"picked":"Singing Bowl","floor":19}],"player_experience":88408,"relics_obtained":[{"floor":7,"key":"Bag of Preparation"},{"floor":9,"key":"Singing Bowl"},{"floor":12,"key":"Nunchaku"}],"event_choices":[{"damage_healed":0,"gold_gain":0,"player_choice":"Grow","damage_taken":0,"max_hp_gain":0,"max_hp_loss":0,"event_name":"Living Wall","floor":4,"gold_loss":0,"cards_upgraded":["Demon Form"]},{"damage_healed":0,"gold_gain":75,"player_choice":"Gather Gold","damage_taken":11,"max_hp_gain":0,"max_hp_loss":0,"event_name":"World of Goop","floor":5,"gold_loss":0},{"damage_healed":0,"gold_gain":0,"player_choice":"Box","damage_taken":0,"relics_obtained":["Charon\u0027s Ashes"],"max_hp_gain":0,"max_hp_loss":0,"event_name":"Big Fish","floor":10,"gold_loss":0,"cards_obtained":["Regret"]},{"damage_healed":0,"gold_gain":0,"player_choice":"Fought Bandits","damage_taken":0,"max_hp_gain":0,"max_hp_loss":0,"event_name":"Masked Bandits","floor":20,"gold_loss":0}],"is_beta":false,"boss_relics":[{"not_picked":["Runic Dome","Tiny House"],"picked":"Orrery"}],"items_purged_floors":[3,11],"is_endless":false,"potions_floor_spawned":[13,14,18],"killed_by":"Masked Bandits","ascension_level":1}