{"gold_per_floor":[118,60,80,92,108,108,120,120,120,134,166,11,45,63,63,142,142,159,26,26,26,26,26,40,40,40,58,75,75,85,85,85,85],"floor_reached":33,"playtime":1569,"items_purged":["Strike_B"],"score":517,"play_id":"17c7f244-3362-483e-a3b2-43e4a36f9c37","local_time":"20181231143733","is_ascension_mode":true,"campfire_choices":[{"data":"Glacier","floor":6.0,"key":"SMITH"},{"data":"Zap","floor":8.0,"key":"SMITH"},{"floor":15.0,"key":"REST"},{"data":"Recycle","floor":23.0,"key":"SMITH"},{"floor":25.0,"key":"RECALL"},{"floor":32.0,"key":"REST"}],"neow_cost":"NONE","seed_source_timestamp":989277218442060,"circlet_count":0,"master_deck":["AscendersBane","Strike_B","Strike_B","Strike_B","Defend_B","Defend_B","Defend_B","Defend_B","Zap+1","Dualcast","Gash","Conserve Battery","Glacier+1","Beam Cell","Gash","Reinforced Body","Chill","Hologram","Gash","Conserve Battery","BootSequence","Sweeping Beam","Echo Form","Recycle+1","Beam Cell","J.A.X.","Streamline+1","Go for the Eyes","Gash"],"special_seed":0,"relics":["Cracked Core","NeowsBlessing","Bottled Flame","Bronze Scales","Eternal Feather","Ginger"],"potions_floor_usage":[],"damage_taken":[{"damage":0.0,"enemies":"Cultist","floor":1.0,"turns":1.0},{"damage":0.0,"enemies":"Small Slimes","floor":3.0,"turns":1.0},{"damage":0.0,"enemies":"Jaw Worm","floor":4.0,"turns":1.0},{"damage":3.0,"enemies":"3 Louse","floor":5.0,"turns":3.0},{"damage":3.0,"enemies":"Large Slime","floor":7.0,"turns":7.0},{"damage":0.0,"enemies":"Blue Slaver","floor":10.0,"turns":4.0},{"damage":20.0,"enemies":"Lagavulin","floor":11.0,"turns":8.0},{"damage":15.0,"enemies":"3 Sentries","floor":13.0,"turns":9.0},{"damage":0.0,"enemies":"2 Fungi Beasts","floor":14.0,"turns":3.0},{"damage":30.0,"enemies":"Slime Boss","floor":16.0,"turns":13.0},{"damage":16.0,"enemies":"Chosen","floor":18.0,"turns":5.0},{"damage":15.0,"enemies":"3 Byrds","floor":24.0,"turns":3.0},{"damage":4.0,"enemies":"Snecko","floor":27.0,"turns":6.0},{"damage":29.0,"enemies":"3 Cultists","floor":28.0,"turns":6.0},{"damage":16.0,"enemies":"Centurion and Healer","floor":30.0,"turns":8.0},{"damage":63,"enemies":"Collector","floor":33,"turns":6}],"seed_played":"-8938843987077452598","potions_obtained":[{"floor":1.0,"key":"Poison Potion"},{"floor":4.0,"key":"SkillPotion"},{"floor":11.0,"key":"SteroidPotion"},{"floor":13.0,"key":"LiquidBronze"},{"floor":16.0,"key":"Swift Potion"},{"floor":18.0,"key":"Ancient Potion"},{"floor":24.0,"key":"Block Potion"}],"is_trial":false,"path_per_floor":["M","$","M","M","M","R","M","R","T","M","E","$","E","M","R","B",null,"M","$","?","?","?","R","M","R","T","M","M","?","M","?","R","B"],"character_chosen":"DEFECT","items_purchased":["Conserve Battery","Gash","Conserve Battery","Recycle","Beam Cell"],"campfire_rested":2,"item_purchase_floors":[2,12,12,19,19],"current_hp_per_floor":[64,64,64,64,61,61,58,58,58,58,38,38,23,23,44,14,57,41,41,41,41,41,56,41,56,56,52,23,23,7,7,43,0],"gold":85,"neow_bonus":"THREE_ENEMY_KILL","is_prod":false,"is_daily":false,"chose_seed":false,"campfire_upgraded":3,"win_rate":0,"timestamp":1546285053,"path_taken":["M","$","?","M","M","R","M","R","T","M","E","$","E","M","R","BOSS","M","?","?","?","?","R","M","R","T","M","M","?","?","?","R","BOSS"],"build_version":"2018-12-20","purchased_purges":1,"victory":false,"max_hp_per_floor":[71,71,71,71,71,71,71,71,71,71,71,71,71,71,71,71,71,71,71,71,71,71,71,71,71,71,71,71,71,71,71,71,71],"card_choices":[{"not_picked":["Undo","Steam"],"picked":"Gash","floor":1.0},{"not_picked":["Compile Driver","Tempest"],"picked":"Glacier","floor":3.0},{"not_picked":["Blizzard","Sunder"],"picked":"Beam Cell","floor":4.0},{"not_picked":["Compile Driver","Steam"],"picked":"Gash","floor":5.0},{"not_picked":["Heatsinks","Consume"],"picked":"Reinforced Body","floor":7.0},{"not_picked":["Reprogram","Stack"],"picked":"Chill","floor":10.0},{"not_picked":["Undo","Steam Power"],"picked":"Hologram","floor":11.0},{"not_picked":["Darkness","Hello World"],"picked":"BootSequence","floor":13.0},{"not_picked":["Electrodynamics","Cold Snap"],"picked":"Sweeping Beam","floor":14.0},{"not_picked":["Hyperbeam","Core Surge"],"picked":"Echo Form","floor":16.0},{"not_picked":["Redo","Force Field","Darkness"],"picked":"SKIP","floor":18.0},{"not_picked":["Reprogram","Doom and Gloom","Redo"],"picked":"SKIP","floor":24.0},{"not_picked":["Darkness","Hello World"],"picked":"Streamline+1","floor":27.0},{"not_picked":["Turbo","Conserve Battery","Lockon"],"picked":"SKIP","floor":28.0},{"not_picked":["Streamline+1","Cold Snap"],"picked":"Go for the Eyes","floor":30.0}],"player_experience":1968600,"relics_obtained":[{"floor":11.0,"key":"Bottled Flame"},{"floor":13.0,"key":"Bronze Scales"},{"floor":26.0,"key":"Ginger"}],"event_choices":[{"damage_healed":0.0,"max_hp_gain":0.0,"max_hp_loss":0.0,"gold_gain":0.0,"event_name":"Drug Dealer","player_choice":"Obtain J.A.X.","floor":20.0,"gold_loss":0.0,"damage_taken":0.0,"cards_obtained":["J.A.X."]},{"damage_healed":0.0,"max_hp_gain":0.0,"max_hp_loss":0.0,"gold_gain":0.0,"event_name":"Forgotten Altar","player_choice":"Smashed Altar","floor":21.0,"gold_loss":0.0,"damage_taken":0.0,"cards_obtained":["Decay"]},{"damage_healed":0.0,"max_hp_gain":0.0,"max_hp_loss":0.0,"gold_gain":0.0,"event_name":"Cursed Tome","player_choice":"Ignored","floor":22.0,"gold_loss":0.0,"damage_taken":0.0},{"cards_removed":["Decay"],"damage_healed":0.0,"max_hp_gain":0.0,"max_hp_loss":0.0,"gold_gain":0.0,"event_name":"Fountain of Cleansing","player_choice":"Removed Curses","floor":29.0,"gold_loss":0.0,"damage_taken":0.0},{"damage_healed":0.0,"max_hp_gain":0.0,"max_hp_loss":0.0,"gold_gain":0.0,"event_name":"Duplicator","player_choice":"Copied","floor":31.0,"gold_loss":0.0,"damage_taken":0.0,"cards_obtained":["Gash"]}],"is_beta":false,"boss_relics":[{"not_picked":["Black Star","Snecko Eye"],"picked":"Eternal Feather"}],"items_purged_floors":[12],"is_endless":false,"potions_floor_spawned":[1,4,11,13,16,18,24],"killed_by":"Collector","ascension_level":18}