{"gold_per_floor":[111,126,142,67,78,112,112,142,165,165,165,193,204,223,223,223],"floor_reached":16,"playtime":983,"items_purged":[],"score":134,"play_id":"a26ad4e6-05ec-4982-8e7f-27c0c2748f66","local_time":"20190214223859","is_ascension_mode":true,"campfire_choices":[{"floor":10.0,"key":"REST"},{"floor":15.0,"key":"REST"}],"neow_cost":"NONE","seed_source_timestamp":21807350046910,"circlet_count":0,"master_deck":["Strike_R","Strike_R","Strike_R","Strike_R","Defend_R","Defend_R","Defend_R","Defend_R","Bash","Heavy Blade","Iron Wave","Double Tap","Impervious","Clothesline","Flame Barrier","Shrug It Off"],"special_seed":0,"relics":["Burning Blood","Oddly Smooth Stone","Bag of Marbles","Boot","PreservedInsect"],"potions_floor_usage":[16,16],"damage_taken":[{"damage":15.0,"enemies":"Small Slimes","floor":1.0,"turns":4.0},{"damage":4.0,"enemies":"2 Louse","floor":2.0,"turns":2.0},{"damage":9.0,"enemies":"Jaw Worm","floor":3.0,"turns":4.0},{"damage":19.0,"enemies":"3 Louse","floor":5.0,"turns":4.0},{"damage":25.0,"enemies":"Gremlin Nob","floor":6.0,"turns":4.0},{"damage":24.0,"enemies":"3 Sentries","floor":8.0,"turns":11.0},{"damage":24.0,"enemies":"Lagavulin","floor":12.0,"turns":7.0},{"damage":16.0,"enemies":"Exordium Thugs","floor":13.0,"turns":6.0},{"damage":0.0,"enemies":"Blue Slaver","floor":14.0,"turns":7.0},{"damage":52,"enemies":"Slime Boss","floor":16,"turns":11}],"seed_played":"8998513781881902637","potions_obtained":[{"floor":2.0,"key":"Dexterity Potion"},{"floor":3.0,"key":"Energy Potion"},{"floor":13.0,"key":"SpeedPotion"},{"floor":14.0,"key":"SteroidPotion"}],"is_trial":false,"path_per_floor":["M","M","M","$","M","E","?","E","T","R","?","E","M","M","R","B"],"character_chosen":"IRONCLAD","items_purchased":["Double Tap"],"campfire_rested":2,"item_purchase_floors":[4],"current_hp_per_floor":[71,73,70,70,57,38,38,20,20,44,37,19,9,15,39,0],"gold":223,"neow_bonus":"THREE_CARDS","is_prod":false,"is_daily":false,"chose_seed":false,"campfire_upgraded":0,"win_rate":0,"timestamp":1550155139,"path_taken":["M","M","M","$","M","E","?","E","T","R","?","E","M","M","R","BOSS"],"build_version":"2019-01-23","purchased_purges":0,"victory":false,"max_hp_per_floor":[80,80,80,80,80,80,80,80,80,80,80,80,80,80,80,80],"card_choices":[{"not_picked":["Warcry","Anger"],"picked":"Heavy Blade","floor":0.0},{"not_picked":["Fire Breathing","Pommel Strike"],"picked":"Iron Wave","floor":1.0},{"not_picked":["Heavy Blade","Havoc","Sword Boomerang"],"picked":"SKIP","floor":2.0},{"not_picked":["Sword Boomerang","Twin Strike","Evolve"],"picked":"SKIP","floor":3.0},{"not_picked":["Dropkick","Blood for Blood","Hemokinesis"],"picked":"SKIP","floor":5.0},{"not_picked":["Warcry","Entrench"],"picked":"Impervious","floor":6.0},{"not_picked":["Body Slam","Rage"],"picked":"Clothesline","floor":8.0},{"not_picked":["Clash","Entrench"],"picked":"Flame Barrier","floor":12.0},{"not_picked":["Iron Wave","Anger","Dropkick"],"picked":"SKIP","floor":13.0},{"not_picked":["Hemokinesis","True Grit"],"picked":"Shrug It Off","floor":14.0}],"player_experience":135712,"relics_obtained":[{"floor":6.0,"key":"Oddly Smooth Stone"},{"floor":8.0,"key":"Bag of Marbles"},{"floor":9.0,"key":"Boot"},{"floor":12.0,"key":"PreservedInsect"}],"event_choices":[{"damage_healed":0.0,"max_hp_gain":0.0,"max_hp_loss":0.0,"gold_gain":0.0,"event_name":"Liars Game","player_choice":"Ignored","floor":7.0,"gold_loss":0.0,"damage_taken":0.0},{"cards_removed":["Strike_R"],"damage_healed":0.0,"max_hp_gain":0.0,"max_hp_loss":0.0,"gold_gain":0.0,"event_name":"Golden Wing","player_choice":"Card Removal","floor":11.0,"gold_loss":0.0,"damage_taken":7.0}],"is_beta":false,"boss_relics":[],"items_purged_floors":[],"is_endless":false,"potions_floor_spawned":[2,3,13,14],"killed_by":"Slime Boss","ascension_level":2}