{"path_per_floor":["M","M","M","?","?","E","R","E","T","R","?","M","$","M","R","B",null,"M","M","?","M"],"character_chosen":"THE_SILENT","items_purchased":["Membership Card"],"gold_per_floor":[115,127,137,137,137,180,180,218,268,268,268,287,29,52,52,175,175,194,214,129,149],"floor_reached":22,"campfire_rested":0,"playtime":2217,"current_hp_per_floor":[68,68,68,65,70,56,56,42,42,42,42,39,39,32,32,25,70,59,58,58,35],"items_purged":["Strike_G"],"gold":149,"play_id":"7e29ae74-8f69-4e75-9238-635c84c649f8","is_prod":false,"is_daily":false,"is_ascension_mode":false,"campfire_upgraded":3,"path_taken":["M","M","M","?","?","E","R","E","T","R","?","?","?","M","R","BOSS","M","M","?","?","M"],"build_version":"2018-01-25-PROD3","purchased_purges":1,"victory":false,"master_deck":["Defend_G","Defend_G","Defend_G","Defend_G","Defend_G","Strike_G","Strike_G","Strike_G","Survivor","Neutralize+1","Quick Slash","Quick Slash","Acrobatics","Footwork+1","Flying Knee","Burst+1","Adrenaline","Heel Hook","Prepared"],"max_hp_per_floor":[70,70,70,65,70,70,70,70,70,70,70,70,70,70,70,70,70,70,70,70,70],"relics":["Ring of the Snake","Golden Idol","Vajra","Regal Pillow","Dream Catcher","Membership Card","Black Star","Blood Vial"],"card_choices":[{"not_picked":["Flechettes","Blur"],"picked":"Quick Slash"},{"not_picked":["Deflect","Crippling Poison"],"picked":"Quick Slash"},{"not_picked":["Dagger Spray","Deadly Poison"],"picked":"Acrobatics"},{"not_picked":["Dagger Spray","Acrobatics"],"picked":"Footwork"},{"not_picked":["Catalyst","Quick Slash"],"picked":"Flying Knee"},{"not_picked":["Grand Finale","Die Die Die"],"picked":"Adrenaline"},{"not_picked":["Prepared","Dodge and Roll"],"picked":"Heel Hook"},{"not_picked":["Bouncing Flask","Distraction"],"picked":"Prepared"}],"player_experience":299361,"potions_floor_usage":[6,8,16,19,21],"damage_taken":[{"damage":2,"enemies":"Small Slimes","floor":1,"turns":4},{"damage":0,"enemies":"Jaw Worm","floor":2,"turns":3},{"damage":0,"enemies":"Cultist","floor":3,"turns":4},{"damage":14,"enemies":"Gremlin Nob","floor":6,"turns":4},{"damage":14,"enemies":"3 Sentries","floor":8,"turns":9},{"damage":3,"enemies":"3 Louse","floor":12,"turns":4},{"damage":7,"enemies":"Red Slaver","floor":14,"turns":4},{"damage":7,"enemies":"The Guardian","floor":16,"turns":15},{"damage":11,"enemies":"3 Byrds","floor":18,"turns":8},{"damage":1,"enemies":"Chosen","floor":19,"turns":6},{"damage":25,"enemies":"Centurion and Healer","floor":21,"turns":8},{"damage":45,"enemies":"3 Cultists","floor":22,"turns":6}],"event_choices":[{"event_name":"Golden Idol","player_choice":"Lose Max HP","floor":4,"damage_taken":0},{"event_name":"Big Fish","player_choice":"Donut","floor":5,"damage_taken":0},{"event_name":"Transmorgrifier","player_choice":"Transform","floor":11,"damage_taken":0},{"event_name":"Addict","player_choice":"Obtained Relic","floor":20,"damage_taken":0}],"boss_relics":[{"not_picked":["Ectoplasm","Snecko Eye"],"picked":"Black Star"}],"potions_floor_spawned":[2,6,8,14,19],"seed_played":"-8224018881548593091","killed_by":"3 Cultists","ascension_level":0,"is_trial":false}