{"gold_per_floor":[118,193,343,360,285,285,296,296,296,296,311,329,348,372,372,372],"floor_reached":16,"playtime":417,"items_purged":["Doubt"],"score":184,"play_id":"487f9547-f8db-4809-8a96-04692cfc6a0a","local_time":"20190127130426","is_ascension_mode":true,"campfire_choices":[{"data":"Clothesline","floor":6,"key":"SMITH"},{"data":"Uppercut","floor":8,"key":"SMITH"},{"data":"Bash","floor":10,"key":"SMITH"},{"floor":15,"key":"REST"}],"neow_cost":"NONE","seed_source_timestamp":290584624104400,"circlet_count":0,"master_deck":["AscendersBane","Strike_R","Strike_R","Strike_R","Strike_R","Strike_R","Defend_R","Defend_R","Defend_R","Defend_R","Bash+1","Juggernaut","Clothesline+1","Cleave","Uppercut+1","Clothesline+1","Reaper+1","Iron Wave+1"],"relics":["Burning Blood","Molten Egg 2","Juzu Bracelet"],"potions_floor_usage":[16,16,16,16],"damage_taken":[{"damage":24,"enemies":"Jaw Worm","floor":1,"turns":5},{"damage":10,"enemies":"2 Louse","floor":4,"turns":3},{"damage":0,"enemies":"Cultist","floor":7,"turns":3},{"damage":18,"enemies":"Large Slime","floor":11,"turns":5},{"damage":6,"enemies":"Looter","floor":12,"turns":3},{"damage":14,"enemies":"Exordium Thugs","floor":13,"turns":5},{"damage":51,"enemies":"Slime Boss","floor":16,"turns":6}],"seed_played":"-6656588942441144964","potions_obtained":[{"floor":11,"key":"EntropicBrew"},{"floor":12,"key":"SpeedPotion"},{"floor":13,"key":"Poison Potion"}],"is_trial":false,"path_per_floor":["M","?","?","M","$","R","M","R","T","R","M","M","M","T","R","B"],"character_chosen":"IRONCLAD","items_purchased":[],"campfire_rested":1,"item_purchase_floors":[],"current_hp_per_floor":[50,39,39,35,35,35,41,41,41,41,29,29,26,26,48,0],"gold":372,"neow_bonus":"ONE_RANDOM_RARE_CARD","is_prod":false,"is_daily":false,"chose_seed":false,"campfire_upgraded":3,"win_rate":0,"timestamp":1548594266,"path_taken":["M","?","?","M","$","R","M","R","T","R","M","M","M","?","R","BOSS"],"build_version":"2019-01-23","purchased_purges":1,"victory":false,"max_hp_per_floor":[75,75,75,75,75,75,75,75,75,75,75,75,75,75,75,75],"card_choices":[{"not_picked":["Armaments","Perfected Strike"],"picked":"Clothesline","floor":1},{"not_picked":["Pummel","Armaments"],"picked":"Cleave","floor":4},{"not_picked":["Warcry","Blood for Blood"],"picked":"Uppercut","floor":7},{"not_picked":["Thunderclap+1","Rampage+1"],"picked":"Clothesline+1","floor":11},{"not_picked":["Flex","Inflame"],"picked":"Reaper+1","floor":12},{"not_picked":["Sentinel","Flex"],"picked":"Iron Wave+1","floor":13}],"player_experience":1223391,"relics_obtained":[{"floor":9,"key":"Molten Egg 2"},{"floor":14,"key":"Juzu Bracelet"}],"event_choices":[{"damage_healed":0,"gold_gain":75,"player_choice":"Gather Gold","damage_taken":11,"max_hp_gain":0,"max_hp_loss":0,"event_name":"World of Goop","floor":2,"gold_loss":0},{"damage_healed":0,"gold_gain":150,"player_choice":"AGREE","damage_taken":0,"max_hp_gain":0,"max_hp_loss":0,"event_name":"Liars Game","floor":3,"gold_loss":0,"cards_obtained":["Doubt"]}],"is_beta":false,"boss_relics":[],"items_purged_floors":[5],"is_endless":false,"potions_floor_spawned":[11,12,13],"killed_by":"Slime Boss","ascension_level":20}