{"gold_per_floor":[216,236,67,79,154,154,168,168,248,13,13,38,48,59,59,133,133,152,152,152,162,77,77,2,2,2,51,77,77,93,93,93,93],"floor_reached":33,"playtime":1077,"items_purged":["Strike_B"],"score":526,"play_id":"80c8ce70-0b08-47b4-af0f-5b92d0a56ae0","local_time":"20190202113711","is_ascension_mode":true,"campfire_choices":[{"data":"Zap","floor":6,"key":"SMITH"},{"data":"Sweeping Beam","floor":11,"key":"SMITH"},{"floor":15,"key":"REST"},{"data":"Electrodynamics","floor":23,"key":"SMITH"},{"data":"Defragment","floor":25,"key":"SMITH"},{"floor":29,"key":"REST"},{"data":"Capacitor","floor":32,"key":"SMITH"}],"neow_cost":"NONE","seed_source_timestamp":803092533674600,"circlet_count":0,"master_deck":["AscendersBane","Strike_B+1","Strike_B","Strike_B","Defend_B","Defend_B","Defend_B","Defend_B","Zap+1","Dualcast","Sweeping Beam+1","Ball Lightning","Hologram","Electrodynamics+1","Capacitor+1","Conserve Battery","Echo Form","Cold Snap+1","Glacier","Defragment+1","Barrage+1"],"relics":["Cracked Core","Juzu Bracelet","Letter Opener","Orichalcum","Anchor","Velvet Choker","MutagenicStrength","Blood Vial","Whetstone","Oddly Smooth Stone","Bottled Lightning"],"potions_floor_usage":[16,16,21],"damage_taken":[{"damage":1,"enemies":"Cultist","floor":1,"turns":3},{"damage":0,"enemies":"Small Slimes","floor":2,"turns":2},{"damage":2,"enemies":"Jaw Worm","floor":4,"turns":3},{"damage":18,"enemies":"Large Slime","floor":7,"turns":5},{"damage":4,"enemies":"3 Sentries","floor":12,"turns":2},{"damage":0,"enemies":"2 Fungi Beasts","floor":13,"turns":2},{"damage":0,"enemies":"3 Louse","floor":14,"turns":1},{"damage":32,"enemies":"Hexaghost","floor":16,"turns":10},{"damage":6,"enemies":"Chosen","floor":18,"turns":3},{"damage":0,"enemies":"3 Byrds","floor":21,"turns":3},{"damage":26,"enemies":"Book of Stabbing","floor":28,"turns":5},{"damage":1,"enemies":"Centurion and Healer","floor":30,"turns":4},{"damage":53,"enemies":"Collector","floor":33,"turns":6}],"seed_played":"-3845419623052112901","potions_obtained":[{"floor":2,"key":"SpeedPotion"},{"floor":7,"key":"Dexterity Potion"},{"floor":18,"key":"Poison Potion"}],"is_trial":false,"path_per_floor":["M","M","$","M","?","R","M","?","T","$","R","E","M","M","R","B",null,"M","?","?","M","?","R","$","R","T","T","E","R","M","?","R","B"],"character_chosen":"DEFECT","items_purchased":["Juzu Bracelet","Orichalcum","Defragment"],"campfire_rested":2,"item_purchase_floors":[3,10,24],"current_hp_per_floor":[63,63,63,61,50,50,32,32,32,32,32,28,28,28,49,17,58,52,52,52,52,52,52,52,52,52,52,28,49,50,50,50,0],"gold":93,"neow_bonus":"HUNDRED_GOLD","is_prod":false,"is_daily":false,"chose_seed":false,"campfire_upgraded":5,"win_rate":0,"timestamp":1549107431,"path_taken":["M","?","$","M","?","R","M","?","T","?","R","E","M","M","R","BOSS","M","?","?","M","?","R","?","R","T","?","E","R","M","?","R","BOSS"],"build_version":"2019-01-23","purchased_purges":1,"victory":false,"max_hp_per_floor":[71,71,71,71,71,71,71,71,71,71,71,71,71,71,71,71,71,71,71,71,71,71,71,71,71,71,71,71,71,71,71,71,71],"card_choices":[{"not_picked":["Leap","Skim"],"picked":"Sweeping Beam","floor":1},{"not_picked":["Loop","Sweeping Beam"],"picked":"Ball Lightning","floor":2},{"not_picked":["Chaos","Barrage"],"picked":"Hologram","floor":4},{"not_picked":["Glacier","Beam Cell"],"picked":"Electrodynamics","floor":7},{"not_picked":["Gash","Darkness","Sweeping Beam"],"picked":"SKIP","floor":12},{"not_picked":["Heatsinks","Chaos"],"picked":"Capacitor","floor":13},{"not_picked":["Redo","Sweeping Beam"],"picked":"Conserve Battery","floor":14},{"not_picked":["Seek","Rainbow"],"picked":"Echo Form","floor":16},{"not_picked":["Double Energy","Tempest","BootSequence"],"picked":"SKIP","floor":18},{"not_picked":["Gash","Leap"],"picked":"Glacier","floor":21},{"not_picked":["Streamline","Steam"],"picked":"Barrage+1","floor":28},{"not_picked":["Steam Power","Coolheaded","Turbo"],"picked":"SKIP","floor":30}],"player_experience":1258795,"relics_obtained":[{"floor":9,"key":"Letter Opener"},{"floor":12,"key":"Anchor"},{"floor":26,"key":"Whetstone"},{"floor":27,"key":"Oddly Smooth Stone"},{"floor":28,"key":"Bottled Lightning"}],"event_choices":[{"damage_healed":0,"gold_gain":75,"player_choice":"Gather Gold","damage_taken":11,"max_hp_gain":0,"max_hp_loss":0,"event_name":"World of Goop","floor":5,"gold_loss":0},{"damage_healed":0,"gold_gain":0,"player_choice":"Ignored","damage_taken":0,"max_hp_gain":0,"max_hp_loss":0,"event_name":"Golden Wing","floor":8,"gold_loss":0},{"damage_healed":0,"gold_gain":0,"player_choice":"Read","damage_taken":0,"max_hp_gain":0,"max_hp_loss":0,"event_name":"The Library","floor":19,"gold_loss":0,"cards_obtained":["Cold Snap"]},{"damage_healed":0,"gold_gain":0,"player_choice":"Inject Mutagens","damage_taken":0,"relics_obtained":["MutagenicStrength"],"max_hp_gain":0,"max_hp_loss":0,"event_name":"Drug Dealer","floor":20,"gold_loss":0},{"damage_healed":0,"gold_gain":0,"player_choice":"Obtained Relic","damage_taken":0,"relics_obtained":["Blood Vial"],"max_hp_gain":0,"max_hp_loss":0,"event_name":"Addict","floor":22,"gold_loss":85},{"damage_healed":0,"gold_gain":0,"player_choice":"Ignored","damage_taken":0,"max_hp_gain":0,"max_hp_loss":0,"event_name":"Ghosts","floor":31,"gold_loss":0}],"is_beta":false,"boss_relics":[{"not_picked":["Tiny House","Busted Crown"],"picked":"Velvet Choker"}],"items_purged_floors":[10],"is_endless":false,"potions_floor_spawned":[2,7,12,14,18],"killed_by":"Collector","ascension_level":20}