{"gold_per_floor":[117,33,53,68,68,68,68,95,163,177,4,17,17,51,51,124,124,143,156,174,189,205,205,238,238,264,264,277,277,103,135,135,207,207,227,227,54,54,68,68,68,85,110,134,164,176,204,216,228,240],"floor_reached":50,"playtime":3933,"items_purged":["Strike_G"],"score":988,"play_id":"22c2d0e9-9593-4305-af05-52fc03e93f77","local_time":"20190706132532","is_ascension_mode":true,"campfire_choices":[{"data":"Cloak And Dagger","floor":6.0,"key":"SMITH"},{"data":"Blind","floor":13.0,"key":"SMITH"},{"data":"Neutralize","floor":15.0,"key":"SMITH"},{"floor":23.0,"key":"REST"},{"data":"Dodge and Roll","floor":27.0,"key":"SMITH"},{"floor":29.0,"key":"REST"},{"floor":32.0,"key":"REST"},{"data":"Corpse Explosion","floor":40.0,"key":"SMITH"},{"data":"Deadly Poison","floor":46.0,"key":"SMITH"},{"data":"Footwork","floor":49.0,"key":"SMITH"}],"neow_cost":"NONE","seed_source_timestamp":0,"circlet_count":0,"master_deck":["AscendersBane","Strike_G+1","Defend_G","Defend_G","Defend_G","Defend_G","Defend_G","Survivor","Neutralize+1","Dodge and Roll+1","Cloak And Dagger+1","Flying Knee","Dash+1","Footwork+1","Sucker Punch","Blind+1","Die Die Die+1","Endless Agony+1","Wraith Form v2+1","Burst+1","Acrobatics","Terror","Dash+1","Heel Hook","Die Die Die","Noxious Fumes","Deadly Poison+1","Corpse Explosion+1","PiercingWail+1","Backflip+1","Cloak And Dagger+1"],"special_seed":0,"relics":["Ring of the Snake","Lantern","Paper Crane","Art of War","Astrolabe","Whetstone","Pen Nib","Smiling Mask","Eternal Feather","MawBank"],"potions_floor_usage":[50],"damage_taken":[{"damage":2.0,"enemies":"Cultist","floor":1.0,"turns":5.0},{"damage":2.0,"enemies":"2 Louse","floor":3.0,"turns":3.0},{"damage":4.0,"enemies":"Small Slimes","floor":4.0,"turns":3.0},{"damage":10.0,"enemies":"3 Sentries","floor":8.0,"turns":9.0},{"damage":2.0,"enemies":"Exordium Thugs","floor":10.0,"turns":5.0},{"damage":0.0,"enemies":"Blue Slaver","floor":12.0,"turns":4.0},{"damage":20.0,"enemies":"Gremlin Nob","floor":14.0,"turns":5.0},{"damage":15.0,"enemies":"The Guardian","floor":16.0,"turns":20.0},{"damage":1.0,"enemies":"3 Byrds","floor":18.0,"turns":9.0},{"damage":3.0,"enemies":"Spheric Guardian","floor":19.0,"turns":6.0},{"damage":6.0,"enemies":"Shelled Parasite and Fungi","floor":20.0,"turns":13.0},{"damage":33.0,"enemies":"Sentry and Sphere","floor":21.0,"turns":10.0},{"damage":3.0,"enemies":"Snake Plant","floor":22.0,"turns":9.0},{"damage":7.0,"enemies":"Gremlin Leader","floor":24.0,"turns":7.0},{"damage":1.0,"enemies":"Shelled Parasite and Fungi","floor":28.0,"turns":6.0},{"damage":21.0,"enemies":"Book of Stabbing","floor":31.0,"turns":7.0},{"damage":9.0,"enemies":"Automaton","floor":33.0,"turns":11.0},{"damage":24.0,"enemies":"3 Darklings","floor":35.0,"turns":6.0},{"damage":1.0,"enemies":"Orb Walker","floor":39.0,"turns":5.0},{"damage":0.0,"enemies":"Nemesis","floor":41.0,"turns":1.0},{"damage":7.0,"enemies":"3 Darklings","floor":42.0,"turns":3.0},{"damage":17.0,"enemies":"Jaw Worm Horde","floor":44.0,"turns":2.0},{"damage":15.0,"enemies":"Writhing Mass","floor":45.0,"turns":8.0},{"damage":11.0,"enemies":"3 Darklings","floor":47.0,"turns":5.0},{"damage":59,"enemies":"Awakened One","floor":50,"turns":22}],"seed_played":"-654988280924637104","potions_obtained":[{"floor":4.0,"key":"Fire Potion"},{"floor":10.0,"key":"Swift Potion"},{"floor":12.0,"key":"Explosive Potion"},{"floor":20.0,"key":"Weak Potion"},{"floor":22.0,"key":"Block Potion"},{"floor":24.0,"key":"PowerPotion"}],"is_trial":false,"path_per_floor":["M","$","M","M","?","R","?","E","T","M","$","M","R","E","R","B",null,"M","M","M","M","M","R","E","?","T","R","M","R","$","E","R","B",null,"M","?","$","?","M","R","E","M","T","M","M","R","M","?","R","B"],"character_chosen":"THE_SILENT","items_purchased":["Underhanded Strike","Cloak And Dagger","Blind","GhostInAJar","Noxious Fumes","Deadly Poison","SmokeBomb","PiercingWail"],"campfire_rested":3,"item_purchase_floors":[2,2,11,30,30,30,37,37],"current_hp_per_floor":[63,63,61,57,57,57,57,47,47,45,45,45,45,25,25,10,57,56,53,47,14,11,32,25,30,30,30,29,50,50,29,50,41,64,40,40,40,40,39,54,54,47,47,30,15,33,22,59,59,0],"gold":240,"neow_bonus":"TEN_PERCENT_HP_BONUS","is_prod":false,"is_daily":false,"chose_seed":false,"campfire_upgraded":7,"win_rate":0,"timestamp":1562437532,"path_taken":["M","$","M","M","?","R","?","E","T","M","$","M","R","E","R","BOSS","M","M","M","M","M","R","E","?","T","R","?","R","$","E","R","BOSS","M","?","$","?","M","R","E","?","T","M","M","R","?","?","R","BOSS"],"build_version":"2019-07-05","purchased_purges":1,"victory":false,"max_hp_per_floor":[72,72,72,72,72,72,72,72,72,72,72,72,72,72,72,72,72,72,72,72,72,72,72,72,72,72,72,72,72,72,72,72,72,72,72,72,72,72,72,72,72,72,72,72,72,72,72,59,59,59],"card_choices":[{"not_picked":["PiercingWail","Prepared"],"picked":"Dodge and Roll","floor":1.0},{"not_picked":["Cloak And Dagger","Accuracy"],"picked":"Flying Knee","floor":3.0},{"not_picked":["Deadly Poison","Quick Slash"],"picked":"Dash","floor":4.0},{"not_picked":["PiercingWail","Cloak And Dagger"],"picked":"Footwork","floor":8.0},{"not_picked":["Deflect","Slice"],"picked":"Sucker Punch","floor":10.0},{"not_picked":["Slice","Cloak And Dagger","Deflect"],"picked":"SKIP","floor":12.0},{"not_picked":["Underhanded Strike","Bullet Time","Dodge and Roll"],"picked":"SKIP","floor":14.0},{"not_picked":["After Image","Phantasmal Killer"],"picked":"Die Die Die","floor":16.0},{"not_picked":["Sucker Punch","Endless Agony"],"picked":"Acrobatics","floor":18.0},{"not_picked":["Dash","Sucker Punch","Expertise+1"],"picked":"SKIP","floor":19.0},{"not_picked":["Eviscerate","Terror","Setup"],"picked":"SKIP","floor":20.0},{"not_picked":["Eviscerate","Setup"],"picked":"Terror","floor":20.0},{"not_picked":["Bane","Outmaneuver"],"picked":"Dash+1","floor":21.0},{"not_picked":["Setup+1","Dagger Throw"],"picked":"Heel Hook","floor":22.0},{"not_picked":["Flechettes","Poisoned Stab"],"picked":"Die Die Die","floor":24.0},{"not_picked":["Flechettes","Skewer","All Out Attack"],"picked":"SKIP","floor":28.0},{"not_picked":["Bane","Endless Agony","Unload"],"picked":"SKIP","floor":31.0},{"not_picked":["Glass Knife","Adrenaline"],"picked":"Corpse Explosion","floor":33.0},{"not_picked":["Prepared","Acrobatics","Masterful Stab"],"picked":"SKIP","floor":35.0},{"not_picked":["Prepared","Masterful Stab+1","Dagger Spray"],"picked":"SKIP","floor":39.0},{"not_picked":["Backstab","Flying Knee"],"picked":"Backflip+1","floor":42.0},{"not_picked":["Dagger Spray","PiercingWail","Venomology"],"picked":"SKIP","floor":44.0},{"not_picked":["Outmaneuver","Riddle With Holes"],"picked":"Cloak And Dagger+1","floor":45.0},{"not_picked":["Skewer+1","Poisoned Stab","Quick Slash+1"],"picked":"SKIP","floor":47.0}],"player_experience":150484,"relics_obtained":[{"floor":8.0,"key":"Lantern"},{"floor":9.0,"key":"Paper Crane"},{"floor":14.0,"key":"Art of War"},{"floor":24.0,"key":"Whetstone"},{"floor":26.0,"key":"Pen Nib"},{"floor":31.0,"key":"Smiling Mask"},{"floor":43.0,"key":"MawBank"}],"event_choices":[{"damage_healed":0.0,"max_hp_gain":0.0,"max_hp_loss":0.0,"gold_gain":0.0,"event_name":"Living Wall","player_choice":"Grow","floor":5.0,"gold_loss":0.0,"damage_taken":0.0,"cards_upgraded":["Dash"]},{"damage_healed":0.0,"max_hp_gain":0.0,"max_hp_loss":0.0,"gold_gain":0.0,"event_name":"Liars Game","player_choice":"Ignored","floor":7.0,"gold_loss":0.0,"damage_taken":0.0},{"cards_removed":["Underhanded Strike"],"damage_healed":5.0,"max_hp_gain":0.0,"max_hp_loss":0.0,"gold_gain":0.0,"event_name":"Bonfire Elementals","player_choice":"Offered Common","floor":25.0,"gold_loss":0.0,"damage_taken":0.0},{"cards_removed":["Underhanded Strike"],"damage_healed":5.0,"max_hp_gain":0.0,"max_hp_loss":0.0,"gold_gain":0.0,"event_name":"Bonfire Elementals","player_choice":"Offered Special","floor":25.0,"gold_loss":0.0,"damage_taken":0.0},{"damage_healed":0.0,"max_hp_gain":0.0,"max_hp_loss":0.0,"gold_gain":0.0,"event_name":"Tomb of Lord Red Mask","player_choice":"Ignored","floor":36.0,"gold_loss":0.0,"damage_taken":0.0},{"damage_healed":0.0,"max_hp_gain":0.0,"max_hp_loss":0.0,"gold_gain":0.0,"event_name":"Upgrade Shrine","player_choice":"Upgraded","floor":38.0,"gold_loss":0.0,"damage_taken":0.0,"cards_upgraded":["PiercingWail"]},{"damage_healed":59.0,"max_hp_gain":0.0,"max_hp_loss":13.0,"gold_gain":0.0,"event_name":"The Moai Head","player_choice":"Heal","floor":48.0,"gold_loss":0.0,"damage_taken":0.0}],"is_beta":false,"boss_relics":[{"not_picked":["HoveringKite","Black Star"],"picked":"Astrolabe"},{"not_picked":["White Beast Statue","Runic Dome"],"picked":"Eternal Feather"}],"items_purged_floors":[11],"is_endless":false,"potions_floor_spawned":[4,10,12,20,22,24,28,31,39,41],"killed_by":"Awakened One","ascension_level":16}