{"path_per_floor":["M","M","M","?","M","E","?","R","T","M","R","M","R","M","R","B",null,"M","?","$","M","M","E","M","M","T","R","?","R","?","M","R"],"character_chosen":"THE_SILENT","items_purchased":["Paper Crane","Prepared"],"gold_per_floor":[113,126,146,146,165,199,199,199,199,213,213,226,226,246,246,351,351,366,366,1,16,35,63,79,96,123,123,123,123,123,140,140],"floor_reached":33,"campfire_rested":1,"playtime":3675,"current_hp_per_floor":[66,61,61,47,35,40,28,28,28,28,28,28,28,28,49,10,70,69,69,69,69,54,35,23,19,19,19,19,19,42,41,41],"items_purged":["Strike_G"],"gold":140,"play_id":"f32b9af2-7e0d-4de3-a841-7030080117e4","is_prod":false,"is_daily":false,"is_ascension_mode":false,"campfire_upgraded":6,"path_taken":["M","M","M","?","?","E","?","R","T","M","R","M","R","M","R","BOSS","M","?","$","M","M","E","?","?","T","R","?","R","?","M","R","BOSS"],"build_version":"2018-01-25-PROD3","purchased_purges":1,"victory":false,"master_deck":["Defend_G","Defend_G","Defend_G","Defend_G","Defend_G","Strike_G","Strike_G","Strike_G","Strike_G+1","Survivor+1","Neutralize+1","Blur+1","PiercingWail","Flying Knee","Backflip","Backflip","Blade Dance+1","Burst+1","Blade Dance+1","Prepared","Finisher","Accuracy+1","Leg Sweep+1","Prepared","Tools of the Trade","Cloak And Dagger+1"],"max_hp_per_floor":[70,70,70,70,70,70,70,70,70,70,70,70,70,70,70,70,70,70,70,70,70,70,70,70,70,70,70,70,70,70,70,70],"relics":["Ring of the Snake","Bag of Preparation","Torii","Darkstone Periapt","Philosopher\u0027s Stone","Paper Crane","Dodecahedron","Juzu Bracelet"],"card_choices":[{"not_picked":["Slice","Riddle With Holes"],"picked":"Blur"},{"not_picked":["Bane","Acrobatics"],"picked":"PiercingWail"},{"not_picked":["Unload","Dagger Throw"],"picked":"Flying Knee"},{"not_picked":["Choke","Skewer"],"picked":"Backflip"},{"not_picked":["Catalyst","Outmaneuver"],"picked":"Backflip"},{"not_picked":["Deflect","Backflip"],"picked":"Blade Dance"},{"not_picked":["Night Terror","Tools of the Trade"],"picked":"Burst"},{"not_picked":["All Out Attack","Malaise"],"picked":"Blade Dance"},{"not_picked":["Underhanded Strike","Distraction"],"picked":"Finisher"},{"not_picked":["PiercingWail","Bane"],"picked":"Accuracy"},{"not_picked":["Blur","Dagger Throw"],"picked":"Leg Sweep"},{"not_picked":["Outmaneuver","Bane"],"picked":"Prepared"},{"not_picked":["Bane","Accuracy"],"picked":"Cloak And Dagger"}],"player_experience":304026,"potions_floor_usage":[6,6,6,16,21,22,22,23,33],"damage_taken":[{"damage":4,"enemies":"Jaw Worm","floor":1,"turns":6},{"damage":5,"enemies":"Small Slimes","floor":2,"turns":7},{"damage":0,"enemies":"2 Louse","floor":3,"turns":3},{"damage":12,"enemies":"Gremlin Gang","floor":5,"turns":6},{"damage":7,"enemies":"Gremlin Nob","floor":6,"turns":4},{"damage":0,"enemies":"Looter","floor":10,"turns":4},{"damage":0,"enemies":"Exordium Wildlife","floor":12,"turns":3},{"damage":0,"enemies":"Large Slime","floor":14,"turns":6},{"damage":39,"enemies":"The Guardian","floor":16,"turns":15},{"damage":1,"enemies":"Shell Parasite","floor":18,"turns":7},{"damage":0,"enemies":"Chosen","floor":21,"turns":5},{"damage":19,"enemies":"Centurion and Healer","floor":22,"turns":19},{"damage":19,"enemies":"Slavers","floor":23,"turns":9},{"damage":12,"enemies":"Slaver and Parasite","floor":24,"turns":6},{"damage":4,"enemies":"Snake Plant","floor":25,"turns":6},{"damage":1,"enemies":"Centurion and Healer","floor":31,"turns":6},{"damage":50,"enemies":"Automaton","floor":33,"turns":6}],"event_choices":[{"event_name":"Shining Light","player_choice":"Entered Light","floor":4,"damage_taken":0},{"event_name":"Scrap Ooze","player_choice":"success","floor":7,"damage_taken":12},{"event_name":"The Lab","player_choice":"Got Potions","floor":19,"damage_taken":0},{"event_name":"Match and Keep!","player_choice":"1 cards matched","floor":28,"damage_taken":0},{"event_name":"The Library","player_choice":"Heal","floor":30,"damage_taken":0}],"boss_relics":[{"not_picked":["Black Star","Lizard Tail"],"picked":"Philosopher\u0027s Stone"}],"potions_floor_spawned":[2,3,5,10,22,23,24],"seed_played":"7201735349473188359","killed_by":"Automaton","ascension_level":0,"is_trial":false}