{"gold_per_floor":[114,44,9,21,37,37,102,120,120,120,120,120,131,143,143,246,246,261,275,289,82,94,94,94,94,118,147,147,72,72],"floor_reached":30,"playtime":1136,"items_purged":[],"score":252,"play_id":"a14bcb14-7039-4355-90d7-99816636bc0e","local_time":"20190703170323","is_ascension_mode":false,"campfire_choices":[{"data":"Sunder","floor":6,"key":"SMITH"},{"data":"Streamline","floor":10,"key":"SMITH"},{"data":"Go for the Eyes","floor":12,"key":"SMITH"},{"floor":15,"key":"REST"},{"floor":23,"key":"REST"},{"floor":28,"key":"REST"}],"neow_cost":"PERCENT_DAMAGE","seed_source_timestamp":1026547183652338,"circlet_count":0,"master_deck":["Strike_B","Strike_B","Defend_B","Defend_B","Defend_B","Defend_B","Zap","Dualcast","Go for the Eyes+1","Recycle","Sunder+1","Capacitor","Leap","Doom and Gloom+1","Streamline+1","Electrodynamics","Leap+1","Reinforced Body","Electrodynamics","Rip and Tear","Genetic Algorithm"],"relics":["Cracked Core","Tiny Chest","Vajra","DollysMirror","Ancient Tea Set","Darkstone Periapt"],"potions_floor_usage":[22,24,25,30],"damage_taken":[{"damage":1,"enemies":"Cultist","floor":1,"turns":3},{"damage":3,"enemies":"Jaw Worm","floor":4,"turns":3},{"damage":0,"enemies":"2 Louse","floor":5,"turns":2},{"damage":22,"enemies":"Lagavulin","floor":7,"turns":8},{"damage":5,"enemies":"Exordium Thugs","floor":8,"turns":3},{"damage":4,"enemies":"Blue Slaver","floor":13,"turns":2},{"damage":0,"enemies":"2 Fungi Beasts","floor":14,"turns":2},{"damage":33,"enemies":"Slime Boss","floor":16,"turns":9},{"damage":6,"enemies":"Chosen","floor":18,"turns":4},{"damage":14,"enemies":"2 Thieves","floor":19,"turns":4},{"damage":3,"enemies":"Snecko","floor":20,"turns":4},{"damage":44,"enemies":"Centurion and Healer","floor":22,"turns":8},{"damage":0,"enemies":"Snake Plant","floor":25,"turns":1},{"damage":22,"enemies":"Gremlin Leader","floor":27,"turns":6},{"damage":53,"enemies":"Book of Stabbing","floor":30,"turns":5}],"seed_played":"4915830389619940316","potions_obtained":[{"floor":4,"key":"GamblersBrew"},{"floor":13,"key":"FearPotion"},{"floor":16,"key":"Regen Potion"},{"floor":24,"key":"Block Potion"},{"floor":24,"key":"Fruit Juice"},{"floor":24,"key":"SmokeBomb"}],"is_trial":false,"path_per_floor":["M","$","?","M","M","R","E","M","T","R","?","R","M","M","R","B",null,"M","M","M","$","M","R","?","M","T","E","R","$","E"],"character_chosen":"DEFECT","items_purchased":["Capacitor","DollysMirror","Genetic Algorithm"],"campfire_rested":3,"item_purchase_floors":[2,21,29],"current_hp_per_floor":[53,53,71,68,68,68,46,41,41,41,41,41,37,37,59,26,75,69,55,52,52,23,45,50,50,50,28,52,52,0],"gold":72,"neow_bonus":"TRANSFORM_TWO_CARDS","is_prod":false,"is_daily":false,"chose_seed":false,"campfire_upgraded":3,"win_rate":0,"timestamp":1562198603,"path_taken":["M","$","?","M","M","R","E","M","T","R","?","R","M","M","R","BOSS","M","M","M","$","M","R","?","M","T","E","R","?","E"],"build_version":"2019-07-01","purchased_purges":0,"victory":false,"max_hp_per_floor":[75,75,75,75,75,75,75,75,75,75,75,75,75,75,75,75,75,75,75,75,75,75,75,80,80,80,80,80,80,80],"card_choices":[{"not_picked":["Cold Snap","Fusion"],"picked":"Sunder","floor":1},{"not_picked":["Coolheaded","Compile Driver"],"picked":"Leap","floor":4},{"not_picked":["Cold Snap","Hologram"],"picked":"Doom and Gloom","floor":5},{"not_picked":["Go for the Eyes","Stack","Sunder"],"picked":"SKIP","floor":7},{"not_picked":["Reprogram","Barrage"],"picked":"Streamline","floor":8},{"not_picked":["Force Field","Scrape","Rebound"],"picked":"SKIP","floor":13},{"not_picked":["Fusion","Beam Cell","Stack"],"picked":"SKIP","floor":14},{"not_picked":["Machine Learning","Buffer"],"picked":"Electrodynamics","floor":16},{"not_picked":["Barrage","Redo","Hologram"],"picked":"SKIP","floor":18},{"not_picked":["Chaos","Cold Snap+1"],"picked":"Leap+1","floor":19},{"not_picked":["Cold Snap","Rebound"],"picked":"Reinforced Body","floor":20},{"not_picked":["Fusion","Redo","Lockon"],"picked":"SKIP","floor":22},{"not_picked":["Hologram","Hello World"],"picked":"Rip and Tear","floor":27}],"player_experience":623797,"relics_obtained":[{"floor":7,"key":"Tiny Chest"},{"floor":9,"key":"Vajra"},{"floor":26,"key":"Ancient Tea Set"},{"floor":27,"key":"Darkstone Periapt"}],"event_choices":[{"damage_healed":18,"gold_gain":0,"player_choice":"Healed","damage_taken":0,"max_hp_gain":0,"max_hp_loss":0,"event_name":"The Cleric","floor":3,"gold_loss":35},{"damage_healed":0,"gold_gain":0,"player_choice":"Grow","damage_taken":0,"max_hp_gain":0,"max_hp_loss":0,"event_name":"Living Wall","floor":11,"gold_loss":0,"cards_upgraded":["Doom and Gloom"]},{"damage_healed":0,"gold_gain":0,"player_choice":"Got Potions","damage_taken":0,"max_hp_gain":0,"max_hp_loss":0,"event_name":"Lab","floor":24,"gold_loss":0}],"is_beta":false,"boss_relics":[{"not_picked":["Cursed Key","Pandora\u0027s Box","Fusion Hammer"]}],"items_purged_floors":[],"is_endless":false,"potions_floor_spawned":[4,13,16,20,25],"killed_by":"Book of Stabbing","ascension_level":0}