{"path_per_floor":["M","M","?","?","?","R","E","M","T","$","R","E","R","M","R","B",null,"M","?","M","$","M","R"],"character_chosen":"DEFECT","items_purchased":["Gremlin Horn","Capacitor"],"gold_per_floor":[115,135,210,310,310,310,338,356,411,12,12,45,45,57,57,153,153,170,170,182,82,99,99,99],"floor_reached":24,"campfire_rested":1,"playtime":1103,"item_purchase_floors":[10,10],"current_hp_per_floor":[73,65,54,54,54,54,47,47,47,47,47,6,28,24,24,14,75,67,67,42,42,27,27,0],"items_purged":["Strike_B","Strike_B"],"gold":99,"score":214,"play_id":"f06f5217-57b4-4ea2-bceb-10faccac4ae8","local_time":"20180603200743","is_prod":false,"is_daily":false,"chose_seed":false,"is_ascension_mode":true,"campfire_upgraded":4,"win_rate":0,"timestamp":1528052863,"campfire_choices":[{"data":"Zap","floor":6,"key":"SMITH"},{"data":"Chaos","floor":11,"key":"SMITH"},{"floor":13,"key":"REST"},{"data":"Streamline","floor":15,"key":"SMITH"},{"data":"Loop","floor":23,"key":"SMITH"}],"path_taken":["M","M","?","?","?","R","E","M","T","$","R","E","R","M","R","BOSS","M","?","M","$","M","R","E"],"build_version":"2018-05-31","seed_source_timestamp":21775669992021,"purchased_purges":2,"victory":false,"master_deck":["Strike_B","Strike_B","Defend_B","Defend_B","Defend_B","Defend_B+1","Zap+1","Dualcast+1","Cold Snap","Go for the Eyes","Chaos+1","Leap","Capacitor","Streamline+1","Loop+1","Sweeping Beam"],"max_hp_per_floor":[75,75,75,75,75,75,75,75,75,75,75,75,75,75,75,75,75,75,75,75,75,75,75,75],"relics":["Cracked Core","Art of War","War Paint","Gremlin Horn","Ancient Tea Set","Sozu"],"card_choices":[{"not_picked":["Gash","Hologram"],"picked":"Cold Snap","floor":1},{"not_picked":["Stack","Turbo"],"picked":"Go for the Eyes","floor":2},{"not_picked":["Creative AI","Turbo"],"picked":"Chaos","floor":7},{"not_picked":["Coolheaded","Gash"],"picked":"Leap","floor":8},{"not_picked":["Conserve Battery","Hologram"],"picked":"Streamline","floor":12},{"not_picked":["Force Field","Hologram","Fission"],"picked":"SKIP","floor":14},{"not_picked":["Streamline","Steam Power+1","Turbo"],"picked":"SKIP","floor":18},{"not_picked":["Darkness+1","Barrage+1"],"picked":"Loop","floor":20},{"not_picked":["Blizzard","BootSequence"],"picked":"Sweeping Beam","floor":22}],"player_experience":616826,"potions_floor_usage":[16,24],"damage_taken":[{"damage":2,"enemies":"Small Slimes","floor":1,"turns":3},{"damage":8,"enemies":"Jaw Worm","floor":2,"turns":4},{"damage":7,"enemies":"3 Sentries","floor":7,"turns":9},{"damage":0,"enemies":"Cultist","floor":8,"turns":3},{"damage":41,"enemies":"Gremlin Nob","floor":12,"turns":5},{"damage":4,"enemies":"Blue Slaver","floor":14,"turns":4},{"damage":10,"enemies":"Slime Boss","floor":16,"turns":9},{"damage":8,"enemies":"Chosen","floor":18,"turns":6},{"damage":25,"enemies":"3 Byrds","floor":20,"turns":6},{"damage":15,"enemies":"Centurion and Healer","floor":22,"turns":17},{"damage":27,"enemies":"Slavers","floor":24,"turns":3}],"relics_obtained":[{"floor":7,"key":"Art of War"},{"floor":9,"key":"War Paint"},{"floor":12,"key":"Ancient Tea Set"}],"event_choices":[{"event_name":"World of Goop","player_choice":"Gather Gold","floor":3,"damage_taken":0},{"event_name":"Golden Shrine","player_choice":"Pray","floor":4,"damage_taken":0},{"event_name":"Liars Game","player_choice":"disagreed","floor":5,"damage_taken":0},{"event_name":"Ghosts","player_choice":"Ignored","floor":19,"damage_taken":0}],"boss_relics":[{"not_picked":["Calling Bell","White Beast Statue"],"picked":"Sozu"}],"items_purged_floors":[10,21],"potions_floor_spawned":[8,12,16,22],"seed_played":"-4477934587484483834","killed_by":"Slavers","ascension_level":1,"potions_obtained":[{"floor":8,"key":"Ancient Potion"},{"floor":12,"key":"Weak Potion"},{"floor":16,"key":"SkillPotion"}],"is_trial":false}