{"gold_per_floor":[112,112,112,112,132,132,159,159,159,176,207,207,220,234,234,234],"floor_reached":16,"playtime":541,"items_purged":[],"score":215,"play_id":"47eba064-db0d-4d3b-93be-300366e55470","local_time":"20190117012221","is_ascension_mode":true,"campfire_choices":[{"data":"Bash","floor":6,"key":"SMITH"},{"floor":8,"key":"REST"},{"data":"Armaments","floor":12,"key":"SMITH"},{"floor":15,"key":"REST"}],"neow_cost":"NONE","seed_source_timestamp":53263676224312,"circlet_count":0,"master_deck":["AscendersBane","Strike_R","Strike_R","Strike_R","Strike_R","Strike_R","Defend_R","Defend_R","Defend_R","Bash+1","Sword Boomerang","Shrug It Off","Headbutt","Armaments+1","Iron Wave"],"relics":["Burning Blood","Pen Nib","Bronze Scales","Art of War","Singing Bowl","Anchor"],"potions_floor_usage":[13,16],"damage_taken":[{"damage":16,"enemies":"Jaw Worm","floor":1,"turns":5},{"damage":4,"enemies":"Small Slimes","floor":5,"turns":3},{"damage":50,"enemies":"3 Sentries","floor":7,"turns":9},{"damage":9,"enemies":"2 Louse","floor":10,"turns":2},{"damage":24,"enemies":"Lagavulin","floor":11,"turns":6},{"damage":2,"enemies":"Lots of Slimes","floor":13,"turns":4},{"damage":10,"enemies":"Gremlin Gang","floor":14,"turns":4},{"damage":49,"enemies":"Hexaghost","floor":16,"turns":9}],"seed_played":"-1337348459924879256","potions_obtained":[{"floor":5,"key":"Weak Potion"},{"floor":11,"key":"Regen Potion"}],"is_trial":false,"path_per_floor":["M","?","?","?","M","R","E","R","T","M","E","R","M","M","R","B"],"character_chosen":"IRONCLAD","items_purchased":[],"campfire_rested":2,"item_purchase_floors":[],"current_hp_per_floor":[58,58,51,51,53,53,9,31,31,28,10,10,26,24,47,0],"gold":234,"neow_bonus":"RANDOM_COMMON_RELIC","is_prod":false,"is_daily":false,"chose_seed":false,"campfire_upgraded":2,"win_rate":0,"timestamp":1547688141,"path_taken":["M","?","?","?","?","R","E","R","T","M","E","R","?","M","R","BOSS"],"build_version":"2019-01-10","purchased_purges":0,"victory":false,"max_hp_per_floor":[75,75,75,75,75,75,75,75,75,75,75,75,75,77,77,77],"card_choices":[{"not_picked":["Second Wind","Warcry"],"picked":"True Grit","floor":1},{"not_picked":["Heavy Blade","Perfected Strike"],"picked":"Sword Boomerang","floor":5},{"not_picked":["Headbutt","Clash"],"picked":"Shrug It Off","floor":7},{"not_picked":["Wild Strike","Disarm"],"picked":"Headbutt","floor":10},{"not_picked":["Anger","Dual Wield"],"picked":"Armaments","floor":11},{"not_picked":["Sentinel","Cleave"],"picked":"Iron Wave","floor":13},{"not_picked":["Anger","True Grit","Havoc"],"picked":"Singing Bowl","floor":14}],"player_experience":1158850,"relics_obtained":[{"floor":7,"key":"Art of War"},{"floor":9,"key":"Singing Bowl"},{"floor":11,"key":"Anchor"}],"event_choices":[{"damage_healed":0,"gold_gain":0,"player_choice":"Ignored","damage_taken":0,"max_hp_gain":0,"max_hp_loss":0,"event_name":"Liars Game","floor":2,"gold_loss":0},{"cards_removed":["Defend_R"],"damage_healed":0,"gold_gain":0,"player_choice":"Card Removal","damage_taken":7,"max_hp_gain":0,"max_hp_loss":0,"event_name":"Golden Wing","floor":3,"gold_loss":0},{"cards_removed":["True Grit"],"damage_healed":0,"gold_gain":0,"player_choice":"Gave Card","damage_taken":0,"relics_obtained":["Bronze Scales"],"max_hp_gain":0,"max_hp_loss":0,"event_name":"WeMeetAgain","floor":4,"gold_loss":0}],"is_beta":false,"boss_relics":[],"items_purged_floors":[],"is_endless":false,"potions_floor_spawned":[5,11],"killed_by":"Hexaghost","ascension_level":19}