{"gold_per_floor":[12,30,50,0,11,11,30,30,30,56,56,56,56,69,69,168,168,179,189,114,114,124,124],"floor_reached":23,"playtime":1235,"items_purged":["Defend_R"],"score":241,"play_id":"2e1c8645-f83c-4fe4-9bf1-5c87a2f3f5a3","local_time":"20190117211813","is_ascension_mode":true,"campfire_choices":[{"data":"Trip","floor":6,"key":"SMITH"},{"data":"Bash","floor":8,"key":"SMITH"},{"floor":11,"key":"REST"},{"floor":15,"key":"REST"}],"neow_cost":"NO_GOLD","seed_source_timestamp":712182934118834,"circlet_count":0,"master_deck":["Strike_R","Strike_R","Strike_R","Strike_R","Defend_R+1","Defend_R","Defend_R","Bash+1","PanicButton","Trip+1","Headbutt","Warcry+1","Shrug It Off","Double Tap","Flex+1"],"relics":["Burning Blood","Letter Opener","Happy Flower","Sozu","CultistMask"],"potions_floor_usage":[],"damage_taken":[{"damage":7,"enemies":"Jaw Worm","floor":1,"turns":3},{"damage":8,"enemies":"2 Louse","floor":2,"turns":4},{"damage":1,"enemies":"Cultist","floor":3,"turns":4},{"damage":0,"enemies":"Exordium Wildlife","floor":5,"turns":4},{"damage":11,"enemies":"2 Fungi Beasts","floor":7,"turns":5},{"damage":50,"enemies":"Lagavulin","floor":10,"turns":7},{"damage":9,"enemies":"Looter","floor":14,"turns":3},{"damage":62,"enemies":"Slime Boss","floor":16,"turns":14},{"damage":4,"enemies":"Chosen","floor":18,"turns":4},{"damage":16,"enemies":"3 Byrds","floor":19,"turns":5},{"damage":0,"enemies":"Centurion and Healer","floor":22,"turns":6},{"damage":62,"enemies":"Book of Stabbing","floor":23,"turns":5}],"seed_played":"-8402612749103415131","potions_obtained":[{"floor":7,"key":"Weak Potion"},{"floor":14,"key":"FairyPotion"}],"is_trial":false,"path_per_floor":["M","M","M","?","M","R","M","R","T","E","R","$","?","M","R","B",null,"M","M","$","?","M","E"],"character_chosen":"IRONCLAD","items_purchased":[],"campfire_rested":2,"item_purchase_floors":[],"current_hp_per_floor":[79,77,80,80,80,80,75,75,75,31,55,55,39,36,60,14,64,66,56,56,56,62,0],"gold":124,"neow_bonus":"RANDOM_COLORLESS_2","is_prod":false,"is_daily":false,"chose_seed":false,"campfire_upgraded":2,"win_rate":0,"timestamp":1547756293,"path_taken":["M","M","M","?","M","R","M","R","T","E","R","$","?","M","R","BOSS","M","M","$","?","?","E"],"build_version":"2019-01-10","purchased_purges":1,"victory":false,"max_hp_per_floor":[80,80,80,80,80,80,80,80,80,80,80,80,80,80,80,80,80,80,80,80,80,80,80],"card_choices":[{"not_picked":["Flex","Thunderclap","Anger"],"picked":"SKIP","floor":1},{"not_picked":["Thunderclap","Wild Strike","Armaments"],"picked":"SKIP","floor":2},{"not_picked":["Twin Strike","Blood for Blood"],"picked":"Headbutt","floor":3},{"not_picked":["Body Slam","Pommel Strike","Power Through"],"picked":"SKIP","floor":5},{"not_picked":["Disarm","Thunderclap","Dropkick"],"picked":"SKIP","floor":7},{"not_picked":["Armaments","Burning Pact"],"picked":"Warcry","floor":10},{"not_picked":["Warcry","Sword Boomerang"],"picked":"Shrug It Off","floor":14},{"not_picked":["Demon Form","Exhume"],"picked":"Double Tap","floor":16},{"not_picked":["Iron Wave","Sword Boomerang"],"picked":"Flex+1","floor":18},{"not_picked":["Sever Soul","Cleave","Thunderclap"],"picked":"SKIP","floor":19},{"not_picked":["Heavy Blade","Wild Strike","Second Wind"],"picked":"SKIP","floor":22}],"player_experience":147602,"relics_obtained":[{"floor":9,"key":"Letter Opener"},{"floor":10,"key":"Happy Flower"}],"event_choices":[{"cards_removed":["Strike_R"],"damage_healed":0,"gold_gain":0,"player_choice":"Card Removal","damage_taken":0,"max_hp_gain":0,"max_hp_loss":0,"event_name":"The Cleric","floor":4,"gold_loss":50},{"damage_healed":0,"gold_gain":0,"player_choice":"Entered Light","damage_taken":16,"max_hp_gain":0,"max_hp_loss":0,"event_name":"Shining Light","floor":13,"gold_loss":0,"cards_upgraded":["Warcry","Defend_R"]},{"damage_healed":0,"gold_gain":0,"player_choice":"Trade","damage_taken":0,"relics_obtained":["CultistMask"],"max_hp_gain":0,"max_hp_loss":0,"event_name":"FaceTrader","floor":21,"gold_loss":0}],"is_beta":false,"boss_relics":[{"not_picked":["Black Blood","Snecko Eye"],"picked":"Sozu"}],"items_purged_floors":[20],"is_endless":false,"potions_floor_spawned":[7,14,22],"killed_by":"Book of Stabbing","ascension_level":5}