{"gold_per_floor":[124,146,158,345,357,400,429,467,479,501,513,525,537,567,579,689,701,729,754,782,794],"floor_reached":21,"playtime":1216,"items_purged":[],"score":191,"play_id":"6c8f127f-65f7-485d-b80a-efb9b04312d5","local_time":"20190706232511","is_ascension_mode":false,"campfire_choices":[{"data":"Havoc","floor":12,"key":"SMITH"},{"data":"Spot Weakness","floor":15,"key":"SMITH"}],"neow_cost":"NONE","seed_source_timestamp":625947749628894,"circlet_count":0,"master_deck":["Strike_R+1","Strike_R+1","Strike_R+1","Strike_R+1","Strike_R","Defend_R","Defend_R","Defend_R","Defend_R","Bash","Second Wind","Ghostly Armor","Spot Weakness+1","Seeing Red","Havoc+1","Normality","Anger","Offering","Clothesline","Offering"],"relics":["Burning Blood","MawBank","Whetstone","Paper Frog","Pen Nib","Coffee Dripper"],"potions_floor_usage":[14,16],"damage_taken":[{"damage":0,"enemies":"Small Slimes","floor":1,"turns":3},{"damage":2,"enemies":"2 Louse","floor":2,"turns":4},{"damage":30,"enemies":"3 Sentries","floor":6,"turns":12},{"damage":1,"enemies":"Jaw Worm","floor":7,"turns":4},{"damage":35,"enemies":"Lagavulin","floor":8,"turns":9},{"damage":5,"enemies":"Looter","floor":10,"turns":3},{"damage":0,"enemies":"3 Louse","floor":14,"turns":2},{"damage":18,"enemies":"Slime Boss","floor":16,"turns":6},{"damage":11,"enemies":"Chosen","floor":18,"turns":2},{"damage":20,"enemies":"3 Byrds","floor":19,"turns":6},{"damage":36,"enemies":"Cultist and Chosen","floor":20,"turns":5},{"damage":29,"enemies":"3 Cultists","floor":21,"turns":4}],"seed_played":"-7296447530824217660","potions_obtained":[{"floor":6,"key":"FearPotion"},{"floor":8,"key":"Explosive Potion"},{"floor":14,"key":"Strength Potion"},{"floor":19,"key":"Strength Potion"},{"floor":20,"key":"LiquidBronze"}],"is_trial":false,"path_per_floor":["M","M","?","?","?","E","M","E","T","M","?","R","?","M","R","B",null,"M","M","M","M"],"character_chosen":"IRONCLAD","items_purchased":[],"campfire_rested":0,"item_purchase_floors":[],"current_hp_per_floor":[80,80,64,64,57,33,38,9,9,10,30,30,30,36,36,24,77,72,58,28,0],"gold":794,"neow_bonus":"RANDOM_COMMON_RELIC","is_prod":false,"is_daily":false,"chose_seed":false,"campfire_upgraded":2,"win_rate":0,"timestamp":1562423111,"path_taken":["M","M","?","?","?","E","?","E","T","M","?","R","?","M","R","BOSS","M","M","M","M"],"build_version":"2019-07-05","purchased_purges":0,"victory":false,"max_hp_per_floor":[80,80,80,80,80,80,80,80,80,80,80,80,77,77,77,77,77,77,77,77,77],"card_choices":[{"not_picked":["Wild Strike","Reckless Charge","Sword Boomerang"],"picked":"SKIP","floor":1},{"not_picked":["Headbutt","Clash"],"picked":"Second Wind","floor":2},{"not_picked":["Anger","Wild Strike"],"picked":"Ghostly Armor","floor":6},{"not_picked":["Disarm","Anger"],"picked":"Spot Weakness","floor":7},{"not_picked":["Perfected Strike","Fiend Fire"],"picked":"Seeing Red","floor":8},{"not_picked":["Headbutt","Pommel Strike"],"picked":"Havoc","floor":10},{"not_picked":["Sever Soul","True Grit"],"picked":"Anger","floor":14},{"not_picked":["Brutality","Double Tap"],"picked":"Offering","floor":16},{"not_picked":["Clash","Wild Strike"],"picked":"Clothesline","floor":18},{"not_picked":["Warcry","Heavy Blade","Wild Strike"],"picked":"SKIP","floor":19},{"not_picked":["Sword Boomerang+1","Shockwave+1"],"picked":"Offering","floor":20}],"player_experience":75572,"relics_obtained":[{"floor":6,"key":"Whetstone"},{"floor":8,"key":"Paper Frog"},{"floor":9,"key":"Pen Nib"}],"event_choices":[{"damage_healed":0,"gold_gain":0,"player_choice":"Entered Light","damage_taken":16,"max_hp_gain":0,"max_hp_loss":0,"event_name":"Shining Light","floor":3,"gold_loss":0,"cards_upgraded":["Strike_R","Strike_R"]},{"damage_healed":0,"gold_gain":175,"player_choice":"AGREE","damage_taken":0,"max_hp_gain":0,"max_hp_loss":0,"event_name":"Liars Game","floor":4,"gold_loss":0,"cards_obtained":["Doubt"]},{"cards_removed":["Doubt"],"damage_healed":0,"gold_gain":0,"player_choice":"Card Removal","damage_taken":7,"max_hp_gain":0,"max_hp_loss":0,"event_name":"Golden Wing","floor":5,"gold_loss":0},{"damage_healed":20,"gold_gain":0,"player_choice":"Healed and dodged fight","damage_taken":0,"max_hp_gain":0,"max_hp_loss":0,"event_name":"Mushrooms","floor":11,"gold_loss":0,"cards_obtained":["Parasite"]},{"damage_healed":0,"gold_gain":0,"cards_transformed":["Parasite"],"player_choice":"Change","damage_taken":0,"max_hp_gain":0,"max_hp_loss":0,"event_name":"Living Wall","floor":13,"gold_loss":0,"cards_obtained":["Normality"]}],"is_beta":false,"boss_relics":[{"not_picked":["Runic Cube","Fusion Hammer"],"picked":"Coffee Dripper"}],"items_purged_floors":[],"is_endless":false,"potions_floor_spawned":[6,8,14,19,20],"killed_by":"3 Cultists","ascension_level":0}