{"gold_per_floor":[19,19,19,38,38,38,69,69,120,120,130,201,201,201,201,300,300,316,316,316,328,101,101,136,147,147,167,167,201,201,201,201,304,304,318,329,329,329,195,195,595,609,609,636,654,679,283,307,307,307,307,307,46,71,71],"floor_reached":55,"playtime":3458,"items_purged":["Bite"],"score":857,"play_id":"c69ef5c9-c2ec-4d4d-8597-8fd39d6296b7","local_time":"20190515164942","is_ascension_mode":false,"campfire_choices":[{"data":"Bash","floor":6,"key":"SMITH"},{"data":"Iron Wave","floor":8,"key":"SMITH"},{"data":"Shrug It Off","floor":10,"key":"SMITH"},{"data":"Clothesline","floor":15,"key":"SMITH"},{"data":"Disarm","floor":23,"key":"SMITH"},{"floor":30,"key":"RECALL"},{"data":"Bite","floor":32,"key":"SMITH"},{"data":"Limit Break","floor":40,"key":"SMITH"},{"data":"Heavy Blade","floor":49,"key":"SMITH"},{"data":"Offering","floor":52,"key":"SMITH"}],"neow_cost":"NO_GOLD","seed_source_timestamp":913468044668800,"circlet_count":0,"master_deck":["Defend_R+1","Defend_R+1","Defend_R+1","Bash+1","Disarm+1","Shrug It Off+1","Iron Wave+1","Clothesline+1","Reaper","Bite+1","Bite","Bite","Bite","Anger+1","Offering+1","Limit Break+1","Iron Wave+1","Deep Breath","Shrug It Off","Flash of Steel","Pommel Strike+1","Sword Boomerang+1","Heavy Blade+1"],"relics":["Burning Blood","FossilizedHelix","Torii","Magic Flower","Coffee Dripper","Lantern","Mango","Shuriken","Calipers","Dodecahedron","Nilry\u0027s Codex","White Beast Statue","Old Coin","Meat on the Bone","Champion Belt","MawBank","Kunai","Orichalcum","PreservedInsect","Bottled Flame","Art of War"],"potions_floor_usage":[7,29,29,33,36,44,46,55,55,55],"damage_taken":[{"damage":0,"enemies":"Small Slimes","floor":1,"turns":4},{"damage":2,"enemies":"Cultist","floor":4,"turns":4},{"damage":6,"enemies":"3 Sentries","floor":7,"turns":12},{"damage":0,"enemies":"2 Louse","floor":11,"turns":3},{"damage":8,"enemies":"The Guardian","floor":16,"turns":17},{"damage":11,"enemies":"Spheric Guardian","floor":18,"turns":5},{"damage":1,"enemies":"Shell Parasite","floor":21,"turns":6},{"damage":0,"enemies":"Book of Stabbing","floor":24,"turns":8},{"damage":0,"enemies":"Chosen and Byrds","floor":25,"turns":6},{"damage":0,"enemies":"Cultist and Chosen","floor":27,"turns":6},{"damage":2,"enemies":"Slavers","floor":29,"turns":6},{"damage":25,"enemies":"Automaton","floor":33,"turns":8},{"damage":0,"enemies":"Orb Walker","floor":35,"turns":3},{"damage":0,"enemies":"3 Shapes","floor":36,"turns":4},{"damage":6,"enemies":"Mind Bloom Boss Battle","floor":41,"turns":5},{"damage":11,"enemies":"Spire Growth","floor":42,"turns":3},{"damage":16,"enemies":"Reptomancer","floor":44,"turns":6},{"damage":6,"enemies":"Jaw Worm Horde","floor":45,"turns":4},{"damage":0,"enemies":"Giant Head","floor":46,"turns":5},{"damage":24,"enemies":"Awakened One","floor":50,"turns":9},{"damage":31,"enemies":"Shield and Spear","floor":54,"turns":5},{"damage":119,"enemies":"The Heart","floor":55,"turns":9}],"seed_played":"-7984619755853992115","potions_obtained":[{"floor":1,"key":"Block Potion"},{"floor":4,"key":"EssenceOfSteel"},{"floor":21,"key":"SkillPotion"},{"floor":24,"key":"FearPotion"},{"floor":25,"key":"Strength Potion"},{"floor":35,"key":"AttackPotion"},{"floor":36,"key":"BloodPotion"},{"floor":41,"key":"GamblersBrew"},{"floor":42,"key":"Block Potion"},{"floor":44,"key":"BloodPotion"},{"floor":45,"key":"Ancient Potion"},{"floor":46,"key":"SpeedPotion"}],"is_trial":false,"path_per_floor":["M","?","?","M","?","R","E","R","T","R","M","?","?","T","R","B",null,"M","?","?","M","$","R","E","M","T","M","?","E","R","?","R","B",null,"M","M","?","?","$","R","?","M","T","E","M","E","$","T","R","B",null,"R","$","E","B"],"character_chosen":"IRONCLAD","items_purchased":["Lantern","Shrug It Off","Flash of Steel","Kunai","Orichalcum","Bottled Flame"],"campfire_rested":0,"item_purchase_floors":[22,39,39,47,47,53],"current_hp_per_floor":[80,80,80,80,80,80,80,80,80,80,80,80,85,85,85,85,85,83,83,59,59,59,59,73,73,73,73,73,73,73,57,57,63,73,73,73,73,69,69,69,69,69,69,69,69,69,69,69,69,69,69,69,69,67,0],"gold":71,"neow_bonus":"ONE_RARE_RELIC","is_prod":false,"is_daily":false,"chose_seed":false,"campfire_upgraded":9,"win_rate":0,"timestamp":1557935382,"path_taken":["M","?","?","?","?","R","E","R","T","R","?","?","?","?","R","BOSS","M","?","?","M","?","R","E","?","T","M","?","E","R","?","R","BOSS","M","M","?","?","$","R","?","?","T","E","M","E","$","?","R","BOSS","R","$","E","BOSS"],"build_version":"2019-01-23","purchased_purges":1,"victory":false,"max_hp_per_floor":[80,80,80,80,80,80,80,80,80,80,80,80,85,85,85,85,85,85,85,59,59,59,59,73,73,73,73,73,73,73,73,73,73,73,73,73,73,69,69,69,69,69,69,69,69,69,69,69,69,69,69,69,69,69,69],"card_choices":[{"not_picked":["Combust","Second Wind"],"picked":"Disarm","floor":1},{"not_picked":["Disarm","Intimidate"],"picked":"Shrug It Off","floor":4},{"not_picked":["Feel No Pain","Metallicize"],"picked":"Iron Wave","floor":7},{"not_picked":["Dual Wield","Thunderclap"],"picked":"Clothesline","floor":11},{"not_picked":["Brutality","Dark Embrace"],"picked":"Reaper","floor":16},{"not_picked":["Warcry","Bloodletting","Rupture+1"],"picked":"SKIP","floor":18},{"not_picked":["Wild Strike+1","Rupture","Heavy Blade"],"picked":"SKIP","floor":21},{"not_picked":["Sword Boomerang","Disarm","Heavy Blade"],"picked":"SKIP","floor":24},{"not_picked":["Body Slam","Evolve","Shrug It Off"],"picked":"SKIP","floor":25},{"not_picked":["Iron Wave","Sentinel"],"picked":"Anger+1","floor":27},{"not_picked":["Fire Breathing","Blood for Blood"],"picked":"Offering","floor":29},{"not_picked":["Double Tap","Impervious"],"picked":"Limit Break","floor":33},{"not_picked":["Power Through","Sever Soul","Warcry"],"picked":"SKIP","floor":35},{"not_picked":["Body Slam+1","Dropkick"],"picked":"Iron Wave+1","floor":36},{"not_picked":["Madness","Mind Blast"],"picked":"Deep Breath","floor":37},{"not_picked":["Heavy Blade","Second Wind+1","Metallicize"],"picked":"SKIP","floor":42},{"not_picked":["Sword Boomerang","Uppercut+1"],"picked":"Pommel Strike+1","floor":44},{"not_picked":["Havoc","Wild Strike"],"picked":"Sword Boomerang+1","floor":45},{"not_picked":["Evolve","Twin Strike+1"],"picked":"Heavy Blade","floor":46},{"not_picked":["Second Wind","Cleave","Armaments+1"],"picked":"SKIP","floor":54}],"player_experience":1282835,"relics_obtained":[{"floor":7,"key":"Torii"},{"floor":14,"key":"Magic Flower"},{"floor":24,"key":"Mango"},{"floor":26,"key":"Shuriken"},{"floor":29,"key":"Dodecahedron"},{"floor":31,"key":"Nilry\u0027s Codex"},{"floor":41,"key":"Old Coin"},{"floor":43,"key":"Meat on the Bone"},{"floor":44,"key":"Champion Belt"},{"floor":46,"key":"MawBank"},{"floor":48,"key":"PreservedInsect"},{"floor":54,"key":"Art of War"}],"event_choices":[{"damage_healed":0,"gold_gain":0,"player_choice":"Leave","damage_taken":0,"max_hp_gain":0,"max_hp_loss":0,"event_name":"The Cleric","floor":2,"gold_loss":0},{"cards_removed":["Defend_R"],"damage_healed":0,"gold_gain":0,"player_choice":"Offered Basic","damage_taken":0,"max_hp_gain":0,"max_hp_loss":0,"event_name":"Bonfire Elementals","floor":3,"gold_loss":0},{"damage_healed":0,"gold_gain":0,"player_choice":"Ignored","damage_taken":0,"max_hp_gain":0,"max_hp_loss":0,"event_name":"NoteForYourself","floor":5,"gold_loss":0},{"damage_healed":0,"gold_gain":71,"player_choice":"Gained Gold","damage_taken":0,"max_hp_gain":0,"max_hp_loss":0,"event_name":"Golden Wing","floor":12,"gold_loss":0},{"damage_healed":0,"gold_gain":0,"player_choice":"Donut","damage_taken":0,"max_hp_gain":5,"max_hp_loss":0,"event_name":"Big Fish","floor":13,"gold_loss":0},{"damage_healed":0,"gold_gain":0,"player_choice":"Simplicity","damage_taken":0,"max_hp_gain":0,"max_hp_loss":0,"event_name":"Back to Basics","floor":19,"gold_loss":0,"cards_upgraded":["Strike_R","Strike_R","Strike_R","Strike_R","Strike_R","Defend_R","Defend_R","Defend_R"]},{"damage_healed":0,"gold_gain":0,"player_choice":"Became a vampire","damage_taken":0,"max_hp_gain":0,"max_hp_loss":26,"event_name":"Vampires","floor":20,"gold_loss":0,"cards_obtained":["Bite","Bite","Bite","Bite","Bite"]},{"damage_healed":0,"gold_gain":0,"player_choice":"Opened","damage_taken":0,"relics_obtained":["Calipers"],"max_hp_gain":0,"max_hp_loss":0,"event_name":"The Mausoleum","floor":28,"gold_loss":0},{"damage_healed":0,"gold_gain":0,"player_choice":"Obtained Book","damage_taken":16,"max_hp_gain":0,"max_hp_loss":0,"event_name":"Cursed Tome","floor":31,"gold_loss":0},{"damage_healed":0,"gold_gain":0,"player_choice":"Memory 1","damage_taken":0,"max_hp_gain":0,"max_hp_loss":0,"event_name":"SensoryStone","floor":37,"gold_loss":0},{"damage_healed":0,"gold_gain":0,"player_choice":"Max HP","damage_taken":0,"max_hp_gain":0,"max_hp_loss":4,"event_name":"Winding Halls","floor":38,"gold_loss":0},{"damage_healed":0,"gold_gain":0,"player_choice":"Fight","damage_taken":0,"max_hp_gain":0,"max_hp_loss":0,"event_name":"MindBloom","floor":41,"gold_loss":0}],"is_beta":false,"boss_relics":[{"not_picked":["Pandora\u0027s Box","Calling Bell"],"picked":"Coffee Dripper"},{"not_picked":["Empty Cage","Philosopher\u0027s Stone"],"picked":"White Beast Statue"}],"items_purged_floors":[22],"is_endless":false,"potions_floor_spawned":[1,4,21,24,25,27,35,36,41,42,44,45,46,54],"killed_by":"The Heart","ascension_level":0}