{"gold_per_floor":[113,124,34,34,109,109,126,126,126,146,146,159,159,171,171,267,267,287,212,212,226,226,226,226,226,226,237,237,252,263,188,188,188],"floor_reached":33,"playtime":1126,"items_purged":["Defend_B"],"score":237,"play_id":"b16e5dc9-3374-4a5c-9584-d3ae616d2be2","local_time":"20190302111427","is_ascension_mode":false,"campfire_choices":[{"data":"Static Discharge","floor":6,"key":"SMITH"},{"data":"Dualcast","floor":11,"key":"SMITH"},{"data":"Double Energy","floor":13,"key":"SMITH"},{"data":"Scrape","floor":15,"key":"SMITH"},{"data":"Conserve Battery","floor":23,"key":"SMITH"},{"data":"BootSequence","floor":25,"key":"SMITH"},{"floor":32,"key":"REST"}],"neow_cost":"NONE","seed_source_timestamp":121360146402765,"circlet_count":0,"master_deck":["Strike_B","Strike_B","Defend_B","Defend_B","Defend_B","Zap+1","Dualcast+1","BootSequence+1","Double Energy+1","Gash","Static Discharge+1","Scrape+1","Gash","Sunder+1","Gash","Conserve Battery+1","Consume","Multi-Cast","Electrodynamics"],"relics":["Cracked Core"],"potions_floor_usage":[33,33],"damage_taken":[{"damage":0,"enemies":"Small Slimes","floor":1,"turns":4},{"damage":0,"enemies":"2 Louse","floor":2,"turns":2},{"damage":2,"enemies":"Jaw Worm","floor":7,"turns":3},{"damage":4,"enemies":"Exordium Thugs","floor":10,"turns":3},{"damage":8,"enemies":"3 Louse","floor":12,"turns":3},{"damage":2,"enemies":"Blue Slaver","floor":14,"turns":3},{"damage":38,"enemies":"Hexaghost","floor":16,"turns":8},{"damage":8,"enemies":"3 Byrds","floor":18,"turns":4},{"damage":11,"enemies":"Chosen","floor":21,"turns":5},{"damage":14,"enemies":"Centurion and Healer","floor":27,"turns":7},{"damage":25,"enemies":"Shelled Parasite and Fungi","floor":29,"turns":6},{"damage":5,"enemies":"Cultist and Chosen","floor":30,"turns":5},{"damage":56,"enemies":"Automaton","floor":33,"turns":6}],"seed_played":"-5350309272001144239","potions_obtained":[{"floor":1,"key":"PowerPotion"},{"floor":14,"key":"FearPotion"},{"floor":27,"key":"Poison Potion"}],"is_trial":false,"path_per_floor":["M","M","$","?","?","R","M","?","T","M","R","M","R","M","R","B",null,"M","?","?","M","?","R","T","R","T","M","?","M","M","$","R","B"],"character_chosen":"DEFECT","items_purchased":["Gash","Static Discharge"],"campfire_rested":1,"item_purchase_floors":[3,3],"current_hp_per_floor":[75,75,75,75,64,64,62,62,62,58,58,50,50,48,48,10,75,67,67,67,56,56,56,56,56,56,42,35,10,5,5,27,0],"gold":188,"neow_bonus":"UPGRADE_CARD","is_prod":false,"is_daily":false,"chose_seed":false,"campfire_upgraded":6,"win_rate":0,"timestamp":1551543267,"path_taken":["M","M","$","?","?","R","M","?","T","M","R","M","R","M","R","BOSS","M","?","?","?","?","R","?","R","T","M","?","M","?","?","R","BOSS"],"build_version":"2019-01-23","purchased_purges":1,"victory":false,"max_hp_per_floor":[75,75,75,75,75,75,75,75,75,75,75,75,75,75,75,75,75,75,75,75,75,75,75,75,75,75,75,75,75,75,75,75,75],"card_choices":[{"not_picked":["Chaos","Sweeping Beam"],"picked":"BootSequence","floor":1},{"not_picked":["Beam Cell","Steam"],"picked":"Double Energy","floor":2},{"not_picked":["Coolheaded","Compile Driver"],"picked":"Scrape","floor":7},{"not_picked":["Barrage","Beam Cell"],"picked":"Gash","floor":10},{"not_picked":["Turbo","Rip and Tear","BootSequence"],"picked":"SKIP","floor":12},{"not_picked":["White Noise","Redo"],"picked":"Sunder","floor":14},{"not_picked":["Buffer","Biased Cognition"],"picked":"Meteor Strike","floor":16},{"not_picked":["Ball Lightning","Streamline"],"picked":"Gash","floor":18},{"not_picked":["Capacitor","Hologram"],"picked":"Conserve Battery","floor":21},{"not_picked":["Leap","Chill"],"picked":"Electrodynamics","floor":27},{"not_picked":["Barrage","Turbo","Steam"],"picked":"SKIP","floor":29},{"not_picked":["Reprogram+1","Barrage","Compile Driver+1"],"picked":"SKIP","floor":30}],"player_experience":256003,"relics_obtained":[],"event_choices":[{"damage_healed":0,"gold_gain":0,"player_choice":"Leave","damage_taken":0,"max_hp_gain":0,"max_hp_loss":0,"event_name":"The Cleric","floor":4,"gold_loss":0},{"damage_healed":0,"gold_gain":75,"player_choice":"Gather Gold","damage_taken":11,"max_hp_gain":0,"max_hp_loss":0,"event_name":"World of Goop","floor":5,"gold_loss":0},{"damage_healed":0,"gold_gain":0,"player_choice":"Searched \u00270\u0027 times","damage_taken":0,"max_hp_gain":0,"max_hp_loss":0,"event_name":"Dead Adventurer","floor":8,"gold_loss":0},{"cards_removed":["Strike_B"],"damage_healed":0,"gold_gain":0,"player_choice":"Gave Gold","damage_taken":0,"max_hp_gain":0,"max_hp_loss":0,"event_name":"Beggar","floor":19,"gold_loss":75},{"damage_healed":0,"gold_gain":0,"player_choice":"Forge","damage_taken":0,"max_hp_gain":0,"max_hp_loss":0,"event_name":"Accursed Blacksmith","floor":20,"gold_loss":0,"cards_upgraded":["Sunder"]},{"damage_healed":0,"gold_gain":0,"cards_transformed":["Meteor Strike","Strike_B"],"player_choice":"Became Test Subject","damage_taken":0,"max_hp_gain":0,"max_hp_loss":0,"event_name":"Drug Dealer","floor":22,"gold_loss":0,"cards_obtained":["Consume","Multi-Cast"]},{"damage_healed":0,"gold_gain":0,"player_choice":"","damage_taken":7,"max_hp_gain":0,"max_hp_loss":0,"event_name":"Knowing Skull","floor":28,"potions_obtained":[],"gold_loss":0,"cards_obtained":[]}],"is_beta":false,"boss_relics":[{"not_picked":["Runic Dome","Pandora\u0027s Box","FrozenCore"]}],"items_purged_floors":[31],"is_endless":false,"potions_floor_spawned":[1,14,27,30],"killed_by":"Automaton","ascension_level":0}