{"gold_per_floor":[114,114,130,130,140,140,170,182,182,54,54,89,89,108,108,206,206,206,0,0],"floor_reached":20,"playtime":1024,"items_purged":["Strike_B"],"score":346,"play_id":"35a80308-c161-4bcf-a2b3-2b1b5bd1fdf3","local_time":"20190115185757","is_ascension_mode":true,"campfire_choices":[{"data":"Madness","floor":6,"key":"SMITH"},{"floor":11,"key":"REST"},{"data":"Zap","floor":15,"key":"SMITH"}],"neow_cost":"NONE","seed_source_timestamp":401114162934506,"circlet_count":0,"master_deck":["AscendersBane","Strike_B","Strike_B","Strike_B","Defend_B","Defend_B","Defend_B","Defend_B","Zap+1","Dualcast","Madness+1","Chill","BootSequence","Cold Snap","Seek","Conserve Battery","Defragment","Steam","Loop","Echo Form"],"relics":["Cracked Core","Smiling Mask","PreservedInsect","Blue Candle","Golden Idol","Ectoplasm"],"potions_floor_usage":[7,7,16],"damage_taken":[{"damage":7,"enemies":"2 Louse","floor":1,"turns":3},{"damage":0,"enemies":"Cultist","floor":3,"turns":4},{"damage":5,"enemies":"Small Slimes","floor":5,"turns":4},{"damage":49,"enemies":"Gremlin Nob","floor":7,"turns":5},{"damage":1,"enemies":"Exordium Wildlife","floor":8,"turns":3},{"damage":4,"enemies":"Lagavulin","floor":12,"turns":7},{"damage":0,"enemies":"Blue Slaver","floor":14,"turns":5},{"damage":21,"enemies":"The Guardian","floor":16,"turns":13},{"damage":39,"enemies":"Chosen","floor":18,"turns":9},{"damage":13,"enemies":"Shell Parasite","floor":20,"turns":2}],"seed_played":"-2424718863683282095","potions_obtained":[{"floor":2,"key":"SneckoOil"},{"floor":2,"key":"FairyPotion"},{"floor":3,"key":"AttackPotion"},{"floor":5,"key":"Regen Potion"},{"floor":8,"key":"EssenceOfSteel"}],"is_trial":false,"path_per_floor":["M","?","M","$","M","R","E","M","T","$","R","E","?","M","R","B",null,"M","?","M"],"character_chosen":"DEFECT","items_purchased":["Defragment"],"campfire_rested":1,"item_purchase_floors":[10],"current_hp_per_floor":[57,57,57,57,52,52,8,7,7,7,28,24,24,24,24,3,49,10,10,0],"gold":0,"neow_bonus":"RANDOM_COLORLESS","is_prod":false,"is_daily":false,"chose_seed":false,"campfire_upgraded":2,"win_rate":0,"timestamp":1547578677,"path_taken":["M","?","?","$","M","R","E","M","T","?","R","E","?","M","R","BOSS","M","?","M"],"build_version":"2019-01-10","purchased_purges":1,"victory":false,"max_hp_per_floor":[71,71,71,71,71,71,71,71,71,71,71,71,64,64,64,64,64,64,64,64],"card_choices":[{"not_picked":["Blizzard","Genetic Algorithm"],"picked":"Chill","floor":1},{"not_picked":["Sweeping Beam","Conserve Battery"],"picked":"BootSequence","floor":3},{"not_picked":["Turbo","Stack"],"picked":"Cold Snap","floor":5},{"not_picked":["Rip and Tear","Heatsinks"],"picked":"Seek","floor":7},{"not_picked":["Chaos","Barrage"],"picked":"Conserve Battery","floor":8},{"not_picked":["Recycle","Conserve Battery"],"picked":"Steam","floor":12},{"not_picked":["Stack","Gash"],"picked":"Loop","floor":14},{"not_picked":["Multi-Cast","Buffer"],"picked":"Echo Form","floor":16},{"not_picked":["Aggregate","Recycle","White Noise"],"picked":"SKIP","floor":18}],"player_experience":1141483,"relics_obtained":[{"floor":7,"key":"Smiling Mask"},{"floor":9,"key":"PreservedInsect"},{"floor":12,"key":"Blue Candle"}],"event_choices":[{"damage_healed":0,"gold_gain":0,"player_choice":"Got Potions","damage_taken":0,"max_hp_gain":0,"max_hp_loss":0,"event_name":"Lab","floor":2,"gold_loss":0},{"damage_healed":0,"gold_gain":0,"player_choice":"Lose Max HP","damage_taken":0,"relics_obtained":["Golden Idol"],"max_hp_gain":0,"max_hp_loss":7,"event_name":"Golden Idol","floor":13,"gold_loss":0},{"damage_healed":0,"gold_gain":0,"player_choice":"Paid Fearfully","damage_taken":0,"max_hp_gain":0,"max_hp_loss":0,"event_name":"Masked Bandits","floor":19,"gold_loss":206}],"is_beta":false,"boss_relics":[{"not_picked":["Eternal Feather","Fusion Hammer"],"picked":"Ectoplasm"}],"items_purged_floors":[10],"is_endless":false,"potions_floor_spawned":[3,5,8],"killed_by":"Shell Parasite","ascension_level":18}