{"gold_per_floor":[109,126,401,419,439,439,449,481,507,507,517,517],"floor_reached":12,"playtime":1213,"items_purged":[],"score":86,"play_id":"62f7b2aa-93b6-4a12-857d-392d351d6cfe","local_time":"20190604182459","is_ascension_mode":true,"campfire_choices":[{"data":"Prepared","floor":6,"key":"SMITH"}],"neow_cost":"NONE","seed_source_timestamp":7356678083697,"circlet_count":0,"master_deck":["Defend_G","Defend_G","Defend_G","Defend_G","Defend_G","Strike_G","Strike_G","Strike_G","Strike_G","Strike_G","Survivor","Neutralize","Malaise","Dodge and Roll","Prepared+1","Regret","Backstab","Flechettes","Leg Sweep","Distraction+1","Acrobatics"],"relics":["Ring of the Snake","The Specimen","Dream Catcher"],"potions_floor_usage":[8,12,12],"damage_taken":[{"damage":3,"enemies":"Small Slimes","floor":1,"turns":5},{"damage":0,"enemies":"Cultist","floor":2,"turns":6},{"damage":0,"enemies":"2 Louse","floor":4,"turns":3},{"damage":2,"enemies":"Red Slaver","floor":5,"turns":6},{"damage":1,"enemies":"Looter","floor":7,"turns":3},{"damage":38,"enemies":"3 Sentries","floor":8,"turns":17},{"damage":0,"enemies":"Gremlin Gang","floor":11,"turns":5},{"damage":26,"enemies":"Lagavulin","floor":12,"turns":8}],"seed_played":"9110577275922857424","potions_obtained":[{"floor":4,"key":"GamblersBrew"},{"floor":5,"key":"SpeedPotion"},{"floor":7,"key":"Poison Potion"}],"is_trial":false,"path_per_floor":["M","M","?","M","M","R","M","E","T","?","M","E"],"character_chosen":"THE_SILENT","items_purchased":[],"campfire_rested":0,"item_purchase_floors":[],"current_hp_per_floor":[67,67,67,67,65,65,64,26,26,26,26,0],"gold":517,"neow_bonus":"ONE_RANDOM_RARE_CARD","is_prod":false,"is_daily":false,"chose_seed":false,"campfire_upgraded":1,"win_rate":0,"timestamp":1559697899,"path_taken":["M","M","?","?","?","R","M","E","T","?","M","E"],"build_version":"2019-01-23","purchased_purges":0,"victory":false,"max_hp_per_floor":[70,70,70,70,70,70,70,70,70,70,70,70],"card_choices":[{"not_picked":["Eviscerate","Sucker Punch"],"picked":"Dodge and Roll","floor":1},{"not_picked":["Deadly Poison","Footwork"],"picked":"Prepared","floor":2},{"not_picked":["Deflect","Choke"],"picked":"Backstab","floor":4},{"not_picked":["Slice","Bane"],"picked":"Flechettes","floor":5},{"not_picked":["Bane","Noxious Fumes"],"picked":"Leg Sweep","floor":7},{"not_picked":["Dagger Throw","Prepared"],"picked":"Distraction","floor":8},{"not_picked":["Setup","Outmaneuver"],"picked":"Acrobatics","floor":11}],"player_experience":170489,"relics_obtained":[{"floor":8,"key":"The Specimen"},{"floor":9,"key":"Dream Catcher"}],"event_choices":[{"damage_healed":0,"gold_gain":275,"player_choice":"Desecrate","damage_taken":0,"max_hp_gain":0,"max_hp_loss":0,"event_name":"Golden Shrine","floor":3,"gold_loss":0,"cards_obtained":["Regret"]},{"damage_healed":0,"gold_gain":0,"player_choice":"Upgraded","damage_taken":0,"max_hp_gain":0,"max_hp_loss":0,"event_name":"Upgrade Shrine","floor":10,"gold_loss":0,"cards_upgraded":["Distraction"]}],"is_beta":false,"boss_relics":[],"items_purged_floors":[],"is_endless":false,"potions_floor_spawned":[4,5,7],"killed_by":"Lagavulin","ascension_level":1}