{"gold_per_floor":[109,38,38,52,64,96,96,122,145,156,191,191,191,201,201,303,303,316,333,347,347,347,347,382,394,449,449,429,443,458,373,385,397],"floor_reached":33,"playtime":2421,"items_purged":[],"score":330,"play_id":"9a673276-83fd-4709-9348-0ca9d2e9bc84","local_time":"20190706003036","is_ascension_mode":true,"campfire_choices":[{"data":"Footwork","floor":7,"key":"SMITH"},{"floor":12,"key":"REST"},{"floor":15,"key":"REST"},{"data":"Night Terror","floor":23,"key":"SMITH"},{"floor":27,"key":"REST"},{"floor":32,"key":"REST"}],"neow_cost":"NONE","seed_source_timestamp":111569656581102,"circlet_count":0,"master_deck":["Strike_G","Strike_G+1","Strike_G","Strike_G","Defend_G","Defend_G","Defend_G","Defend_G","Defend_G","Survivor","Neutralize","A Thousand Cuts","Footwork+1","Infinite Blades","Prepared","Dagger Throw","Slice","Escape Plan","Cloak And Dagger+1","Underhanded Strike","Concentrate","Night Terror+1","Envenom","Bouncing Flask","Acrobatics","Slice+1","RitualDagger","Venomology","PiercingWail"],"relics":["Ring of the Serpent","Omamori","Oddly Smooth Stone","Bag of Marbles","Anchor","Singing Bowl","Art of War","MawBank"],"potions_floor_usage":[10,11,14,16,24,24,30,33,33,33],"damage_taken":[{"damage":12,"enemies":"Jaw Worm","floor":1,"turns":6},{"damage":0,"enemies":"Cultist","floor":4,"turns":5},{"damage":0,"enemies":"2 Louse","floor":5,"turns":4},{"damage":20,"enemies":"3 Sentries","floor":6,"turns":7},{"damage":5,"enemies":"Lagavulin","floor":8,"turns":9},{"damage":8,"enemies":"Exordium Thugs","floor":10,"turns":4},{"damage":21,"enemies":"Gremlin Nob","floor":11,"turns":4},{"damage":0,"enemies":"Blue Slaver","floor":14,"turns":3},{"damage":9,"enemies":"Hexaghost","floor":16,"turns":11},{"damage":19,"enemies":"Shell Parasite","floor":18,"turns":7},{"damage":2,"enemies":"Chosen","floor":19,"turns":6},{"damage":19,"enemies":"Centurion and Healer","floor":20,"turns":10},{"damage":21,"enemies":"Book of Stabbing","floor":24,"turns":4},{"damage":23,"enemies":"Snake Plant","floor":25,"turns":10},{"damage":3,"enemies":"Snecko","floor":29,"turns":4},{"damage":15,"enemies":"Centurion and Healer","floor":30,"turns":6},{"damage":37,"enemies":"Collector","floor":33,"turns":3}],"seed_played":"902540928831114884","potions_obtained":[{"floor":1,"key":"Fire Potion"},{"floor":8,"key":"GamblersBrew"},{"floor":11,"key":"Swift Potion"},{"floor":14,"key":"FearPotion"},{"floor":16,"key":"Fire Potion"},{"floor":18,"key":"Energy Potion"},{"floor":20,"key":"SteroidPotion"},{"floor":24,"key":"Strength Potion"},{"floor":28,"key":"PowerPotion"}],"is_trial":false,"path_per_floor":["M","$","?","M","M","E","R","E","T","M","E","R","?","M","R","B",null,"M","M","M","?","?","R","E","M","T","R","?","M","M","?","R","B"],"character_chosen":"THE_SILENT","items_purchased":["Infinite Blades"],"campfire_rested":4,"item_purchase_floors":[2],"current_hp_per_floor":[58,58,58,58,58,38,38,33,33,25,4,25,11,11,32,23,70,51,49,30,24,47,47,28,5,5,26,26,23,10,10,32,0],"gold":397,"neow_bonus":"ONE_RANDOM_RARE_CARD","is_prod":false,"is_daily":false,"chose_seed":false,"campfire_upgraded":2,"win_rate":0,"timestamp":1562398236,"path_taken":["M","$","?","?","?","E","R","E","T","M","E","R","?","M","R","BOSS","M","M","M","?","?","R","E","M","T","R","?","M","?","?","R","BOSS"],"build_version":"2019-07-05","purchased_purges":0,"victory":false,"max_hp_per_floor":[70,70,70,70,70,70,70,70,70,70,70,70,70,70,70,70,70,70,70,70,70,70,70,72,72,72,72,72,72,74,74,74,74],"card_choices":[{"not_picked":["Slice","Underhanded Strike"],"picked":"Footwork","floor":1},{"not_picked":["Riddle With Holes","Terror"],"picked":"Dagger Throw","floor":4},{"not_picked":["Expertise","Flechettes"],"picked":"Slice","floor":5},{"not_picked":["Dodge and Roll","Prepared"],"picked":"Escape Plan","floor":6},{"not_picked":["Endless Agony","Catalyst"],"picked":"Cloak And Dagger","floor":8},{"not_picked":["Bane","Backflip"],"picked":"Underhanded Strike","floor":10},{"not_picked":["Blade Dance","Bane"],"picked":"Concentrate","floor":11},{"not_picked":["Concentrate","Blade Dance"],"picked":"Night Terror","floor":14},{"not_picked":["Corpse Explosion","Night Terror"],"picked":"Envenom","floor":16},{"not_picked":["Blade Dance","Poisoned Stab"],"picked":"Bouncing Flask","floor":18},{"not_picked":["Expertise","Poisoned Stab+1"],"picked":"Acrobatics","floor":19},{"not_picked":["Dagger Throw","Bouncing Flask"],"picked":"Slice+1","floor":20},{"not_picked":["Riddle With Holes+1","Terror","Predator"],"picked":"Singing Bowl","floor":24},{"not_picked":["Flying Knee","Caltrops"],"picked":"Venomology","floor":25},{"not_picked":["Slice+1","Sucker Punch"],"picked":"PiercingWail","floor":29},{"not_picked":["Blade Dance","Slice","Flying Knee"],"picked":"Singing Bowl","floor":30}],"player_experience":562148,"relics_obtained":[{"floor":6,"key":"Omamori"},{"floor":8,"key":"Oddly Smooth Stone"},{"floor":9,"key":"Bag of Marbles"},{"floor":11,"key":"Anchor"},{"floor":24,"key":"Singing Bowl"},{"floor":26,"key":"Art of War"}],"event_choices":[{"damage_healed":0,"gold_gain":0,"cards_transformed":["Strike_G"],"player_choice":"Transformed","damage_taken":0,"max_hp_gain":0,"max_hp_loss":0,"event_name":"Transmorgrifier","floor":3,"gold_loss":0,"cards_obtained":["Prepared"]},{"damage_healed":0,"gold_gain":0,"player_choice":"Entered Light","damage_taken":14,"max_hp_gain":0,"max_hp_loss":0,"event_name":"Shining Light","floor":13,"gold_loss":0,"cards_upgraded":["Strike_G","Cloak And Dagger"]},{"damage_healed":0,"gold_gain":0,"player_choice":"Joined the Cult","damage_taken":6,"max_hp_gain":0,"max_hp_loss":0,"event_name":"Nest","floor":21,"gold_loss":0,"cards_obtained":["RitualDagger"]},{"damage_healed":23,"gold_gain":0,"player_choice":"Heal","damage_taken":0,"max_hp_gain":0,"max_hp_loss":0,"event_name":"The Library","floor":22,"gold_loss":0},{"damage_healed":0,"gold_gain":0,"player_choice":"Bought 1 Potion","damage_taken":0,"max_hp_gain":0,"max_hp_loss":0,"event_name":"The Woman in Blue","floor":28,"gold_loss":0},{"damage_healed":0,"gold_gain":0,"player_choice":"Obtained Relic","damage_taken":0,"relics_obtained":["MawBank"],"max_hp_gain":0,"max_hp_loss":0,"event_name":"Addict","floor":31,"gold_loss":85}],"is_beta":false,"boss_relics":[{"not_picked":["Velvet Choker","White Beast Statue"],"picked":"Ring of the Serpent"}],"items_purged_floors":[],"is_endless":false,"potions_floor_spawned":[1,8,11,14,16,18,20,24],"killed_by":"Collector","ascension_level":3}