{"gold_per_floor":[112,112,125,149,149,185,208,208],"floor_reached":8,"playtime":424,"items_purged":[],"score":107,"play_id":"7e852ddc-b594-4608-92e0-056b0bd8656b","local_time":"20190114144714","is_ascension_mode":true,"campfire_choices":[],"neow_cost":"NONE","seed_source_timestamp":300270524272752,"circlet_count":0,"master_deck":["AscendersBane","Strike_R","Strike_R","Strike_R","Strike_R","Strike_R","Defend_R","Defend_R","Defend_R","Defend_R","Bash","Dark Embrace","Headbutt","Armaments","Warcry","Thunderclap","Feed"],"relics":["Burning Blood","Golden Idol","Strawberry"],"potions_floor_usage":[],"damage_taken":[{"damage":7,"enemies":"Small Slimes","floor":1,"turns":3},{"damage":6,"enemies":"2 Louse","floor":3,"turns":3},{"damage":7,"enemies":"Jaw Worm","floor":4,"turns":5},{"damage":45,"enemies":"3 Sentries","floor":6,"turns":13},{"damage":17,"enemies":"Large Slime","floor":7,"turns":8},{"damage":29,"enemies":"Gremlin Gang","floor":8,"turns":3}],"seed_played":"-2868406451838886735","potions_obtained":[{"floor":6,"key":"AttackPotion"}],"is_trial":false,"path_per_floor":["M","?","M","M","?","E","M","M"],"character_chosen":"IRONCLAD","items_purchased":[],"campfire_rested":0,"item_purchase_floors":[],"current_hp_per_floor":[67,67,67,66,66,34,23,0],"gold":208,"neow_bonus":"ONE_RANDOM_RARE_CARD","is_prod":false,"is_daily":false,"chose_seed":false,"campfire_upgraded":0,"win_rate":0,"timestamp":1547477234,"path_taken":["M","?","M","M","?","E","M","M"],"build_version":"2019-01-10","purchased_purges":0,"victory":false,"max_hp_per_floor":[75,68,68,68,68,75,75,75],"card_choices":[{"not_picked":["Anger","Sentinel"],"picked":"Headbutt","floor":1},{"not_picked":["Heavy Blade","Bloodletting"],"picked":"Armaments","floor":3},{"not_picked":["Perfected Strike","Second Wind"],"picked":"Warcry","floor":4},{"not_picked":["Anger","Bloodletting"],"picked":"Thunderclap","floor":6},{"not_picked":["Wild Strike","Anger"],"picked":"Feed","floor":7}],"player_experience":1092637,"relics_obtained":[{"floor":6,"key":"Strawberry"}],"event_choices":[{"damage_healed":0,"gold_gain":0,"player_choice":"Lose Max HP","damage_taken":0,"relics_obtained":["Golden Idol"],"max_hp_gain":0,"max_hp_loss":7,"event_name":"Golden Idol","floor":2,"gold_loss":0},{"damage_healed":0,"gold_gain":0,"player_choice":"Ignored","damage_taken":0,"max_hp_gain":0,"max_hp_loss":0,"event_name":"Liars Game","floor":5,"gold_loss":0}],"is_beta":false,"boss_relics":[],"items_purged_floors":[],"is_endless":false,"potions_floor_spawned":[6],"killed_by":"Gremlin Gang","ascension_level":17}