{"gold_per_floor":[118,118,132,132,142,142,153,166,166,166],"floor_reached":10,"playtime":352,"items_purged":[],"score":120,"play_id":"350caf53-2c04-4be6-a020-905a39cdaf50","local_time":"20190120170445","is_ascension_mode":true,"campfire_choices":[{"floor":6,"key":"REST"}],"neow_cost":"CURSE","seed_source_timestamp":45545834591200,"circlet_count":0,"master_deck":["AscendersBane","Strike_R","Strike_R","Strike_R","Strike_R","Strike_R","Defend_R","Defend_R+1","Defend_R","Defend_R","Bash","Parasite","Demon Form+1","Shrug It Off","Metallicize"],"relics":["Burning Blood","Blood Vial","The Courier"],"potions_floor_usage":[10],"damage_taken":[{"damage":9,"enemies":"Jaw Worm","floor":1,"turns":5},{"damage":10,"enemies":"Small Slimes","floor":3,"turns":6},{"damage":15,"enemies":"Cultist","floor":5,"turns":5},{"damage":15,"enemies":"Looter","floor":7,"turns":4},{"damage":16,"enemies":"Exordium Wildlife","floor":8,"turns":6},{"damage":22,"enemies":"Gremlin Gang","floor":10,"turns":3}],"seed_played":"3244201703515382641","potions_obtained":[{"floor":1,"key":"Strength Potion"},{"floor":3,"key":"SkillPotion"}],"is_trial":false,"path_per_floor":["M","?","M","?","M","R","M","M","T","M"],"character_chosen":"IRONCLAD","items_purchased":[],"campfire_rested":1,"item_purchase_floors":[],"current_hp_per_floor":[65,42,38,20,13,35,28,20,20,0],"gold":166,"neow_bonus":"THREE_RARE_CARDS","is_prod":false,"is_daily":false,"chose_seed":false,"campfire_upgraded":0,"win_rate":0,"timestamp":1548003885,"path_taken":["M","?","M","?","M","R","M","M","T","M"],"build_version":"2019-01-17v2","purchased_purges":0,"victory":false,"max_hp_per_floor":[75,75,75,75,75,75,75,75,75,75],"card_choices":[{"not_picked":["Limit Break","Offering"],"picked":"Demon Form","floor":0},{"not_picked":["Searing Blow","Rage","Flex"],"picked":"SKIP","floor":1},{"not_picked":["Body Slam","Hemokinesis","Rupture"],"picked":"SKIP","floor":3},{"not_picked":["Anger","Combust"],"picked":"Shrug It Off","floor":5},{"not_picked":["Thunderclap","True Grit"],"picked":"Metallicize","floor":7},{"not_picked":["Perfected Strike","Dual Wield","Armaments"],"picked":"SKIP","floor":8}],"player_experience":1209635,"relics_obtained":[{"floor":9,"key":"The Courier"}],"event_choices":[{"damage_healed":0,"gold_gain":0,"player_choice":"Entered Light","damage_taken":23,"max_hp_gain":0,"max_hp_loss":0,"event_name":"Shining Light","floor":2,"gold_loss":0,"cards_upgraded":["Demon Form","Defend_R"]},{"damage_healed":0,"gold_gain":0,"player_choice":"Success","damage_taken":18,"relics_obtained":["Blood Vial"],"max_hp_gain":0,"max_hp_loss":0,"event_name":"Scrap Ooze","floor":4,"gold_loss":0}],"is_beta":false,"boss_relics":[],"items_purged_floors":[],"is_endless":false,"potions_floor_spawned":[1,3,8],"killed_by":"Gremlin Gang","ascension_level":20}