{"gold_per_floor":[13,188,206,224,224,224,257,257,283,283,295,330,350,385,385,480,530,549,549,559,571,192,192,192],"floor_reached":24,"playtime":1099,"items_purged":["Strike_G"],"score":248,"play_id":"7591dfeb-cf7e-47ce-9aff-73d7d6ca7d71","local_time":"20190314205606","is_ascension_mode":true,"campfire_choices":[{"floor":6,"key":"DIG"},{"floor":8,"key":"DIG"},{"floor":10,"key":"REST"},{"floor":15,"key":"REST"},{"floor":23,"key":"REST"}],"neow_cost":"NO_GOLD","seed_source_timestamp":77483020890855,"circlet_count":0,"master_deck":["Defend_G","Defend_G","Defend_G","Defend_G","Defend_G","Strike_G","Strike_G","Strike_G","Strike_G+1","Survivor","Neutralize","Flying Knee+1","Riddle With Holes","Bouncing Flask","Dagger Throw","Poisoned Stab","Catalyst","Terror","Deadly Poison","Doppelganger+1","Bouncing Flask","Quick Slash+1","Necronomicurse","Prepared+1","Footwork"],"relics":["Ring of the Snake","Shovel","Regal Pillow","Dodecahedron","Ninja Scroll","Orichalcum","Juzu Bracelet","Whetstone","Tiny House","Necronomicon","Membership Card","Snake Skull"],"potions_floor_usage":[14,18,20,24,24],"damage_taken":[{"damage":6,"enemies":"Small Slimes","floor":1,"turns":7},{"damage":0,"enemies":"2 Louse","floor":3,"turns":3},{"damage":0,"enemies":"Cultist","floor":4,"turns":3},{"damage":34,"enemies":"3 Sentries","floor":7,"turns":8},{"damage":1,"enemies":"Red Slaver","floor":11,"turns":3},{"damage":22,"enemies":"Gremlin Nob","floor":12,"turns":4},{"damage":1,"enemies":"Looter","floor":13,"turns":3},{"damage":25,"enemies":"Lagavulin","floor":14,"turns":4},{"damage":19,"enemies":"The Guardian","floor":16,"turns":7},{"damage":2,"enemies":"3 Byrds","floor":18,"turns":6},{"damage":22,"enemies":"2 Thieves","floor":20,"turns":5},{"damage":29,"enemies":"Sentry and Sphere","floor":21,"turns":6},{"damage":49,"enemies":"Book of Stabbing","floor":24,"turns":5}],"seed_played":"5447882206075247238","potions_obtained":[{"floor":1,"key":"Ancient Potion"},{"floor":3,"key":"Dexterity Potion"},{"floor":13,"key":"Strength Potion"},{"floor":14,"key":"Swift Potion"},{"floor":16,"key":"Block Potion"},{"floor":18,"key":"Block Potion"}],"is_trial":false,"path_per_floor":["M","?","M","M","?","R","E","R","T","R","M","E","M","E","R","B",null,"M","?","M","M","$","R","E"],"character_chosen":"THE_SILENT","items_purchased":["Membership Card","Footwork","Block Potion","Snake Skull"],"campfire_rested":3,"item_purchase_floors":[22,22,22,22],"current_hp_per_floor":[64,64,64,64,64,64,30,30,30,66,65,43,42,17,53,34,75,73,57,35,6,6,43,0],"gold":192,"neow_bonus":"ONE_RARE_RELIC","is_prod":false,"is_daily":false,"chose_seed":false,"campfire_upgraded":0,"win_rate":0,"timestamp":1552611366,"path_taken":["M","?","M","M","?","R","E","R","T","R","M","E","M","E","R","BOSS","M","?","M","M","$","R","E"],"build_version":"2019-01-23","purchased_purges":1,"victory":false,"max_hp_per_floor":[70,70,70,70,70,70,70,70,70,70,70,70,70,70,70,70,75,75,75,75,75,75,75,75],"card_choices":[{"not_picked":["Underhanded Strike","Outmaneuver"],"picked":"Flying Knee","floor":1},{"not_picked":["Slice","Blade Dance"],"picked":"Riddle With Holes","floor":3},{"not_picked":["Reflex","Outmaneuver"],"picked":"Bouncing Flask","floor":4},{"not_picked":["Underhanded Strike","Doppelganger"],"picked":"Dagger Throw","floor":7},{"not_picked":["Underhanded Strike","Reflex"],"picked":"Poisoned Stab","floor":11},{"not_picked":["Eviscerate","Noxious Fumes"],"picked":"Catalyst","floor":12},{"not_picked":["Slice","Prepared"],"picked":"Terror","floor":13},{"not_picked":["Finisher","Sucker Punch"],"picked":"Deadly Poison","floor":14},{"not_picked":["A Thousand Cuts","Grand Finale"],"picked":"Doppelganger","floor":16},{"not_picked":["Slice","Sucker Punch"],"picked":"Bouncing Flask","floor":17},{"not_picked":["Terror","Flechettes+1"],"picked":"Quick Slash+1","floor":18},{"not_picked":["Dodge and Roll","Blur"],"picked":"Prepared+1","floor":20},{"not_picked":["Distraction","Caltrops","Blade Dance+1"],"picked":"SKIP","floor":21}],"player_experience":296609,"relics_obtained":[{"floor":6,"key":"Regal Pillow"},{"floor":7,"key":"Dodecahedron"},{"floor":8,"key":"Ninja Scroll"},{"floor":9,"key":"Orichalcum"},{"floor":12,"key":"Juzu Bracelet"},{"floor":14,"key":"Whetstone"},{"floor":19,"key":"Necronomicon"}],"event_choices":[{"damage_healed":0,"gold_gain":175,"player_choice":"AGREE","damage_taken":0,"max_hp_gain":0,"max_hp_loss":0,"event_name":"Liars Game","floor":2,"gold_loss":0,"cards_obtained":["Doubt"]},{"cards_removed":["Doubt"],"damage_healed":0,"gold_gain":0,"player_choice":"Forget","damage_taken":0,"max_hp_gain":0,"max_hp_loss":0,"event_name":"Living Wall","floor":5,"gold_loss":0},{"damage_healed":0,"gold_gain":0,"player_choice":"Obtained Book","damage_taken":16,"max_hp_gain":0,"max_hp_loss":0,"event_name":"Cursed Tome","floor":19,"gold_loss":0}],"is_beta":false,"boss_relics":[{"not_picked":["Busted Crown","Coffee Dripper"],"picked":"Tiny House"}],"items_purged_floors":[22],"is_endless":false,"potions_floor_spawned":[1,3,13,14,16,18],"killed_by":"Book of Stabbing","ascension_level":3}