{"gold_per_floor":[116,41,41,60,75,109,128,128,204,236,247,247,247,260,260,333,333,313,313,313],"floor_reached":20,"playtime":1059,"items_purged":["Regret"],"score":368,"play_id":"371a0010-b052-4123-8f67-84f2b51e2e44","local_time":"20190619235926","is_ascension_mode":true,"campfire_choices":[{"data":"Iron Wave","floor":8,"key":"SMITH"},{"floor":13,"key":"REST"},{"floor":15,"key":"REST"}],"neow_cost":"CURSE","seed_source_timestamp":504464253340100,"circlet_count":0,"master_deck":["AscendersBane","Strike_R","Strike_R","Strike_R","Strike_R","Strike_R","Defend_R","Defend_R","Defend_R","Defend_R","Bash","Reaper","Sword Boomerang","Iron Wave+1","Flame Barrier","Offering","Cleave","Ghostly Armor","Barricade","Flame Barrier","Necronomicurse"],"relics":["Burning Blood","Pocketwatch","Blue Candle","Bronze Scales","Dead Branch","Snecko Eye","Necronomicon"],"potions_floor_usage":[16],"damage_taken":[{"damage":30,"enemies":"Small Slimes","floor":1,"turns":4},{"damage":12,"enemies":"Cultist","floor":4,"turns":4},{"damage":6,"enemies":"Jaw Worm","floor":5,"turns":6},{"damage":46,"enemies":"Gremlin Nob","floor":6,"turns":5},{"damage":13,"enemies":"Large Slime","floor":7,"turns":5},{"damage":30,"enemies":"3 Sentries","floor":10,"turns":9},{"damage":2,"enemies":"Red Slaver","floor":11,"turns":3},{"damage":11,"enemies":"Looter","floor":14,"turns":3},{"damage":62,"enemies":"The Guardian","floor":16,"turns":10},{"damage":26,"enemies":"2 Thieves","floor":18,"turns":4},{"damage":43,"enemies":"Masked Bandits","floor":20,"turns":3}],"seed_played":"8563256285265746883","potions_obtained":[{"floor":5,"key":"Ancient Potion"},{"floor":6,"key":"Ancient Potion"},{"floor":11,"key":"Dexterity Potion"}],"is_trial":false,"path_per_floor":["M","$","?","M","M","E","M","R","T","E","M","?","R","M","R","B",null,"M","?","?"],"character_chosen":"IRONCLAD","items_purchased":[],"campfire_rested":2,"item_purchase_floors":[],"current_hp_per_floor":[51,51,75,69,69,29,30,30,30,18,22,17,39,38,60,8,58,46,25,0],"gold":313,"neow_bonus":"THREE_RARE_CARDS","is_prod":false,"is_daily":false,"chose_seed":false,"campfire_upgraded":1,"win_rate":0,"timestamp":1560985166,"path_taken":["M","$","?","M","M","E","M","R","T","E","?","?","R","M","R","BOSS","M","?","?"],"build_version":"2019-01-23","purchased_purges":1,"victory":false,"max_hp_per_floor":[75,75,75,75,75,75,75,75,75,75,75,75,75,75,75,75,75,75,75,75],"card_choices":[{"not_picked":["Double Tap","Immolate"],"picked":"Reaper","floor":0},{"not_picked":["Havoc","Flex"],"picked":"Sword Boomerang","floor":1},{"not_picked":["Clash","Feel No Pain"],"picked":"Iron Wave","floor":4},{"not_picked":["Flex","Rupture"],"picked":"Flame Barrier","floor":5},{"not_picked":["Sentinel","Flame Barrier"],"picked":"Offering","floor":6},{"not_picked":["Anger","Corruption"],"picked":"Cleave","floor":7},{"not_picked":["Heavy Blade","Entrench","Warcry"],"picked":"SKIP","floor":10},{"not_picked":["Blood for Blood","Power Through","Entrench"],"picked":"SKIP","floor":11},{"not_picked":["Iron Wave","Bloodletting"],"picked":"Ghostly Armor","floor":14},{"not_picked":["Berserk","Exhume"],"picked":"Barricade","floor":16},{"not_picked":["Fire Breathing","Whirlwind"],"picked":"Flame Barrier","floor":18}],"player_experience":1304346,"relics_obtained":[{"floor":6,"key":"Pocketwatch"},{"floor":9,"key":"Blue Candle"},{"floor":10,"key":"Bronze Scales"},{"floor":19,"key":"Necronomicon"}],"event_choices":[{"damage_healed":24,"gold_gain":0,"player_choice":"Full Heal","damage_taken":0,"max_hp_gain":0,"max_hp_loss":0,"event_name":"Wheel of Change","floor":3,"gold_loss":0},{"damage_healed":0,"gold_gain":0,"player_choice":"Success","damage_taken":5,"relics_obtained":["Dead Branch"],"max_hp_gain":0,"max_hp_loss":0,"event_name":"Scrap Ooze","floor":12,"gold_loss":0},{"damage_healed":0,"gold_gain":0,"player_choice":"Obtained Book","damage_taken":21,"max_hp_gain":0,"max_hp_loss":0,"event_name":"Cursed Tome","floor":19,"gold_loss":0},{"damage_healed":0,"gold_gain":0,"player_choice":"Fought Bandits","damage_taken":0,"max_hp_gain":0,"max_hp_loss":0,"event_name":"Masked Bandits","floor":20,"gold_loss":0}],"is_beta":false,"boss_relics":[{"not_picked":["Busted Crown","Lizard Tail"],"picked":"Snecko Eye"}],"items_purged_floors":[2],"is_endless":false,"potions_floor_spawned":[5,6,11,14],"killed_by":"Masked Bandits","ascension_level":20}