{"gold_per_floor":[114,129,144,144,159,159,189,189,214,214,214,229,259,274,274,374,374,389,139,139,154,154,154,184,199,224,224,239,254,269,284,284,384,384,399,414,414,90,90,105,105,120,195,210,240,255,285,300,300,300],"floor_reached":51,"playtime":4977,"items_purged":[],"score":995,"play_id":"ccea64ee-16cd-4cb2-98de-a7f5f488f3fd","local_time":"20190618205748","daily_mods":["Shiny","Hoarder","DeadlyEvents"],"is_ascension_mode":false,"campfire_choices":[{"data":"Armaments","floor":6,"key":"SMITH"},{"data":"Armaments","floor":8,"key":"SMITH"},{"floor":10,"key":"REST"},{"floor":15,"key":"DIG"},{"floor":23,"key":"DIG"},{"floor":27,"key":"DIG"},{"floor":32,"key":"DIG"},{"floor":41,"key":"DIG"},{"floor":49,"key":"DIG"}],"neow_cost":"","seed_source_timestamp":0,"circlet_count":0,"master_deck":["Double Tap","Demon Form","Bludgeon","Limit Break","Barricade","Fiend Fire","Dark Embrace","Berserk","Impervious","Brutality","Reaper","Exhume","Offering","Immolate","Iron Wave","Iron Wave","Iron Wave","Shrug It Off","Shrug It Off","Shrug It Off","Shrug It Off","Shrug It Off","Shrug It Off","Armaments+1","Armaments","Armaments+1","Seeing Red","Seeing Red","Seeing Red","Entrench","Entrench","Entrench","Inflame","Inflame","Inflame","Body Slam+1","Body Slam+1","Body Slam+1","Thunderclap+1","Thunderclap+1","Thunderclap+1","Seeing Red+1","Seeing Red+1","Seeing Red+1","Ghostly Armor+1","Ghostly Armor+1","Ghostly Armor+1","Armaments+1","Armaments+1","Armaments+1","Anger+1","Anger+1","Anger+1","Reaper+1","Reaper+1","Reaper+1","Dramatic Entrance+1","Dramatic Entrance+1","Dramatic Entrance+1","Inflame+1","Inflame+1","Inflame+1","Madness","Madness","Madness","Madness","Madness","Madness","Heavy Blade+1","Heavy Blade+1","Heavy Blade+1","Iron Wave+1","Iron Wave+1","Iron Wave+1","Combust+1","Combust+1","Combust+1","Pommel Strike+1","Pommel Strike+1","Pommel Strike+1","Flex+1","Flex+1","Flex+1"],"special_seed":18066,"relics":["Burning Blood","Strawberry","Vajra","Shovel","Omamori","Runic Cube","Molten Egg 2","Boot","Bronze Scales","Regal Pillow","Bag of Marbles","Frozen Egg 2","Happy Flower","Black Star","Ancient Tea Set","Anchor","Meat on the Bone","Pen Nib","Blood Vial","Magic Flower","Potion Belt","Red Skull"],"potions_floor_usage":[7,21,30,31,44,45,47,50],"damage_taken":[{"damage":0,"enemies":"2 Louse","floor":1,"turns":1},{"damage":0,"enemies":"Cultist","floor":2,"turns":3},{"damage":6,"enemies":"Jaw Worm","floor":3,"turns":3},{"damage":6,"enemies":"Looter","floor":5,"turns":1},{"damage":30,"enemies":"Gremlin Nob","floor":7,"turns":4},{"damage":20,"enemies":"Exordium Wildlife","floor":12,"turns":4},{"damage":11,"enemies":"3 Sentries","floor":13,"turns":6},{"damage":7,"enemies":"2 Fungi Beasts","floor":14,"turns":2},{"damage":31,"enemies":"The Guardian","floor":16,"turns":10},{"damage":14,"enemies":"2 Thieves","floor":18,"turns":3},{"damage":24,"enemies":"Shell Parasite","floor":21,"turns":12},{"damage":18,"enemies":"Slavers","floor":24,"turns":4},{"damage":6,"enemies":"Cultist and Chosen","floor":25,"turns":6},{"damage":16,"enemies":"Centurion and Healer","floor":28,"turns":6},{"damage":15,"enemies":"Snake Plant","floor":29,"turns":4},{"damage":11,"enemies":"Snecko","floor":30,"turns":5},{"damage":8,"enemies":"Centurion and Healer","floor":31,"turns":9},{"damage":19,"enemies":"Champ","floor":33,"turns":7},{"damage":8,"enemies":"3 Darklings","floor":35,"turns":2},{"damage":17,"enemies":"Orb Walker","floor":36,"turns":3},{"damage":36,"enemies":"Sphere and 2 Shapes","floor":40,"turns":1},{"damage":30,"enemies":"Writhing Mass","floor":42,"turns":4},{"damage":89,"enemies":"Maw","floor":44,"turns":8},{"damage":65,"enemies":"Giant Head","floor":45,"turns":8},{"damage":17,"enemies":"4 Shapes","floor":46,"turns":1},{"damage":0,"enemies":"Reptomancer","floor":47,"turns":2},{"damage":0,"enemies":"3 Darklings","floor":48,"turns":2},{"damage":70,"enemies":"Donu and Deca","floor":50,"turns":7}],"seed_played":"6170826981099357843","potions_obtained":[{"floor":1,"key":"Weak Potion"},{"floor":3,"key":"FearPotion"},{"floor":7,"key":"SpeedPotion"},{"floor":18,"key":"Swift Potion"},{"floor":21,"key":"SpeedPotion"},{"floor":30,"key":"Weak Potion"},{"floor":40,"key":"Dexterity Potion"},{"floor":42,"key":"Swift Potion"},{"floor":46,"key":"Strength Potion"},{"floor":48,"key":"Explosive Potion"}],"is_trial":false,"path_per_floor":["M","M","M","$","M","R","E","R","T","R","?","M","E","M","R","B",null,"M","$","?","M","T","R","E","M","T","R","M","M","M","M","R","B",null,"M","M","?","$","?","M","R","M","T","M","E","M","E","M","R","B",null],"character_chosen":"IRONCLAD","items_purchased":["Molten Egg 2","Dramatic Entrance+1","Inflame+1","Ancient Tea Set"],"campfire_rested":1,"item_purchase_floors":[19,38,38,38],"current_hp_per_floor":[80,80,83,83,83,83,66,66,66,90,100,99,97,96,96,81,103,95,95,95,102,102,102,90,97,97,97,87,78,73,97,97,90,103,103,101,101,101,88,58,58,66,66,55,103,103,103,103,103,103],"gold":300,"neow_bonus":"","is_prod":false,"is_daily":true,"chose_seed":false,"campfire_upgraded":2,"win_rate":0,"timestamp":1560916668,"path_taken":["M","M","M","$","M","R","E","R","T","R","?","M","E","M","R","BOSS","M","$","?","M","?","R","E","M","T","R","M","?","M","M","R","BOSS","M","M","?","$","?","M","R","?","T","M","E","M","E","M","R","BOSS"],"build_version":"2019-01-23","purchased_purges":0,"victory":true,"max_hp_per_floor":[80,80,83,83,83,83,90,90,90,90,100,100,103,103,103,103,103,103,103,103,103,103,103,103,103,103,103,103,103,103,103,103,103,103,103,103,103,103,103,103,103,103,103,103,103,103,103,103,103,103],"card_choices":[{"not_picked":["Sentinel","Shockwave"],"picked":"Iron Wave","floor":1},{"not_picked":["Reckless Charge","Hemokinesis"],"picked":"Shrug It Off","floor":2},{"not_picked":["Perfected Strike","Cleave"],"picked":"Shrug It Off","floor":3},{"not_picked":["Feel No Pain","Pummel"],"picked":"Armaments","floor":5},{"not_picked":["Limit Break","True Grit"],"picked":"Seeing Red","floor":7},{"not_picked":["Flex","Shrug It Off","True Grit"],"picked":"SKIP","floor":12},{"not_picked":["Double Tap","Iron Wave"],"picked":"Entrench","floor":13},{"not_picked":["Clothesline","Hemokinesis"],"picked":"Inflame","floor":14},{"not_picked":["Clash","Power Through","Hemokinesis"],"picked":"SKIP","floor":18},{"not_picked":["Clothesline+1","Iron Wave+1"],"picked":"Body Slam+1","floor":21},{"not_picked":["Shrug It Off","Sever Soul+1"],"picked":"Thunderclap+1","floor":24},{"not_picked":["Anger+1","Clothesline+1"],"picked":"Seeing Red+1","floor":25},{"not_picked":["Clothesline+1","Shrug It Off"],"picked":"Ghostly Armor+1","floor":28},{"not_picked":["Shrug It Off","Whirlwind+1","Second Wind"],"picked":"SKIP","floor":29},{"not_picked":["Clash+1","Combust+1"],"picked":"Armaments+1","floor":30},{"not_picked":["Searing Blow+1","Burning Pact+1"],"picked":"Anger+1","floor":31},{"not_picked":["Double Tap","Juggernaut+1"],"picked":"Reaper+1","floor":33},{"not_picked":["Twin Strike+1","Perfected Strike+1","Sever Soul+1"],"picked":"SKIP","floor":35},{"not_picked":["Perfected Strike+1","Ghostly Armor+1","Bloodletting+1"],"picked":"SKIP","floor":36},{"not_picked":["Combust+1","Shrug It Off+1"],"picked":"Heavy Blade+1","floor":40},{"not_picked":["Twin Strike+1","Shrug It Off"],"picked":"Iron Wave+1","floor":42},{"not_picked":["Seeing Red","Sword Boomerang+1","Clash+1"],"picked":"SKIP","floor":44},{"not_picked":["Flame Barrier+1","Iron Wave+1","Warcry"],"picked":"SKIP","floor":45},{"not_picked":["Whirlwind+1","Sever Soul+1"],"picked":"Combust+1","floor":46},{"not_picked":["Wild Strike+1","Heavy Blade+1"],"picked":"Pommel Strike+1","floor":47},{"not_picked":["Clash+1","Perfected Strike+1"],"picked":"Flex+1","floor":48}],"player_experience":296869,"relics_obtained":[{"floor":7,"key":"Strawberry"},{"floor":9,"key":"Vajra"},{"floor":13,"key":"Shovel"},{"floor":15,"key":"Omamori"},{"floor":22,"key":"Boot"},{"floor":23,"key":"Bronze Scales"},{"floor":24,"key":"Regal Pillow"},{"floor":26,"key":"Bag of Marbles"},{"floor":27,"key":"Frozen Egg 2"},{"floor":32,"key":"Happy Flower"},{"floor":41,"key":"Anchor"},{"floor":43,"key":"Meat on the Bone"},{"floor":45,"key":"Pen Nib"},{"floor":45,"key":"Blood Vial"},{"floor":47,"key":"Magic Flower"},{"floor":47,"key":"Potion Belt"},{"floor":49,"key":"Red Skull"}],"event_choices":[{"cards_removed":["Juggernaut"],"damage_healed":0,"gold_gain":0,"player_choice":"Offered Rare","damage_taken":0,"max_hp_gain":10,"max_hp_loss":0,"event_name":"Bonfire Elementals","floor":11,"gold_loss":0},{"damage_healed":0,"gold_gain":0,"player_choice":"Ignored","damage_taken":0,"max_hp_gain":0,"max_hp_loss":0,"event_name":"Ghosts","floor":20,"gold_loss":0},{"cards_removed":["Feed"],"damage_healed":0,"gold_gain":0,"player_choice":"Removed Attack","damage_taken":0,"max_hp_gain":0,"max_hp_loss":0,"event_name":"Falling","floor":37,"gold_loss":0},{"damage_healed":0,"gold_gain":0,"player_choice":"Embrace Madness","damage_taken":13,"max_hp_gain":0,"max_hp_loss":0,"event_name":"Winding Halls","floor":39,"gold_loss":0,"cards_obtained":["Madness","Madness"]}],"is_beta":false,"boss_relics":[{"not_picked":["Cursed Key","Ectoplasm"],"picked":"Runic Cube"},{"not_picked":["Busted Crown","Orrery"],"picked":"Black Star"}],"items_purged_floors":[],"is_endless":false,"potions_floor_spawned":[1,3,7,18,21,30,40,42,46,48],"ascension_level":0}