{"gold_per_floor":[117,129,141,171,191,191,207,357,357,357,357,377,407,113,113,187,187,200,200,200,212,212,212,222,222,222,275,306,306,324,249,249,324,324,336,356,356,356,356,356],"floor_reached":40,"playtime":1324,"items_purged":["Doubt"],"score":833,"play_id":"4d2c4474-d65d-4a14-a9f3-b64dcb23d269","local_time":"20190127124533","is_ascension_mode":true,"campfire_choices":[{"data":"Shockwave","floor":6.0,"key":"SMITH"},{"floor":10.0,"key":"REST"},{"data":"Whirlwind","floor":15,"key":"SMITH"},{"data":"Pommel Strike","floor":23,"key":"SMITH"},{"floor":25,"key":"REST"},{"data":"Sword Boomerang","floor":29,"key":"SMITH"},{"floor":32,"key":"REST"}],"neow_cost":"NONE","seed_source_timestamp":0,"circlet_count":0,"master_deck":["AscendersBane","Strike_R","Strike_R","Strike_R","Strike_R","Defend_R","Defend_R","Defend_R","Defend_R","Bash","Cleave","Thunderclap","Limit Break","Shockwave+1","Heavy Blade","Twin Strike","Whirlwind+1","Impervious","Pommel Strike+1","RitualDagger","Clothesline+1","Injury","Clumsy","Sword Boomerang+1","Inflame","Demon Form","Bandage Up"],"special_seed":0,"relics":["Black Blood","Tiny Chest","Happy Flower","Shuriken","Lee\u0027s Waffle","Cursed Key","Darkstone Periapt","Red Skull","Unceasing Top"],"potions_floor_usage":[13,13,16,33],"damage_taken":[{"damage":7.0,"enemies":"Cultist","floor":1.0,"turns":4.0},{"damage":9.0,"enemies":"2 Louse","floor":2.0,"turns":3.0},{"damage":7.0,"enemies":"Small Slimes","floor":3.0,"turns":3.0},{"damage":41.0,"enemies":"Exordium Wildlife","floor":5.0,"turns":6.0},{"damage":16.0,"enemies":"Blue Slaver","floor":7.0,"turns":5.0},{"damage":20,"enemies":"3 Louse","floor":12,"turns":3},{"damage":23,"enemies":"3 Sentries","floor":13,"turns":5},{"damage":28,"enemies":"Slime Boss","floor":16,"turns":5},{"damage":9,"enemies":"Chosen","floor":18,"turns":3},{"damage":26,"enemies":"Colosseum Slavers","floor":20,"turns":4},{"damage":0,"enemies":"3 Byrds","floor":21,"turns":3},{"damage":39,"enemies":"Centurion and Healer","floor":24,"turns":6},{"damage":24,"enemies":"Gremlin Leader","floor":28,"turns":4},{"damage":40,"enemies":"Shelled Parasite and Fungi","floor":30,"turns":5},{"damage":20,"enemies":"Champ","floor":33,"turns":6},{"damage":21,"enemies":"Orb Walker","floor":35,"turns":3},{"damage":8,"enemies":"3 Shapes","floor":36,"turns":3},{"damage":90,"enemies":"Giant Head","floor":40,"turns":6}],"seed_played":"-4441226633502906763","potions_obtained":[{"floor":1.0,"key":"Poison Potion"},{"floor":3.0,"key":"Energy Potion"},{"floor":5.0,"key":"SkillPotion"},{"floor":13,"key":"Strength Potion"},{"floor":30,"key":"SteroidPotion"}],"is_trial":false,"path_per_floor":["M","M","M","?","M","R","M","?","T","R","?","M","E","$","R","B",null,"M","$","?","M","?","R","M","R","T","T","E","R","M","?","R","B",null,"M","M","?","?","?","E"],"character_chosen":"IRONCLAD","items_purchased":["Lee\u0027s Waffle"],"campfire_rested":3,"item_purchase_floors":[14],"current_hp_per_floor":[74,71,70,65,30,30,20,20,20,44,49,35,18,94,94,72,89,86,86,66,72,66,66,33,61,61,67,49,49,15,15,45,31,83,72,74,74,74,74,0],"gold":356,"neow_bonus":"TEN_PERCENT_HP_BONUS","is_prod":false,"is_daily":false,"chose_seed":false,"campfire_upgraded":4,"win_rate":0,"timestamp":1548593133,"path_taken":["M","M","?","?","M","R","M","?","T","R","?","?","E","$","R","BOSS","M","$","?","M","?","R","M","R","T","?","E","R","M","?","R","BOSS","M","M","?","?","?","E"],"build_version":"2019-01-23","purchased_purges":1,"victory":false,"max_hp_per_floor":[82,82,82,82,82,82,82,82,82,82,87,87,87,94,94,94,94,94,94,94,94,94,94,94,94,94,100,100,100,100,100,100,100,100,100,100,100,100,100,100],"card_choices":[{"not_picked":["Intimidate","Uppercut"],"picked":"Cleave","floor":1.0},{"not_picked":["Feel No Pain","Entrench"],"picked":"Thunderclap","floor":2.0},{"not_picked":["Anger","Perfected Strike"],"picked":"Limit Break","floor":3.0},{"not_picked":["Heavy Blade","Body Slam"],"picked":"Shockwave","floor":5.0},{"not_picked":["Blood for Blood","Burning Pact"],"picked":"Heavy Blade","floor":7.0},{"not_picked":["Power Through","Wild Strike"],"picked":"Twin Strike","floor":12},{"not_picked":["Clash","Warcry"],"picked":"Whirlwind","floor":13},{"not_picked":["Barricade","Berserk"],"picked":"Impervious","floor":16},{"not_picked":["Seeing Red","Armaments"],"picked":"Pommel Strike","floor":18},{"not_picked":["Intimidate+1","Dual Wield","Sentinel"],"picked":"SKIP","floor":21},{"not_picked":["Armaments","Body Slam"],"picked":"Clothesline+1","floor":24},{"not_picked":["Perfected Strike","Warcry"],"picked":"Sword Boomerang","floor":28},{"not_picked":["Clothesline","Disarm"],"picked":"Inflame","floor":30},{"not_picked":["Bludgeon","Exhume"],"picked":"Demon Form","floor":33},{"not_picked":["Body Slam","Hemokinesis","Twin Strike"],"picked":"SKIP","floor":35},{"not_picked":["Thunderclap+1","Warcry","Evolve"],"picked":"SKIP","floor":36},{"not_picked":["Secret Weapon","Panacea"],"picked":"Bandage Up","floor":38}],"player_experience":1221555,"relics_obtained":[{"floor":9.0,"key":"Happy Flower"},{"floor":13,"key":"Shuriken"},{"floor":26,"key":"Darkstone Periapt"},{"floor":27,"key":"Red Skull"},{"floor":28,"key":"Unceasing Top"}],"event_choices":[{"damage_healed":0.0,"max_hp_gain":0.0,"max_hp_loss":0.0,"gold_gain":0.0,"event_name":"Scrap Ooze","player_choice":"Success","floor":4.0,"gold_loss":0.0,"damage_taken":5.0,"relics_obtained":["Tiny Chest"]},{"damage_healed":0.0,"max_hp_gain":0.0,"max_hp_loss":0.0,"gold_gain":150.0,"event_name":"Liars Game","player_choice":"AGREE","floor":8.0,"gold_loss":0.0,"damage_taken":0.0,"cards_obtained":["Doubt"]},{"damage_healed":0.0,"max_hp_gain":5.0,"max_hp_loss":0.0,"gold_gain":0.0,"event_name":"Big Fish","player_choice":"Donut","floor":11.0,"gold_loss":0.0,"damage_taken":0.0},{"damage_healed":0,"gold_gain":0,"player_choice":"Fight","damage_taken":0,"max_hp_gain":0,"max_hp_loss":0,"event_name":"Colosseum","floor":20,"gold_loss":0},{"damage_healed":0,"gold_gain":0,"player_choice":"Fled From Nobs","damage_taken":0,"max_hp_gain":0,"max_hp_loss":0,"event_name":"Colosseum","floor":20,"gold_loss":0},{"damage_healed":0,"gold_gain":0,"player_choice":"Joined the Cult","damage_taken":6,"max_hp_gain":0,"max_hp_loss":0,"event_name":"Nest","floor":22,"gold_loss":0,"cards_obtained":["RitualDagger"]},{"cards_removed":["Strike_R"],"damage_healed":0,"gold_gain":0,"player_choice":"Gave Gold","damage_taken":0,"max_hp_gain":0,"max_hp_loss":0,"event_name":"Beggar","floor":31,"gold_loss":75},{"damage_healed":0,"gold_gain":0,"player_choice":"Ignored","damage_taken":0,"max_hp_gain":0,"max_hp_loss":0,"event_name":"Tomb of Lord Red Mask","floor":37,"gold_loss":0},{"damage_healed":0,"gold_gain":0,"player_choice":"Memory 1","damage_taken":0,"max_hp_gain":0,"max_hp_loss":0,"event_name":"SensoryStone","floor":38,"gold_loss":0},{"damage_healed":0,"gold_gain":0,"player_choice":"Ignored","damage_taken":0,"max_hp_gain":0,"max_hp_loss":0,"event_name":"Mysterious Sphere","floor":39,"gold_loss":0}],"is_beta":false,"boss_relics":[{"not_picked":["Runic Pyramid","Busted Crown"],"picked":"Cursed Key"},{"not_picked":["Velvet Choker","Mark of Pain"],"picked":"Black Blood"}],"items_purged_floors":[14],"is_endless":false,"potions_floor_spawned":[1,3,5,13,20,30],"killed_by":"Giant Head","ascension_level":20}