{"gold_per_floor":[115,125,125,36,36,36,77,90,90,90,114,114,114],"floor_reached":13,"playtime":360,"items_purged":[],"score":211,"play_id":"3e0648a0-7e7d-4ef1-ab34-67f709f397b5","local_time":"20190119233038","is_ascension_mode":true,"campfire_choices":[{"data":"Neutralize","floor":6,"key":"SMITH"},{"data":"Sucker Punch","floor":10,"key":"SMITH"}],"neow_cost":"NONE","seed_source_timestamp":305940999195359,"circlet_count":0,"master_deck":["AscendersBane","Defend_G","Defend_G","Defend_G","Defend_G","Defend_G","Strike_G","Strike_G","Strike_G","Strike_G","Survivor","Neutralize+1","Deadly Poison","Footwork","Sucker Punch+1","Backflip","Quick Slash","Caltrops"],"relics":["Ring of the Snake","NeowsBlessing","Golden Idol","Tough Bandages","Paper Crane"],"potions_floor_usage":[13,13,13],"damage_taken":[{"damage":0,"enemies":"Cultist","floor":1,"turns":1},{"damage":0,"enemies":"Jaw Worm","floor":2,"turns":1},{"damage":0,"enemies":"Gremlin Nob","floor":7,"turns":1},{"damage":3,"enemies":"2 Louse","floor":8,"turns":2},{"damage":0,"enemies":"2 Fungi Beasts","floor":11,"turns":4},{"damage":34,"enemies":"Exordium Thugs","floor":13,"turns":4}],"seed_played":"6582986348315350278","potions_obtained":[{"floor":7,"key":"PowerPotion"},{"floor":11,"key":"EntropicBrew"}],"is_trial":false,"path_per_floor":["M","M","?","$","?","R","E","M","T","R","M","?","M"],"character_chosen":"THE_SILENT","items_purchased":["Footwork","Sucker Punch"],"campfire_rested":0,"item_purchase_floors":[4,4],"current_hp_per_floor":[59,59,59,59,36,36,36,33,33,33,33,33,0],"gold":114,"neow_bonus":"THREE_ENEMY_KILL","is_prod":false,"is_daily":false,"chose_seed":false,"campfire_upgraded":2,"win_rate":0,"timestamp":1547940638,"path_taken":["M","?","?","$","?","R","E","M","T","R","M","?","M"],"build_version":"2019-01-17v2","purchased_purges":0,"victory":false,"max_hp_per_floor":[66,66,66,66,66,66,66,66,66,66,66,66,66],"card_choices":[{"not_picked":["Underhanded Strike","Infinite Blades"],"picked":"Deadly Poison","floor":1},{"not_picked":["Outmaneuver","Endless Agony","Concentrate"],"picked":"SKIP","floor":2},{"not_picked":["Dagger Spray","Deflect"],"picked":"Backflip","floor":7},{"not_picked":["Terror","Underhanded Strike"],"picked":"Quick Slash","floor":8},{"not_picked":["Accuracy","Bane"],"picked":"Caltrops","floor":11}],"player_experience":1199066,"relics_obtained":[{"floor":7,"key":"Tough Bandages"},{"floor":9,"key":"Paper Crane"}],"event_choices":[{"damage_healed":0,"gold_gain":0,"player_choice":"Leave","damage_taken":0,"max_hp_gain":0,"max_hp_loss":0,"event_name":"The Cleric","floor":3,"gold_loss":0},{"damage_healed":0,"gold_gain":0,"player_choice":"Take Damage","damage_taken":23,"relics_obtained":["Golden Idol"],"max_hp_gain":0,"max_hp_loss":0,"event_name":"Golden Idol","floor":5,"gold_loss":0},{"cards_removed":["Strike_G"],"damage_healed":0,"gold_gain":0,"player_choice":"Offered Basic","damage_taken":0,"max_hp_gain":0,"max_hp_loss":0,"event_name":"Bonfire Elementals","floor":12,"gold_loss":0}],"is_beta":false,"boss_relics":[],"items_purged_floors":[],"is_endless":false,"potions_floor_spawned":[7,11],"killed_by":"Exordium Thugs","ascension_level":19}