{"gold_per_floor":[116,116,116,135,85,85,129,147,147,147,22,42,65,80,80,209,209,229,242,242,124,124,124,141,160,160,188,198,198,208,242,242,340,340,359,409,409,427,445,445,461,461,461,461,480,480,480,495,495,495,495,495,0,34,34],"floor_reached":55,"playtime":2634,"items_purged":["Strike_G","Regret"],"score":736,"play_id":"a66f5c0a-dbec-4b54-8ffd-928c61a9b95c","local_time":"20190514093916","is_ascension_mode":false,"campfire_choices":[{"data":"Neutralize","floor":6,"key":"SMITH"},{"data":"Poisoned Stab","floor":15,"key":"SMITH"},{"data":"Catalyst","floor":23,"key":"SMITH"},{"data":"Noxious Fumes","floor":29,"key":"SMITH"},{"data":"Noxious Fumes","floor":32,"key":"SMITH"},{"floor":40,"key":"RECALL"},{"floor":44,"key":"REST"},{"data":"Leg Sweep","floor":46,"key":"SMITH"},{"floor":49,"key":"REST"},{"data":"Bouncing Flask","floor":52,"key":"SMITH"}],"neow_cost":"NONE","seed_source_timestamp":802066811621000,"circlet_count":0,"master_deck":["Defend_G+1","Defend_G+1","Defend_G+1","Defend_G+1","Strike_G+1","Strike_G+1","Survivor","Neutralize+1","Dagger Spray","Iron Wave","Acrobatics","Flying Knee","Deadly Poison","Noxious Fumes+1","Leg Sweep+1","Bouncing Flask+1","Noxious Fumes+1","Poisoned Stab+1","Doppelganger","Catalyst+1","Malaise","Blur+1","PiercingWail+1","Doubt","Dagger Spray+1","Escape Plan","Sadistic Nature","Malaise"],"relics":["Ring of the Snake","NeowsBlessing","Bloody Idol","The Courier","Bottled Flame","NlothsMask","Busted Crown","Orichalcum","Darkstone Periapt","Cursed Key","Calipers","Bag of Marbles","Vajra","Pen Nib","Pantograph"],"potions_floor_usage":[24,27,31,33,48,50,55],"damage_taken":[{"damage":0,"enemies":"Jaw Worm","floor":1,"turns":1},{"damage":0,"enemies":"Cultist","floor":4,"turns":1},{"damage":0,"enemies":"3 Sentries","floor":7,"turns":1},{"damage":0,"enemies":"Small Slimes","floor":8,"turns":2},{"damage":0,"enemies":"Looter","floor":12,"turns":4},{"damage":7,"enemies":"Gremlin Gang","floor":13,"turns":3},{"damage":7,"enemies":"3 Louse","floor":14,"turns":4},{"damage":10,"enemies":"The Guardian","floor":16,"turns":8},{"damage":1,"enemies":"Chosen","floor":18,"turns":4},{"damage":17,"enemies":"2 Thieves","floor":19,"turns":5},{"damage":24,"enemies":"Snecko","floor":24,"turns":5},{"damage":2,"enemies":"Centurion and Healer","floor":25,"turns":5},{"damage":7,"enemies":"Gremlin Leader","floor":27,"turns":5},{"damage":8,"enemies":"Chosen and Byrds","floor":28,"turns":5},{"damage":0,"enemies":"Snecko","floor":30,"turns":3},{"damage":10,"enemies":"Book of Stabbing","floor":31,"turns":5},{"damage":15,"enemies":"Automaton","floor":33,"turns":9},{"damage":0,"enemies":"3 Shapes","floor":35,"turns":5},{"damage":45,"enemies":"2 Orb Walkers","floor":36,"turns":6},{"damage":15,"enemies":"3 Darklings","floor":38,"turns":4},{"damage":0,"enemies":"Writhing Mass","floor":39,"turns":4},{"damage":13,"enemies":"Jaw Worm Horde","floor":41,"turns":6},{"damage":2,"enemies":"Sphere and 2 Shapes","floor":45,"turns":4},{"damage":7,"enemies":"4 Shapes","floor":48,"turns":5},{"damage":70,"enemies":"Donu and Deca","floor":50,"turns":8},{"damage":23,"enemies":"Shield and Spear","floor":54,"turns":7},{"damage":97,"enemies":"The Heart","floor":55,"turns":8}],"seed_played":"717871144773928738","potions_obtained":[{"floor":7,"key":"PowerPotion"},{"floor":8,"key":"Strength Potion"},{"floor":13,"key":"Dexterity Potion"},{"floor":16,"key":"Regen Potion"},{"floor":25,"key":"FairyPotion"},{"floor":27,"key":"SkillPotion"},{"floor":28,"key":"SteroidPotion"},{"floor":41,"key":"LiquidBronze"},{"floor":45,"key":"EssenceOfSteel"},{"floor":48,"key":"Fruit Juice"}],"is_trial":false,"path_per_floor":["M","?","?","M","?","R","E","M","T","?","$","M","M","M","R","B",null,"M","M","?","$","?","R","M","M","T","E","M","R","M","E","R","B",null,"M","?","?","M","M","R","M","?","T","R","M","R","T","M","R","B",null,"R","$","E","B"],"character_chosen":"THE_SILENT","items_purchased":["Noxious Fumes","Leg Sweep","Catalyst","Sadistic Nature","Vajra","Pen Nib","Strength Potion"],"campfire_rested":2,"item_purchase_floors":[11,11,21,53,53,53,53],"current_hp_per_floor":[70,53,53,53,53,53,53,53,53,53,53,53,46,39,39,29,70,69,52,52,52,52,52,48,51,51,49,46,46,51,46,46,36,70,70,30,30,20,25,25,17,17,23,45,48,48,54,57,83,13,87,87,87,69,0],"gold":34,"neow_bonus":"THREE_ENEMY_KILL","is_prod":false,"is_daily":false,"chose_seed":false,"campfire_upgraded":7,"win_rate":0,"timestamp":1557823156,"path_taken":["M","?","?","?","?","R","E","M","T","?","$","?","M","M","R","BOSS","M","M","?","$","?","R","M","M","T","E","M","R","?","E","R","BOSS","M","?","?","M","M","R","M","?","T","R","?","R","?","M","R","BOSS","R","$","E","BOSS"],"build_version":"2019-01-23","purchased_purges":2,"victory":false,"max_hp_per_floor":[70,70,70,70,70,70,70,70,70,70,70,70,70,70,70,70,70,70,70,70,70,70,70,70,70,70,70,70,70,70,70,70,70,70,70,70,70,70,70,70,70,70,76,76,76,76,82,87,87,87,87,87,87,87,87],"card_choices":[{"not_picked":["PiercingWail","Slice"],"picked":"Dagger Spray","floor":1},{"not_picked":["Underhanded Strike","Endless Agony"],"picked":"Acrobatics","floor":4},{"not_picked":["Bane","Dodge and Roll"],"picked":"Flying Knee","floor":7},{"not_picked":["Acrobatics","Flying Knee"],"picked":"Deadly Poison","floor":8},{"not_picked":["PiercingWail","Deadly Poison"],"picked":"Bouncing Flask","floor":12},{"not_picked":["Deadly Poison","Night Terror"],"picked":"Noxious Fumes","floor":13},{"not_picked":["Blade Dance","Deadly Poison"],"picked":"Poisoned Stab","floor":14},{"not_picked":["Envenom","Wraith Form v2"],"picked":"Doppelganger","floor":16},{"not_picked":["Flying Knee"],"picked":"SKIP","floor":18},{"not_picked":["Eviscerate"],"picked":"SKIP","floor":19},{"not_picked":["Skewer"],"picked":"SKIP","floor":24},{"not_picked":["Masterful Stab+1"],"picked":"SKIP","floor":25},{"not_picked":["Blade Dance"],"picked":"SKIP","floor":27},{"not_picked":["Flying Knee"],"picked":"SKIP","floor":28},{"not_picked":["PiercingWail"],"picked":"SKIP","floor":30},{"not_picked":["Die Die Die"],"picked":"SKIP","floor":31},{"not_picked":[],"picked":"Malaise","floor":33},{"not_picked":["Poisoned Stab"],"picked":"SKIP","floor":35},{"not_picked":[],"picked":"Blur+1","floor":36},{"not_picked":[],"picked":"PiercingWail+1","floor":38},{"not_picked":["Poisoned Stab"],"picked":"SKIP","floor":39},{"not_picked":["Finisher+1"],"picked":"SKIP","floor":41},{"not_picked":[],"picked":"Dagger Spray+1","floor":45},{"not_picked":[],"picked":"Escape Plan","floor":48},{"not_picked":[],"picked":"Malaise","floor":54}],"player_experience":1260112,"relics_obtained":[{"floor":7,"key":"The Courier"},{"floor":9,"key":"Bottled Flame"},{"floor":27,"key":"Orichalcum"},{"floor":31,"key":"Darkstone Periapt"},{"floor":36,"key":"Calipers"},{"floor":47,"key":"Bag of Marbles"},{"floor":54,"key":"Pantograph"}],"event_choices":[{"damage_healed":0,"gold_gain":0,"player_choice":"Take Damage","damage_taken":17,"relics_obtained":["Golden Idol"],"max_hp_gain":0,"max_hp_loss":0,"event_name":"Golden Idol","floor":2,"gold_loss":0},{"cards_removed":["Strike_G"],"damage_healed":0,"gold_gain":0,"player_choice":"Took Card","damage_taken":0,"max_hp_gain":0,"max_hp_loss":0,"event_name":"NoteForYourself","floor":3,"gold_loss":0,"cards_obtained":["Iron Wave"]},{"cards_removed":["Defend_G"],"damage_healed":0,"gold_gain":0,"player_choice":"Card Removal","damage_taken":0,"max_hp_gain":0,"max_hp_loss":0,"event_name":"The Cleric","floor":5,"gold_loss":50},{"damage_healed":0,"gold_gain":0,"player_choice":"Trade","damage_taken":0,"relics_obtained":["NlothsMask"],"max_hp_gain":0,"max_hp_loss":0,"event_name":"FaceTrader","floor":10,"gold_loss":0},{"damage_healed":0,"gold_gain":0,"player_choice":"Gave Idol","damage_taken":0,"relics_obtained":["Bloody Idol"],"max_hp_gain":0,"max_hp_loss":0,"event_name":"Forgotten Altar","floor":20,"relics_lost":["Golden Idol"],"gold_loss":0},{"damage_healed":0,"gold_gain":0,"player_choice":"Simplicity","damage_taken":0,"max_hp_gain":0,"max_hp_loss":0,"event_name":"Back to Basics","floor":22,"gold_loss":0,"cards_upgraded":["Defend_G","Defend_G","Defend_G","Defend_G","Strike_G","Strike_G","Strike_G"]},{"damage_healed":0,"gold_gain":0,"player_choice":"Fight","damage_taken":0,"max_hp_gain":0,"max_hp_loss":0,"event_name":"Mysterious Sphere","floor":36,"gold_loss":0},{"cards_removed":["Strike_G"],"damage_healed":0,"gold_gain":0,"player_choice":"Removed Attack","damage_taken":0,"max_hp_gain":0,"max_hp_loss":0,"event_name":"Falling","floor":37,"gold_loss":0},{"damage_healed":0,"gold_gain":0,"player_choice":"Ignored","damage_taken":0,"max_hp_gain":0,"max_hp_loss":0,"event_name":"Tomb of Lord Red Mask","floor":42,"gold_loss":0}],"is_beta":false,"boss_relics":[{"not_picked":["Runic Dome","Lizard Tail"],"picked":"Busted Crown"},{"not_picked":["Runic Pyramid","Calling Bell"],"picked":"Cursed Key"}],"items_purged_floors":[21,53],"is_endless":false,"potions_floor_spawned":[7,8,13,16,19,25,27,28,41,45,48],"killed_by":"The Heart","ascension_level":0}