{"gold_per_floor":[117,117,136,149,324,324,351,351,378,378,391,421,421,421,421,516,516,531,548,150,168,83,83,109,109,162,162,162,162,180,180],"floor_reached":31,"playtime":1750,"items_purged":["Doubt"],"score":286,"play_id":"f2c6d187-00ae-4b2a-8c1e-524cb087fcc8","local_time":"20190706202643","daily_mods":["SealedDeck","Heirloom","Time Dilation","Flight"],"is_ascension_mode":false,"campfire_choices":[{"data":"Echo Form","floor":6,"key":"SMITH"},{"data":"Demon Form","floor":8,"key":"SMITH"},{"data":"Wraith Form v2","floor":10,"key":"SMITH"},{"data":"Catalyst","floor":15,"key":"SMITH"},{"data":"Escape Plan","floor":23,"key":"SMITH"},{"data":"Escape Plan","floor":25,"key":"SMITH"},{"data":"Escape Plan","floor":27,"key":"SMITH"}],"neow_cost":"","seed_source_timestamp":0,"circlet_count":0,"master_deck":["Demon Form+1","Wraith Form v2+1","Echo Form+1","Poisoned Stab","Escape Plan+1","Bane","Bane","Poisoned Stab","Blur","Blur","Deadly Poison","Deadly Poison","Crippling Poison","Backflip","Catalyst+1","Deadly Poison","Escape Plan+1","Escape Plan+1","Corpse Explosion","Dash","Well Laid Plans+1","Footwork+1","Dodge and Roll","Backflip","Parasite","J.A.X."],"relics":["Ring of the Snake","Prayer Wheel","WarpedTongs","Orichalcum","Bronze Scales","Frozen Egg 2","Ninja Scroll","Cursed Key","Dodecahedron","Potion Belt","Matryoshka","Dream Catcher","Regal Pillow"],"potions_floor_usage":[7],"damage_taken":[{"damage":0,"enemies":"Small Slimes","floor":1,"turns":3},{"damage":2,"enemies":"Cultist","floor":3,"turns":3},{"damage":2,"enemies":"2 Louse","floor":4,"turns":2},{"damage":15,"enemies":"Gremlin Nob","floor":7,"turns":4},{"damage":8,"enemies":"Large Slime","floor":11,"turns":5},{"damage":14,"enemies":"Lagavulin","floor":12,"turns":7},{"damage":12,"enemies":"Hexaghost","floor":16,"turns":5},{"damage":4,"enemies":"2 Thieves","floor":18,"turns":3},{"damage":0,"enemies":"3 Byrds","floor":19,"turns":3},{"damage":2,"enemies":"Shelled Parasite and Fungi","floor":21,"turns":3},{"damage":12,"enemies":"Gremlin Leader","floor":24,"turns":5},{"damage":15,"enemies":"Centurion and Healer","floor":30,"turns":5},{"damage":26,"enemies":"Slavers","floor":31,"turns":1}],"seed_played":"-2049245854008142192","potions_obtained":[{"floor":1,"key":"GamblersBrew"},{"floor":4,"key":"Block Potion"},{"floor":7,"key":"SpeedPotion"},{"floor":21,"key":"Weak Potion"}],"is_trial":true,"path_per_floor":["M","?","M","M","?","R","E","R","T","R","M","E","?","T","R","B",null,"M","M","$","M","?","R","E","R","T","R","?","?","M","E"],"character_chosen":"THE_SILENT","items_purchased":["Well Laid Plans+1","Dodecahedron"],"campfire_rested":0,"item_purchase_floors":[20,20],"current_hp_per_floor":[70,70,68,66,66,66,51,51,51,51,43,29,22,22,22,10,70,66,66,66,64,64,64,52,52,52,52,52,39,24,0],"gold":180,"neow_bonus":"","is_prod":false,"is_daily":false,"chose_seed":false,"campfire_upgraded":7,"win_rate":0,"timestamp":1562412403,"path_taken":["M","?","M","?","?","R","E","R","T","R","M","E","?","?","R","BOSS","M","M","$","M","?","R","E","R","T","R","?","?","?","E"],"build_version":"2019-07-05","purchased_purges":1,"victory":false,"max_hp_per_floor":[70,70,70,70,70,70,70,70,70,70,70,70,70,70,70,70,70,70,70,70,70,70,70,70,70,70,70,70,75,75,75],"card_choices":[{"not_picked":["Slice","Choke"],"picked":"Backflip","floor":1},{"not_picked":["Acrobatics","Predator"],"picked":"Catalyst","floor":1},{"not_picked":["Riddle With Holes","Flechettes"],"picked":"Deadly Poison","floor":3},{"not_picked":["Dagger Throw","Accuracy","Quick Slash"],"picked":"SKIP","floor":3},{"not_picked":["Sucker Punch","PiercingWail"],"picked":"Escape Plan","floor":4},{"not_picked":["Infinite Blades","Sucker Punch","Slice"],"picked":"SKIP","floor":4},{"not_picked":["Quick Slash","Underhanded Strike"],"picked":"Escape Plan","floor":7},{"not_picked":["Dodge and Roll","Blade Dance"],"picked":"Corpse Explosion","floor":11},{"not_picked":["Poisoned Stab","Backstab","Caltrops"],"picked":"SKIP","floor":11},{"not_picked":["Dagger Throw","Quick Slash","Flying Knee"],"picked":"SKIP","floor":12},{"not_picked":["Quick Slash","Underhanded Strike"],"picked":"Dash","floor":18},{"not_picked":["Cloak And Dagger","Quick Slash","Blade Dance"],"picked":"SKIP","floor":18},{"not_picked":["Dagger Throw","Bane","Crippling Poison"],"picked":"SKIP","floor":19},{"not_picked":["Prepared+1","Deadly Poison","Tactician+1"],"picked":"SKIP","floor":19},{"not_picked":["Slice","Riddle With Holes+1"],"picked":"Footwork+1","floor":21},{"not_picked":["Choke","Blade Dance"],"picked":"Dodge and Roll","floor":21},{"not_picked":["Sucker Punch","Dash+1"],"picked":"Backflip","floor":24},{"not_picked":["Infinite Blades+1","Outmaneuver+1","Cloak And Dagger"],"picked":"SKIP","floor":30},{"not_picked":["Dodge and Roll","Deflect","Crippling Poison"],"picked":"SKIP","floor":30}],"player_experience":67751,"relics_obtained":[{"floor":7,"key":"Orichalcum"},{"floor":9,"key":"Bronze Scales"},{"floor":12,"key":"Frozen Egg 2"},{"floor":14,"key":"Ninja Scroll"},{"floor":24,"key":"Matryoshka"},{"floor":26,"key":"Dream Catcher"},{"floor":26,"key":"Regal Pillow"}],"event_choices":[{"damage_healed":0,"gold_gain":0,"player_choice":"Rummage","damage_taken":0,"relics_obtained":["WarpedTongs"],"max_hp_gain":0,"max_hp_loss":0,"event_name":"Accursed Blacksmith","floor":2,"gold_loss":0,"cards_obtained":["Pain"]},{"damage_healed":0,"gold_gain":175,"player_choice":"AGREE","damage_taken":0,"max_hp_gain":0,"max_hp_loss":0,"event_name":"Liars Game","floor":5,"gold_loss":0,"cards_obtained":["Doubt"]},{"cards_removed":["Pain"],"damage_healed":0,"gold_gain":0,"player_choice":"Card Removal","damage_taken":7,"max_hp_gain":0,"max_hp_loss":0,"event_name":"Golden Wing","floor":13,"gold_loss":0},{"damage_healed":0,"gold_gain":0,"player_choice":"Obtained Relic","damage_taken":0,"relics_obtained":["Potion Belt"],"max_hp_gain":0,"max_hp_loss":0,"event_name":"Addict","floor":22,"gold_loss":85},{"damage_healed":0,"gold_gain":0,"player_choice":"Obtain J.A.X.","damage_taken":0,"max_hp_gain":0,"max_hp_loss":0,"event_name":"Drug Dealer","floor":28,"gold_loss":0,"cards_obtained":["J.A.X."]},{"damage_healed":0,"gold_gain":0,"player_choice":"Shed Blood","damage_taken":18,"max_hp_gain":5,"max_hp_loss":0,"event_name":"Forgotten Altar","floor":29,"gold_loss":0}],"is_beta":false,"boss_relics":[{"not_picked":["Runic Pyramid","Busted Crown"],"picked":"Cursed Key"}],"items_purged_floors":[20],"is_endless":false,"potions_floor_spawned":[1,4,7,21],"killed_by":"Slavers","ascension_level":0}