{"gold_per_floor":[99,99,99,99,99,99,99,99,99,99,99,99,99,99,99,99,99,99,99,99,49,49,49],"floor_reached":23,"playtime":993,"items_purged":["Injury"],"score":326,"play_id":"ba53707b-09e4-4087-9eb4-250820416f71","local_time":"20190628213555","is_ascension_mode":true,"campfire_choices":[{"floor":10,"key":"REST"},{"floor":15,"key":"REST"}],"neow_cost":"NONE","seed_source_timestamp":464195496559802,"circlet_count":0,"master_deck":["AscendersBane","Strike_B","Strike_B","Strike_B","Defend_B","Defend_B","Defend_B","Defend_B","Zap+1","Dualcast","Gash","Beam Cell","Streamline","Sweeping Beam","Seek","Hologram+1","Conserve Battery","Leap","Clumsy","Hologram","Gash"],"relics":["Ectoplasm","Smiling Mask","Orichalcum","Happy Flower","Pen Nib","Calling Bell","Bag of Preparation","Cables","Ginger","Spirit Poop"],"potions_floor_usage":[6,12,23],"damage_taken":[{"damage":2,"enemies":"2 Louse","floor":1,"turns":3},{"damage":0,"enemies":"Cultist","floor":3,"turns":3},{"damage":4,"enemies":"Jaw Worm","floor":4,"turns":3},{"damage":11,"enemies":"Blue Slaver","floor":5,"turns":3},{"damage":10,"enemies":"3 Sentries","floor":6,"turns":4},{"damage":9,"enemies":"Red Slaver","floor":7,"turns":3},{"damage":22,"enemies":"Lagavulin","floor":8,"turns":5},{"damage":5,"enemies":"3 Sentries","floor":12,"turns":6},{"damage":2,"enemies":"Large Slime","floor":14,"turns":5},{"damage":24,"enemies":"The Guardian","floor":16,"turns":12},{"damage":16,"enemies":"Chosen","floor":18,"turns":5},{"damage":13,"enemies":"Colosseum Slavers","floor":19,"turns":5},{"damage":0,"enemies":"Spheric Guardian","floor":22,"turns":3},{"damage":38,"enemies":"Book of Stabbing","floor":23,"turns":4}],"seed_played":"-7753278635962495338","potions_obtained":[{"floor":3,"key":"FearPotion"},{"floor":4,"key":"AttackPotion"},{"floor":6,"key":"Fire Potion"}],"is_trial":false,"path_per_floor":["M","?","M","M","M","E","M","E","T","R","?","E","?","M","R","B",null,"M","?","?","$","M","E"],"character_chosen":"DEFECT","items_purchased":[],"campfire_rested":2,"item_purchase_floors":[],"current_hp_per_floor":[66,66,66,62,51,41,32,10,10,32,32,27,27,25,47,23,62,46,33,33,33,33,0],"gold":49,"neow_bonus":"BOSS_RELIC","is_prod":false,"is_daily":false,"chose_seed":false,"campfire_upgraded":0,"win_rate":0,"timestamp":1561772155,"path_taken":["M","?","M","?","M","E","M","E","T","R","?","E","?","?","R","BOSS","M","?","?","$","M","E"],"build_version":"2019-01-23","purchased_purges":1,"victory":false,"max_hp_per_floor":[75,75,75,75,75,75,75,75,75,75,75,75,75,75,75,75,75,75,75,75,75,75,75],"card_choices":[{"not_picked":["Turbo","Skim"],"picked":"Gash","floor":1},{"not_picked":["Leap","Compile Driver"],"picked":"Beam Cell","floor":3},{"not_picked":["Redo","Ball Lightning"],"picked":"Streamline","floor":4},{"not_picked":["Cold Snap","Redo"],"picked":"Sweeping Beam","floor":5},{"not_picked":["Barrage","Beam Cell"],"picked":"Seek","floor":6},{"not_picked":["Compile Driver","Coolheaded"],"picked":"Hologram","floor":7},{"not_picked":["Hologram","Streamline"],"picked":"Conserve Battery","floor":8},{"not_picked":["Chaos","Reboot"],"picked":"Leap","floor":12},{"not_picked":["Compile Driver","Loop","Hologram"],"picked":"SKIP","floor":14},{"not_picked":["Ball Lightning","Conserve Battery"],"picked":"Hologram","floor":18},{"not_picked":["Steam","Stack+1"],"picked":"Gash","floor":22}],"player_experience":442897,"relics_obtained":[{"floor":6,"key":"Smiling Mask"},{"floor":8,"key":"Orichalcum"},{"floor":9,"key":"Happy Flower"},{"floor":12,"key":"Pen Nib"},{"floor":17,"key":"Bag of Preparation"},{"floor":17,"key":"Cables"},{"floor":17,"key":"Ginger"}],"event_choices":[{"cards_removed":["Strike_B"],"damage_healed":0,"gold_gain":0,"player_choice":"Purged","damage_taken":0,"max_hp_gain":0,"max_hp_loss":0,"event_name":"Purifier","floor":2,"gold_loss":0},{"damage_healed":0,"gold_gain":0,"player_choice":"Grow","damage_taken":0,"max_hp_gain":0,"max_hp_loss":0,"event_name":"Living Wall","floor":11,"gold_loss":0,"cards_upgraded":["Hologram"]},{"damage_healed":0,"gold_gain":0,"player_choice":"Upgraded","damage_taken":0,"max_hp_gain":0,"max_hp_loss":0,"event_name":"Upgrade Shrine","floor":13,"gold_loss":0,"cards_upgraded":["Zap"]},{"damage_healed":0,"gold_gain":0,"player_choice":"Fight","damage_taken":0,"max_hp_gain":0,"max_hp_loss":0,"event_name":"Colosseum","floor":19,"gold_loss":0},{"damage_healed":0,"gold_gain":0,"player_choice":"Fled From Nobs","damage_taken":0,"max_hp_gain":0,"max_hp_loss":0,"event_name":"Colosseum","floor":19,"gold_loss":0},{"cards_removed":["Writhe"],"damage_healed":0,"gold_gain":0,"player_choice":"Offered Curse","damage_taken":0,"relics_obtained":["Spirit Poop"],"max_hp_gain":0,"max_hp_loss":0,"event_name":"Bonfire Elementals","floor":20,"gold_loss":0}],"is_beta":false,"boss_relics":[{"not_picked":["Busted Crown","Orrery"],"picked":"Calling Bell"}],"items_purged_floors":[21],"is_endless":false,"potions_floor_spawned":[3,4,5,6],"killed_by":"Book of Stabbing","ascension_level":11}