{"gold_per_floor":[118,132,57,67,81,416,434,434,458,458,468,468,166,184,184,288,288,308,109,109,208,222,222,222,322,322,322,335,335,346,377,377,472,472,482,497,511,151,169,169,169,183,210,210,35,54,54,54,54,54],"floor_reached":51,"playtime":1597,"items_purged":["Strike_R","Defend_R","Defend_R","Strike_R","Strike_R+1"],"score":869,"play_id":"8d48589e-c4e0-4924-9e99-546c783e2c23","local_time":"20190611204837","is_ascension_mode":false,"campfire_choices":[{"floor":15,"key":"REST"},{"data":"Rampage","floor":23,"key":"SMITH"},{"data":"Bash","floor":27,"key":"SMITH"},{"data":"Shrug It Off","floor":29,"key":"SMITH"},{"data":"Dropkick","floor":32,"key":"SMITH"},{"data":"Defend_R","floor":40,"key":"SMITH"},{"data":"Strike_R","floor":44,"key":"SMITH"},{"floor":47,"key":"REST"},{"floor":49,"key":"REST"}],"neow_cost":"TEN_PERCENT_HP_LOSS","seed_source_timestamp":282153611654167,"circlet_count":0,"master_deck":["Defend_R+1","Bash+1","Dropkick+1","Shrug It Off+1","Rampage+1"],"special_seed":0,"relics":["Burning Blood","Old Coin","Lantern","FaceOfCleric","PreservedInsect","Busted Crown","MutagenicStrength","Paper Frog","Dream Catcher","Runic Cube","TheAbacus","Centennial Puzzle"],"potions_floor_usage":[16,16,33,37,50,50,50],"damage_taken":[{"damage":6.0,"enemies":"Cultist","floor":1.0,"turns":3.0},{"damage":1.0,"enemies":"Jaw Worm","floor":2.0,"turns":3.0},{"damage":5.0,"enemies":"Small Slimes","floor":4.0,"turns":3.0},{"damage":11.0,"enemies":"Exordium Thugs","floor":5.0,"turns":4.0},{"damage":56.0,"enemies":"3 Sentries","floor":6.0,"turns":12.0},{"damage":11.0,"enemies":"Blue Slaver","floor":7.0,"turns":5.0},{"damage":4,"enemies":"Exordium Wildlife","floor":11,"turns":4},{"damage":2,"enemies":"2 Fungi Beasts","floor":14,"turns":4},{"damage":32,"enemies":"Slime Boss","floor":16,"turns":8},{"damage":16,"enemies":"2 Thieves","floor":18,"turns":4},{"damage":4,"enemies":"Shell Parasite","floor":22,"turns":3},{"damage":12,"enemies":"Centurion and Healer","floor":28,"turns":3},{"damage":1,"enemies":"3 Cultists","floor":30,"turns":4},{"damage":5,"enemies":"Slavers","floor":31,"turns":4},{"damage":53,"enemies":"Automaton","floor":33,"turns":7},{"damage":6,"enemies":"Orb Walker","floor":35,"turns":3},{"damage":16,"enemies":"3 Shapes","floor":36,"turns":3},{"damage":16,"enemies":"Maw","floor":37,"turns":5},{"damage":0,"enemies":"4 Shapes","floor":39,"turns":5},{"damage":0,"enemies":"Jaw Worm Horde","floor":42,"turns":3},{"damage":0,"enemies":"Spire Growth","floor":46,"turns":2},{"damage":10,"enemies":"Time Eater","floor":50,"turns":5}],"seed_played":"4518905968207596745","potions_obtained":[{"floor":1.0,"key":"Dexterity Potion"},{"floor":2.0,"key":"Poison Potion"},{"floor":11,"key":"Swift Potion"},{"floor":16,"key":"Strength Potion"},{"floor":28,"key":"PowerPotion"},{"floor":36,"key":"Regen Potion"},{"floor":39,"key":"Regen Potion"}],"is_trial":false,"path_per_floor":["M","M","$","M","M","E","M","?","T","?","M","?","$","M","R","B",null,"M","$","?","?","M","R","?","?","T","R","M","R","M","E","R","B",null,"M","M","M","$","M","R","?","M","T","R","$","M","R","$","R","B",null],"character_chosen":"IRONCLAD","items_purchased":["Strength Potion","PreservedInsect","Rampage","TheAbacus"],"campfire_rested":3,"item_purchase_floors":[13,13,19,38],"current_hp_per_floor":[72,72,72,72,67,17,12,5,5,5,8,8,8,13,35,10,75,66,66,66,66,69,69,69,69,69,69,64,64,70,72,72,26,81,82,73,78,78,85,85,85,86,86,86,86,87,87,87,87,88],"gold":54,"neow_bonus":"REMOVE_TWO","is_prod":false,"is_daily":false,"chose_seed":false,"campfire_upgraded":6,"win_rate":0,"timestamp":1560300517,"path_taken":["M","M","$","?","M","E","M","?","T","?","?","?","?","M","R","BOSS","M","$","?","?","?","R","?","?","T","R","M","R","M","E","R","BOSS","M","M","M","$","M","R","?","M","T","R","$","M","R","?","R","BOSS"],"build_version":"2019-01-23","purchased_purges":5,"victory":true,"max_hp_per_floor":[72,72,72,72,72,72,72,72,72,72,73,73,73,74,74,75,75,76,76,76,76,77,77,77,77,77,77,78,78,79,80,80,81,81,82,83,84,84,85,85,85,86,86,86,86,87,87,87,87,88],"card_choices":[{"not_picked":["Warcry","Blood for Blood"],"picked":"Dropkick","floor":1.0},{"not_picked":["Power Through","Pommel Strike","Body Slam"],"picked":"SKIP","floor":2.0},{"not_picked":["Second Wind","Thunderclap","Fire Breathing"],"picked":"SKIP","floor":4.0},{"not_picked":["Metallicize","Pummel","Flame Barrier"],"picked":"SKIP","floor":5.0},{"not_picked":["Intimidate","Combust","Barricade"],"picked":"SKIP","floor":6.0},{"not_picked":["Thunderclap","Sword Boomerang"],"picked":"Shrug It Off","floor":7.0},{"not_picked":["Carnage","Perfected Strike","Heavy Blade"],"picked":"SKIP","floor":11},{"not_picked":["Sever Soul","Entrench","Clothesline"],"picked":"SKIP","floor":14},{"not_picked":["Twin Strike+1"],"picked":"SKIP","floor":18},{"not_picked":["Flex"],"picked":"SKIP","floor":22},{"not_picked":["Pommel Strike"],"picked":"SKIP","floor":28},{"not_picked":["Pummel"],"picked":"SKIP","floor":30},{"not_picked":["Anger+1"],"picked":"SKIP","floor":31},{"not_picked":["Shrug It Off+1"],"picked":"SKIP","floor":35},{"not_picked":["Fire Breathing"],"picked":"SKIP","floor":36},{"not_picked":["Armaments"],"picked":"SKIP","floor":37},{"not_picked":["Clothesline"],"picked":"SKIP","floor":39},{"not_picked":["Pommel Strike"],"picked":"SKIP","floor":42},{"not_picked":["Disarm"],"picked":"SKIP","floor":46}],"player_experience":412336,"relics_obtained":[{"floor":6.0,"key":"Old Coin"},{"floor":9.0,"key":"Lantern"},{"floor":26,"key":"Paper Frog"},{"floor":31,"key":"Dream Catcher"},{"floor":43,"key":"Centennial Puzzle"}],"event_choices":[{"cards_removed":["Strike_R"],"damage_healed":0.0,"max_hp_gain":0.0,"max_hp_loss":0.0,"gold_gain":0.0,"event_name":"Golden Wing","player_choice":"Card Removal","floor":8.0,"gold_loss":0.0,"damage_taken":7.0},{"damage_healed":0.0,"max_hp_gain":0.0,"max_hp_loss":0.0,"gold_gain":0.0,"event_name":"FaceTrader","player_choice":"Trade","floor":10.0,"gold_loss":0.0,"damage_taken":0.0,"relics_obtained":["FaceOfCleric"]},{"damage_healed":0,"gold_gain":0,"player_choice":"Ignored","damage_taken":0,"max_hp_gain":0,"max_hp_loss":0,"event_name":"Liars Game","floor":12,"gold_loss":0},{"damage_healed":0,"gold_gain":0,"player_choice":"Inject Mutagens","damage_taken":0,"relics_obtained":["MutagenicStrength"],"max_hp_gain":0,"max_hp_loss":0,"event_name":"Drug Dealer","floor":20,"gold_loss":0},{"damage_healed":0,"gold_gain":99,"player_choice":"Stole From Cult","damage_taken":0,"max_hp_gain":0,"max_hp_loss":0,"event_name":"Nest","floor":21,"gold_loss":0},{"damage_healed":0,"gold_gain":0,"player_choice":"Ignored","damage_taken":0,"max_hp_gain":0,"max_hp_loss":0,"event_name":"Vampires","floor":24,"gold_loss":0},{"damage_healed":0,"gold_gain":100,"player_choice":"Pray","damage_taken":0,"max_hp_gain":0,"max_hp_loss":0,"event_name":"Golden Shrine","floor":25,"gold_loss":0},{"damage_healed":0,"gold_gain":0,"player_choice":"0 cards matched","damage_taken":0,"max_hp_gain":0,"max_hp_loss":0,"event_name":"Match and Keep!","floor":41,"gold_loss":0,"cards_obtained":[]}],"is_beta":false,"boss_relics":[{"not_picked":["Black Star","Tiny House"],"picked":"Busted Crown"},{"not_picked":["Snecko Eye","Coffee Dripper"],"picked":"Runic Cube"}],"items_purged_floors":[3,13,19,38,45],"is_endless":false,"potions_floor_spawned":[1,2,11,16,28,31,36,39],"ascension_level":0}