{"gold_per_floor":[111,128,128,147,218,218,259,259,312,330,343,361,44,68,68,163,163,139,139],"floor_reached":19,"playtime":975,"items_purged":[],"score":342,"play_id":"e3f370d8-bdbb-43e9-aa74-c6c04305b8eb","local_time":"20190128222706","is_ascension_mode":true,"campfire_choices":[{"data":"Zap","floor":6,"key":"SMITH"},{"data":"Buffer","floor":8,"key":"SMITH"},{"floor":15,"key":"REST"}],"neow_cost":"NONE","seed_source_timestamp":410188874146500,"circlet_count":0,"master_deck":["AscendersBane","Strike_B","Strike_B","Strike_B","Strike_B","Defend_B","Defend_B","Defend_B","Defend_B","Zap+1","Dualcast","Reboot","Leap","Melter","Glacier","Buffer+1","Sweeping Beam","Capacitor","Bandage Up","Thunder Strike","Redo+1"],"relics":["Cracked Core","Golden Idol","Oddly Smooth Stone","Centennial Puzzle","ClockworkSouvenir","Velvet Choker"],"potions_floor_usage":[16,16],"damage_taken":[{"damage":6,"enemies":"2 Louse","floor":1,"turns":3},{"damage":11,"enemies":"Jaw Worm","floor":2,"turns":4},{"damage":1,"enemies":"Small Slimes","floor":4,"turns":3},{"damage":27,"enemies":"Lagavulin","floor":7,"turns":8},{"damage":6,"enemies":"Exordium Wildlife","floor":10,"turns":9},{"damage":10,"enemies":"Gremlin Gang","floor":11,"turns":4},{"damage":0,"enemies":"3 Louse","floor":12,"turns":3},{"damage":0,"enemies":"Exordium Wildlife","floor":14,"turns":6},{"damage":4,"enemies":"The Guardian","floor":16,"turns":13},{"damage":6,"enemies":"2 Thieves","floor":18,"turns":4},{"damage":58,"enemies":"3 Byrds","floor":19,"turns":5}],"seed_played":"-137925379944947142","potions_obtained":[{"floor":4,"key":"Ancient Potion"},{"floor":7,"key":"Strength Potion"},{"floor":14,"key":"FocusPotion"}],"is_trial":false,"path_per_floor":["M","M","?","M","?","R","E","R","T","M","M","M","$","M","R","B",null,"M","M"],"character_chosen":"DEFECT","items_purchased":["ClockworkSouvenir","Bandage Up"],"campfire_rested":1,"item_purchase_floors":[13,13],"current_hp_per_floor":[58,47,47,46,46,46,19,19,19,13,3,3,3,7,26,26,55,53,0],"gold":139,"neow_bonus":"ONE_RANDOM_RARE_CARD","is_prod":false,"is_daily":false,"chose_seed":false,"campfire_upgraded":2,"win_rate":0,"timestamp":1548714426,"path_taken":["M","M","?","M","?","R","E","R","T","M","M","M","?","M","R","BOSS","M","M"],"build_version":"2019-01-23","purchased_purges":0,"victory":false,"max_hp_per_floor":[71,71,64,64,64,64,64,64,64,64,64,64,64,64,64,64,64,64,64],"card_choices":[{"not_picked":["Cold Snap","Stack"],"picked":"Leap","floor":1},{"not_picked":["Turbo","Reinforced Body"],"picked":"Melter","floor":2},{"not_picked":["Lockon","Rip and Tear"],"picked":"Glacier","floor":4},{"not_picked":["Turbo","Streamline"],"picked":"Buffer","floor":7},{"not_picked":["Compile Driver","Creative AI","Aggregate"],"picked":"SKIP","floor":10},{"not_picked":["Redo","Hologram"],"picked":"Sweeping Beam","floor":11},{"not_picked":["Redo","Streamline"],"picked":"Capacitor","floor":12},{"not_picked":["Barrage","Force Field","Redo"],"picked":"SKIP","floor":14},{"not_picked":["Amplify","Fission"],"picked":"Thunder Strike","floor":16},{"not_picked":["Heatsinks","Beam Cell+1"],"picked":"Redo+1","floor":18}],"player_experience":1257208,"relics_obtained":[{"floor":7,"key":"Oddly Smooth Stone"},{"floor":9,"key":"Centennial Puzzle"}],"event_choices":[{"damage_healed":0,"gold_gain":0,"player_choice":"Lose Max HP","damage_taken":0,"relics_obtained":["Golden Idol"],"max_hp_gain":0,"max_hp_loss":7,"event_name":"Golden Idol","floor":3,"gold_loss":0},{"damage_healed":0,"gold_gain":71,"player_choice":"Gained Gold","damage_taken":0,"max_hp_gain":0,"max_hp_loss":0,"event_name":"Golden Wing","floor":5,"gold_loss":0}],"is_beta":false,"boss_relics":[{"not_picked":["Tiny House","Cursed Key"],"picked":"Velvet Choker"}],"items_purged_floors":[],"is_endless":false,"potions_floor_spawned":[4,7,12,14],"killed_by":"3 Byrds","ascension_level":20}