{"gold_per_floor":[13,30,30,48,62,62,97,97,144,161,161,181,8,19,19,98,98,115,115,15,35,55,55,68,68],"floor_reached":25,"playtime":1198,"items_purged":[],"score":414,"play_id":"5835b86c-9d62-49e4-92d8-5eba49f5361e","local_time":"20190127232809","is_ascension_mode":true,"campfire_choices":[{"data":"Zap","floor":6,"key":"SMITH"},{"data":"White Noise","floor":11,"key":"SMITH"},{"floor":15,"key":"REST"},{"data":"White Noise","floor":23,"key":"SMITH"}],"neow_cost":"NO_GOLD","seed_source_timestamp":327227586751800,"circlet_count":0,"master_deck":["AscendersBane","Strike_B","Strike_B","Strike_B","Defend_B","Defend_B","Defend_B","Zap+1","Dualcast","Self Repair","Auto Shields","White Noise+1","Capacitor","Hologram","White Noise+1","Ball Lightning","BootSequence","Leap","Ball Lightning","Buffer+1","Glacier"],"relics":["Cracked Core","Pantograph","Smiling Mask","Ancient Tea Set","Anchor","Cursed Key"],"potions_floor_usage":[5,22],"damage_taken":[{"damage":0,"enemies":"2 Louse","floor":1,"turns":2},{"damage":19,"enemies":"Small Slimes","floor":2,"turns":6},{"damage":1,"enemies":"Cultist","floor":4,"turns":4},{"damage":23,"enemies":"Gremlin Gang","floor":5,"turns":5},{"damage":15,"enemies":"Lagavulin","floor":7,"turns":7},{"damage":12,"enemies":"Red Slaver","floor":10,"turns":3},{"damage":11,"enemies":"Looter","floor":12,"turns":3},{"damage":18,"enemies":"Exordium Wildlife","floor":14,"turns":5},{"damage":39,"enemies":"Hexaghost","floor":16,"turns":9},{"damage":4,"enemies":"Spheric Guardian","floor":18,"turns":5},{"damage":0,"enemies":"2 Thieves","floor":20,"turns":5},{"damage":3,"enemies":"Snecko","floor":21,"turns":8},{"damage":0,"enemies":"Centurion and Healer","floor":22,"turns":8},{"damage":26,"enemies":"Snake Plant","floor":24,"turns":5},{"damage":59,"enemies":"Slavers","floor":25,"turns":3}],"seed_played":"3396829383759289207","potions_obtained":[{"floor":1,"key":"SkillPotion"},{"floor":2,"key":"Ancient Potion"},{"floor":21,"key":"SkillPotion"},{"floor":22,"key":"SpeedPotion"}],"is_trial":false,"path_per_floor":["M","M","?","M","M","R","E","?","T","M","R","M","$","M","R","B",null,"M","?","M","M","M","R","M","E"],"character_chosen":"DEFECT","items_purchased":["Anchor"],"campfire_rested":1,"item_purchase_floors":[13],"current_hp_per_floor":[64,52,57,63,47,47,39,28,28,23,23,19,19,8,30,23,63,66,66,73,76,76,76,57,0],"gold":68,"neow_bonus":"TRANSFORM_TWO_CARDS","is_prod":false,"is_daily":false,"chose_seed":false,"campfire_upgraded":3,"win_rate":0,"timestamp":1548631689,"path_taken":["M","M","?","M","M","R","E","?","T","M","R","M","$","M","R","BOSS","M","?","M","?","M","R","M","E"],"build_version":"2019-01-23","purchased_purges":0,"victory":false,"max_hp_per_floor":[71,71,76,76,76,76,76,76,76,76,76,76,76,76,76,76,76,76,76,76,76,76,76,76,76],"card_choices":[{"not_picked":["Compile Driver","Conserve Battery"],"picked":"White Noise","floor":1},{"not_picked":["Go for the Eyes","Rebound"],"picked":"Capacitor","floor":2},{"not_picked":["Stack","Recycle"],"picked":"Hologram","floor":4},{"not_picked":["Rebound","Redo"],"picked":"White Noise","floor":5},{"not_picked":["Rebound","Coolheaded"],"picked":"Ball Lightning","floor":7},{"not_picked":["Hyperbeam","Gash"],"picked":"BootSequence","floor":10},{"not_picked":["Doom and Gloom","Darkness"],"picked":"Leap","floor":12},{"not_picked":["Stack","Hologram"],"picked":"Ball Lightning","floor":14},{"not_picked":["Biased Cognition","Hyperbeam"],"picked":"Buffer","floor":16},{"not_picked":["Hologram","Sweeping Beam"],"picked":"Glacier","floor":18},{"not_picked":["Double Energy","Steam","Streamline+1"],"picked":"SKIP","floor":20},{"not_picked":["Stack","Buffer","Tempest"],"picked":"SKIP","floor":21},{"not_picked":["Capacitor","Rebound","Fusion+1"],"picked":"SKIP","floor":22},{"not_picked":["Turbo","Beam Cell","Compile Driver"],"picked":"SKIP","floor":24}],"player_experience":1248828,"relics_obtained":[{"floor":7,"key":"Pantograph"},{"floor":9,"key":"Ancient Tea Set"}],"event_choices":[{"damage_healed":0,"gold_gain":0,"player_choice":"Donut","damage_taken":0,"max_hp_gain":5,"max_hp_loss":0,"event_name":"Big Fish","floor":3,"gold_loss":0},{"damage_healed":0,"gold_gain":0,"player_choice":"Success","damage_taken":11,"relics_obtained":["Smiling Mask"],"max_hp_gain":0,"max_hp_loss":0,"event_name":"Scrap Ooze","floor":8,"gold_loss":0},{"damage_healed":0,"gold_gain":0,"player_choice":"Upgraded","damage_taken":0,"max_hp_gain":0,"max_hp_loss":0,"event_name":"Upgrade Shrine","floor":19,"gold_loss":0,"cards_upgraded":["Buffer"]}],"is_beta":false,"boss_relics":[{"not_picked":["Astrolabe","Runic Dome"],"picked":"Cursed Key"}],"items_purged_floors":[],"is_endless":false,"potions_floor_spawned":[1,2,4,21,22],"killed_by":"Slavers","ascension_level":20}