{"path_per_floor":["M","?","$","M","?","R","E","R","T","R","M","?","M","E","R","B",null,"M","M","M","$","?","E","R","?","T","M","R","$","E","M","R"],"character_chosen":"DEFECT","items_purchased":["Redo"],"gold_per_floor":[119,119,44,64,64,64,92,92,116,116,128,78,88,123,123,218,218,228,241,259,107,107,136,136,136,136,155,155,30,56,75,75,75],"floor_reached":33,"campfire_rested":2,"playtime":1483,"item_purchase_floors":[21],"current_hp_per_floor":[67,67,67,66,66,66,58,58,58,58,58,58,43,29,66,34,75,60,60,44,44,44,8,45,70,70,70,70,70,58,58,58,0],"items_purged":["Strike_B","Strike_B","Strike_B"],"gold":75,"score":308,"play_id":"bdeba3f6-492a-44c6-8ce6-299fd885e464","local_time":"20180603162038","is_prod":false,"is_daily":false,"chose_seed":false,"is_ascension_mode":true,"campfire_upgraded":5,"win_rate":0,"timestamp":1528039238,"campfire_choices":[{"data":"Sweeping Beam","floor":6,"key":"SMITH"},{"data":"Streamline","floor":8,"key":"SMITH"},{"data":"Rebound","floor":10,"key":"SMITH"},{"floor":15,"key":"REST"},{"floor":24,"key":"REST"},{"data":"Electrodynamics","floor":28,"key":"SMITH"},{"data":"White Noise","floor":32,"key":"SMITH"}],"path_taken":["M","?","$","M","?","R","E","R","T","R","M","?","?","E","R","BOSS","M","M","M","$","?","E","R","?","T","M","R","$","E","M","R","BOSS"],"build_version":"2018-05-31","seed_source_timestamp":7770826222786,"purchased_purges":3,"victory":false,"master_deck":["Defend_B","Defend_B","Defend_B","Defend_B","Zap+1","Rebound+1","Sweeping Beam+1","Streamline+1","Gash","Coolheaded","Electrodynamics+1","Leap+1","Gash+1","Redo","Ball Lightning","Defragment+1","White Noise+1"],"max_hp_per_floor":[75,75,75,75,75,75,75,75,75,75,75,75,75,75,75,75,75,75,75,75,75,75,75,75,75,75,75,75,75,75,75,75,75],"relics":["Cracked Core","Regal Pillow","Art of War","Potion Belt","Bag of Preparation","Runic Dome","Gambling Chip","Question Card","Frozen Egg 2"],"card_choices":[{"not_picked":["Conserve Battery","Consume"],"picked":"Rebound","floor":1},{"not_picked":["Recycle","Compile Driver"],"picked":"Sweeping Beam","floor":4},{"not_picked":["Rip and Tear","Meteor Strike"],"picked":"Streamline","floor":7},{"not_picked":["Melter","Fusion"],"picked":"Gash","floor":11},{"not_picked":["Barrage","Tempest"],"picked":"Coolheaded","floor":13},{"not_picked":["Aggregate","Blizzard","Sweeping Beam"],"picked":"SKIP","floor":14},{"not_picked":["Buffer","Core Surge"],"picked":"Electrodynamics","floor":16},{"not_picked":["Rebound","Sweeping Beam"],"picked":"Leap+1","floor":18},{"not_picked":["Conserve Battery","Reprogram"],"picked":"Gash","floor":19},{"not_picked":["Meteor Strike","Stack","Heatsinks"],"picked":"SKIP","floor":20},{"not_picked":["Go for the Eyes","BootSequence"],"picked":"Ball Lightning","floor":23},{"not_picked":["Scrape","Compile Driver","Auto Shields","Go for the Eyes"],"picked":"SKIP","floor":27},{"not_picked":["Biased Cognition","White Noise","Aggregate"],"picked":"Defragment","floor":30},{"not_picked":["Turbo+1","Streamline","Aggregate"],"picked":"White Noise","floor":31}],"player_experience":614988,"potions_floor_usage":[7,16,33,33],"damage_taken":[{"damage":8,"enemies":"Small Slimes","floor":1,"turns":3},{"damage":1,"enemies":"Cultist","floor":4,"turns":3},{"damage":8,"enemies":"Gremlin Nob","floor":7,"turns":3},{"damage":0,"enemies":"2 Louse","floor":11,"turns":2},{"damage":15,"enemies":"Exordium Thugs","floor":13,"turns":3},{"damage":14,"enemies":"3 Sentries","floor":14,"turns":5},{"damage":32,"enemies":"Hexaghost","floor":16,"turns":7},{"damage":15,"enemies":"Chosen","floor":18,"turns":3},{"damage":0,"enemies":"Spheric Guardian","floor":19,"turns":3},{"damage":16,"enemies":"Snecko","floor":20,"turns":4},{"damage":36,"enemies":"Slavers","floor":23,"turns":4},{"damage":0,"enemies":"3 Cultists","floor":27,"turns":3},{"damage":12,"enemies":"Book of Stabbing","floor":30,"turns":5},{"damage":0,"enemies":"Snake Plant","floor":31,"turns":2},{"damage":71,"enemies":"Champ","floor":33,"turns":6}],"relics_obtained":[{"floor":7,"key":"Art of War"},{"floor":9,"key":"Potion Belt"},{"floor":14,"key":"Bag of Preparation"},{"floor":23,"key":"Gambling Chip"},{"floor":26,"key":"Question Card"},{"floor":30,"key":"Frozen Egg 2"}],"event_choices":[{"event_name":"Purifier","player_choice":"One Purge","floor":2,"damage_taken":0},{"event_name":"Living Wall","player_choice":"Grow","floor":5,"damage_taken":0},{"event_name":"The Cleric","player_choice":"Card Removal","floor":12,"damage_taken":0},{"event_name":"Upgrade Shrine","player_choice":"Upgraded","floor":22,"damage_taken":0},{"event_name":"The Library","player_choice":"Heal","floor":25,"damage_taken":0}],"boss_relics":[{"not_picked":["Runic Pyramid","Astrolabe"],"picked":"Runic Dome"}],"items_purged_floors":[3,21,29],"potions_floor_spawned":[1,11,13,16,20,23,30],"seed_played":"6158681239765068117","killed_by":"Champ","ascension_level":1,"potions_obtained":[{"floor":1,"key":"Explosive Potion"},{"floor":11,"key":"Swift Potion"},{"floor":13,"key":"LiquidBronze"},{"floor":16,"key":"SkillPotion"},{"floor":20,"key":"AttackPotion"},{"floor":23,"key":"Explosive Potion"},{"floor":30,"key":"Dexterity Potion"}],"is_trial":false}