{"gold_per_floor":[112,127,49,49,60,60,93,93,172,203,203,203,231,249,249,326,326,342,356,42,59,59,88,88,100,100,129,29,46,46,61,61,135,135,150,169,169,44,56,88,88,123,191,191,132,132,132,157,157,157,157],"floor_reached":52,"playtime":2564,"items_purged":["Defend_R","Defend_R","Defend_R"],"score":2117,"play_id":"3dbf3f3c-5921-446c-a9f1-871ddec5bded","local_time":"20190602182923","is_ascension_mode":true,"campfire_choices":[{"data":"Flame Barrier","floor":6.0,"key":"SMITH"},{"data":"Inflame","floor":8.0,"key":"SMITH"},{"data":"Shrug It Off","floor":11.0,"key":"SMITH"},{"data":"Pommel Strike","floor":15.0,"key":"SMITH"},{"floor":24.0,"key":"REST"},{"data":"Demon Form","floor":30,"key":"SMITH"},{"floor":32,"key":"REST"},{"data":"Seeing Red","floor":41,"key":"SMITH"},{"floor":44,"key":"REST"},{"data":"Sword Boomerang","floor":46,"key":"SMITH"},{"data":"Heavy Blade","floor":47,"key":"SMITH"},{"floor":49,"key":"REST"}],"neow_cost":"NONE","seed_source_timestamp":1383158768710624,"circlet_count":0,"master_deck":["AscendersBane","Strike_R","Strike_R","Strike_R","Strike_R","Strike_R","Defend_R","Bash+1","Uppercut+1","Shrug It Off+1","Flame Barrier+1","Reaper","Ghostly Armor","Pommel Strike+1","Disarm","Demon Form+1","Battle Trance","Seeing Red+1","Heavy Blade+1","Whirlwind","Sword Boomerang+1"],"special_seed":0,"relics":["Burning Blood","Strawberry","Centennial Puzzle","Ornamental Fan","Bag of Preparation","Singing Bowl","Philosopher\u0027s Stone","PreservedInsect","WingedGreaves","Bottled Tornado","Dodecahedron","Busted Crown","Vajra","Kunai","Sundial","Molten Egg 2"],"potions_floor_usage":[50,51],"damage_taken":[{"damage":2.0,"enemies":"Cultist","floor":1.0,"turns":4.0},{"damage":7.0,"enemies":"Small Slimes","floor":2.0,"turns":3.0},{"damage":3.0,"enemies":"2 Louse","floor":5.0,"turns":3.0},{"damage":30.0,"enemies":"Lagavulin","floor":7.0,"turns":8.0},{"damage":32.0,"enemies":"3 Sentries","floor":10.0,"turns":9.0},{"damage":33.0,"enemies":"Gremlin Nob","floor":13.0,"turns":5.0},{"damage":11.0,"enemies":"Exordium Thugs","floor":14.0,"turns":7.0},{"damage":10.0,"enemies":"The Guardian","floor":16.0,"turns":13.0},{"damage":17.0,"enemies":"Spheric Guardian","floor":18.0,"turns":4.0},{"damage":6.0,"enemies":"Chosen","floor":19.0,"turns":5.0},{"damage":12.0,"enemies":"Snake Plant","floor":21.0,"turns":5.0},{"damage":26.0,"enemies":"Book of Stabbing","floor":23.0,"turns":4.0},{"damage":4.0,"enemies":"Snecko","floor":25.0,"turns":4.0},{"damage":50.0,"enemies":"Slavers","floor":27.0,"turns":5.0},{"damage":12,"enemies":"Centurion and Healer","floor":29,"turns":5},{"damage":16,"enemies":"Cultist and Chosen","floor":31,"turns":5},{"damage":71,"enemies":"Automaton","floor":33,"turns":8},{"damage":14,"enemies":"3 Shapes","floor":35,"turns":2},{"damage":31,"enemies":"3 Darklings","floor":36,"turns":5},{"damage":13,"enemies":"Maw","floor":39,"turns":6},{"damage":48,"enemies":"Reptomancer","floor":40,"turns":4},{"damage":35,"enemies":"Nemesis","floor":42,"turns":5},{"damage":18,"enemies":"Giant Head","floor":48,"turns":5},{"damage":34,"enemies":"Time Eater","floor":50,"turns":8},{"damage":50,"enemies":"Awakened One","floor":51,"turns":7}],"seed_played":"-556612937779682794","potions_obtained":[{"floor":1.0,"key":"Weak Potion"},{"floor":10.0,"key":"SkillPotion"},{"floor":13.0,"key":"Block Potion"},{"floor":14.0,"key":"FearPotion"},{"floor":18.0,"key":"SpeedPotion"},{"floor":29,"key":"Poison Potion"},{"floor":31,"key":"BloodPotion"},{"floor":42,"key":"Energy Potion"},{"floor":48,"key":"AttackPotion"}],"is_trial":false,"path_per_floor":["M","M","$","?","M","R","E","R","T","E","R","?","E","M","R","B",null,"M","M","$","M","$","E","R","M","T","E","$","M","R","M","R","B",null,"M","M","?","$","M","E","R","E","T","R","$","R","R","E","R","B","B",null],"character_chosen":"IRONCLAD","items_purchased":["Inflame","PreservedInsect","Seeing Red","Sword Boomerang"],"campfire_rested":4,"item_purchase_floors":[3,20,20,45],"current_hp_per_floor":[79,78,78,78,81,81,57,57,57,55,55,55,38,43,43,39,71,73,79,79,75,75,55,80,88,88,58,58,54,54,46,73,52,84,78,98,98,98,100,79,79,68,68,99,99,99,99,89,106,78,34],"gold":157,"neow_bonus":"RANDOM_COMMON_RELIC","is_prod":false,"is_daily":false,"chose_seed":false,"campfire_upgraded":8,"win_rate":0,"timestamp":1559514563,"path_taken":["M","M","$","?","M","R","E","R","T","E","R","?","E","M","R","BOSS","M","M","$","M","?","E","R","M","T","E","$","M","R","M","R","BOSS","M","M","?","?","M","E","R","E","T","R","$","R","R","E","R","BOSS","BOSS"],"build_version":"2019-01-23","purchased_purges":3,"victory":true,"max_hp_per_floor":[82,82,82,82,82,82,82,82,82,82,82,82,82,82,82,82,82,82,84,84,86,86,86,86,88,88,88,88,90,90,92,92,94,94,96,98,98,98,100,102,102,104,104,104,104,104,104,106,106,106,106],"card_choices":[{"not_picked":["Clothesline","Iron Wave"],"picked":"Uppercut","floor":1.0},{"not_picked":["Twin Strike","Warcry"],"picked":"Shrug It Off","floor":2.0},{"not_picked":["True Grit","Armaments"],"picked":"Flame Barrier","floor":5.0},{"not_picked":["Entrench","Pommel Strike"],"picked":"Reaper","floor":7.0},{"not_picked":["Havoc","Pommel Strike"],"picked":"Ghostly Armor","floor":10.0},{"not_picked":["Blood for Blood","Dual Wield"],"picked":"Pommel Strike","floor":13.0},{"not_picked":["Rupture","Armaments"],"picked":"Disarm","floor":14.0},{"not_picked":["Fiend Fire","Brutality"],"picked":"Demon Form","floor":16.0},{"not_picked":["Havoc","Flex"],"picked":"Battle Trance","floor":18.0},{"not_picked":["Flex","Pommel Strike","Sentinel"],"picked":"Singing Bowl","floor":19.0},{"not_picked":["Headbutt","True Grit","Warcry"],"picked":"Singing Bowl","floor":21.0},{"not_picked":["Iron Wave","Thunderclap"],"picked":"Heavy Blade","floor":23.0},{"not_picked":["Thunderclap","Heavy Blade","True Grit"],"picked":"Singing Bowl","floor":25.0},{"not_picked":["Sword Boomerang","Rampage"],"picked":"Whirlwind","floor":27.0},{"not_picked":["Clash","Armaments","Twin Strike"],"picked":"Singing Bowl","floor":29},{"not_picked":["Wild Strike+1","Flex","Sentinel+1"],"picked":"Singing Bowl","floor":31},{"not_picked":["Juggernaut","Brutality","Dark Embrace"],"picked":"Singing Bowl","floor":33},{"not_picked":["Havoc"],"picked":"Singing Bowl","floor":35},{"not_picked":["Perfected Strike+1"],"picked":"Singing Bowl","floor":36},{"not_picked":["Armaments"],"picked":"Singing Bowl","floor":39},{"not_picked":["Wild Strike"],"picked":"Singing Bowl","floor":40},{"not_picked":["Seeing Red"],"picked":"Singing Bowl","floor":42},{"not_picked":["Dual Wield"],"picked":"Singing Bowl","floor":48}],"player_experience":393474,"relics_obtained":[{"floor":7.0,"key":"Centennial Puzzle"},{"floor":9.0,"key":"Ornamental Fan"},{"floor":10.0,"key":"Bag of Preparation"},{"floor":13.0,"key":"Singing Bowl"},{"floor":23.0,"key":"WingedGreaves"},{"floor":26.0,"key":"Bottled Tornado"},{"floor":27.0,"key":"Dodecahedron"},{"floor":40,"key":"Vajra"},{"floor":42,"key":"Kunai"},{"floor":43,"key":"Sundial"},{"floor":48,"key":"Molten Egg 2"}],"event_choices":[{"damage_healed":0.0,"max_hp_gain":0.0,"max_hp_loss":0.0,"gold_gain":0.0,"event_name":"Living Wall","player_choice":"Grow","floor":4.0,"gold_loss":0.0,"damage_taken":0.0,"cards_upgraded":["Uppercut"]},{"damage_healed":0.0,"max_hp_gain":0.0,"max_hp_loss":0.0,"gold_gain":0.0,"event_name":"Upgrade Shrine","player_choice":"Upgraded","floor":12.0,"gold_loss":0.0,"damage_taken":0.0,"cards_upgraded":["Bash"]},{"cards_removed":["Inflame"],"damage_healed":0,"gold_gain":0,"player_choice":"Removed Power","damage_taken":0,"max_hp_gain":0,"max_hp_loss":0,"event_name":"Falling","floor":37,"gold_loss":0}],"is_beta":false,"boss_relics":[{"not_picked":["Runic Cube","Black Star"],"picked":"Philosopher\u0027s Stone"},{"not_picked":["Mark of Pain","Orrery"],"picked":"Busted Crown"}],"items_purged_floors":[20,28,38],"is_endless":false,"potions_floor_spawned":[1,10,13,14,18,19,29,31,42,48],"ascension_level":20}