{"gold_per_floor":[117,117,129,129,144,144,161,180,231,231,231,243,21,41,41,41],"floor_reached":16,"playtime":631,"items_purged":[],"score":188,"play_id":"078bc2c9-5a11-4f74-9005-92ed0a183906","local_time":"20190608232019","is_ascension_mode":true,"campfire_choices":[{"data":"Zap","floor":6,"key":"SMITH"},{"data":"Go for the Eyes","floor":10,"key":"SMITH"},{"floor":15,"key":"REST"}],"neow_cost":"NONE","seed_source_timestamp":126421941975700,"circlet_count":0,"master_deck":["AscendersBane","Strike_B","Strike_B","Strike_B","Strike_B","Defend_B","Defend_B","Defend_B","Zap+1","Dualcast","Cold Snap","Go for the Eyes+1","Capacitor","Conserve Battery","Steam","Consume","Hologram"],"relics":["Cracked Core","PreservedInsect","ClockworkSouvenir"],"potions_floor_usage":[8,14,16],"damage_taken":[{"damage":9,"enemies":"2 Louse","floor":1,"turns":3},{"damage":17,"enemies":"Small Slimes","floor":3,"turns":3},{"damage":0,"enemies":"Cultist","floor":5,"turns":3},{"damage":0,"enemies":"Large Slime","floor":7,"turns":5},{"damage":7,"enemies":"2 Fungi Beasts","floor":8,"turns":3},{"damage":5,"enemies":"Looter","floor":12,"turns":3},{"damage":1,"enemies":"Gremlin Gang","floor":14,"turns":2},{"damage":54,"enemies":"Hexaghost","floor":16,"turns":11}],"seed_played":"1691131250872394957","potions_obtained":[{"floor":5,"key":"Dexterity Potion"},{"floor":7,"key":"AttackPotion"},{"floor":11,"key":"EssenceOfSteel"},{"floor":11,"key":"AttackPotion"},{"floor":14,"key":"FearPotion"}],"is_trial":false,"path_per_floor":["M","?","M","?","M","R","M","M","T","R","?","M","$","M","R","B"],"character_chosen":"DEFECT","items_purchased":["ClockworkSouvenir"],"campfire_rested":1,"item_purchase_floors":[13],"current_hp_per_floor":[55,60,43,43,43,43,43,36,36,36,36,31,31,30,52,0],"gold":41,"neow_bonus":"REMOVE_CARD","is_prod":false,"is_daily":false,"chose_seed":false,"campfire_upgraded":2,"win_rate":0,"timestamp":1560032419,"path_taken":["M","?","M","?","M","R","M","M","T","R","?","M","$","?","R","BOSS"],"build_version":"2019-01-23","purchased_purges":0,"victory":false,"max_hp_per_floor":[71,76,76,76,76,76,76,76,76,76,76,76,76,76,76,76],"card_choices":[{"not_picked":["Compile Driver","Double Energy"],"picked":"Cold Snap","floor":1},{"not_picked":["Aggregate","Gash"],"picked":"Go for the Eyes","floor":3},{"not_picked":["Force Field","Leap"],"picked":"Capacitor","floor":5},{"not_picked":["Go for the Eyes","Barrage"],"picked":"Conserve Battery","floor":7},{"not_picked":["Hello World","Stack"],"picked":"Steam","floor":8},{"not_picked":["FTL","Aggregate"],"picked":"Consume","floor":12},{"not_picked":["Beam Cell","Tempest"],"picked":"Hologram","floor":14}],"player_experience":1287484,"relics_obtained":[{"floor":9,"key":"PreservedInsect"}],"event_choices":[{"damage_healed":0,"gold_gain":0,"player_choice":"Donut","damage_taken":0,"max_hp_gain":5,"max_hp_loss":0,"event_name":"Big Fish","floor":2,"gold_loss":0},{"damage_healed":0,"gold_gain":0,"player_choice":"Ignored","damage_taken":0,"max_hp_gain":0,"max_hp_loss":0,"event_name":"Liars Game","floor":4,"gold_loss":0},{"damage_healed":0,"gold_gain":0,"player_choice":"Got Potions","damage_taken":0,"max_hp_gain":0,"max_hp_loss":0,"event_name":"Lab","floor":11,"gold_loss":0}],"is_beta":false,"boss_relics":[],"items_purged_floors":[],"is_endless":false,"potions_floor_spawned":[5,7,14],"killed_by":"Hexaghost","ascension_level":20}