{"gold_per_floor":[117,135,37,50,62,62,87,87,87,87,102,202,230,240,240,336,336,347,347,117,132,132,132],"floor_reached":23,"playtime":2744,"items_purged":["Strike_G","Strike_G"],"score":241,"play_id":"5171037f-6516-4ea4-ab67-500750cdf7db","local_time":"20190702231123","is_ascension_mode":true,"campfire_choices":[{"data":"Deadly Poison","floor":6,"key":"SMITH"},{"data":"Acrobatics","floor":8,"key":"SMITH"},{"floor":15,"key":"REST"}],"neow_cost":"NONE","seed_source_timestamp":4646872911501,"circlet_count":0,"master_deck":["Strike_G","Defend_G","Defend_G","Defend_G","Defend_G","Defend_G","Survivor","Neutralize","Infinite Blades","Deadly Poison+1","Acrobatics+1","Deflect","Malaise","PiercingWail","Deflect","Tools of the Trade","Cloak And Dagger","Footwork","Backflip","Infinite Blades","Storm of Steel","Infinite Blades"],"relics":["Ring of the Snake","Sundial","Ice Cream","StoneCalendar","HoveringKite"],"potions_floor_usage":[7,13,13,23],"damage_taken":[{"damage":0,"enemies":"Cultist","floor":1,"turns":4},{"damage":2,"enemies":"Jaw Worm","floor":2,"turns":6},{"damage":0,"enemies":"Small Slimes","floor":4,"turns":3},{"damage":8,"enemies":"Exordium Thugs","floor":5,"turns":7},{"damage":21,"enemies":"Lagavulin","floor":7,"turns":9},{"damage":0,"enemies":"2 Fungi Beasts","floor":11,"turns":4},{"damage":30,"enemies":"3 Sentries","floor":13,"turns":14},{"damage":9,"enemies":"Exordium Wildlife","floor":14,"turns":6},{"damage":24,"enemies":"Hexaghost","floor":16,"turns":11},{"damage":5,"enemies":"Shell Parasite","floor":18,"turns":7},{"damage":2,"enemies":"Spheric Guardian","floor":21,"turns":5},{"damage":61,"enemies":"Slavers","floor":23,"turns":4}],"seed_played":"656831430836925612","potions_obtained":[{"floor":1,"key":"SkillPotion"},{"floor":2,"key":"GamblersBrew"},{"floor":4,"key":"Block Potion"},{"floor":16,"key":"LiquidBronze"}],"is_trial":false,"path_per_floor":["M","M","$","M","M","R","E","R","T","?","M","?","E","M","R","B",null,"M","?","$","M","?","E"],"character_chosen":"THE_SILENT","items_purchased":["Acrobatics","Footwork","Backflip"],"campfire_rested":1,"item_purchase_floors":[3,20,20],"current_hp_per_floor":[77,75,75,75,67,67,46,46,46,46,46,46,16,7,30,6,77,72,58,58,56,56,0],"gold":132,"neow_bonus":"TEN_PERCENT_HP_BONUS","is_prod":false,"is_daily":false,"chose_seed":false,"campfire_upgraded":2,"win_rate":0,"timestamp":1562080283,"path_taken":["M","M","$","M","?","R","E","R","T","?","M","?","E","M","R","BOSS","M","?","$","M","?","E"],"build_version":"2019-07-01","purchased_purges":2,"victory":false,"max_hp_per_floor":[77,77,77,77,77,77,77,77,77,77,77,77,77,77,77,77,77,77,82,82,82,82,82],"card_choices":[{"not_picked":["Dagger Throw","Skewer"],"picked":"Infinite Blades","floor":1},{"not_picked":["Backflip","Infinite Blades"],"picked":"Deadly Poison","floor":2},{"not_picked":["Setup","Reflex"],"picked":"Deflect","floor":4},{"not_picked":["Outmaneuver","Deflect","Dagger Spray"],"picked":"SKIP","floor":5},{"not_picked":["Bouncing Flask","Finisher","Eviscerate"],"picked":"SKIP","floor":7},{"not_picked":["Acrobatics","Eviscerate"],"picked":"Malaise","floor":11},{"not_picked":["Dagger Throw","All Out Attack"],"picked":"PiercingWail","floor":13},{"not_picked":["Endless Agony","Poisoned Stab"],"picked":"Deflect","floor":14},{"not_picked":["Grand Finale","Venomology"],"picked":"Tools of the Trade","floor":16},{"not_picked":["Accuracy","Outmaneuver"],"picked":"Cloak And Dagger","floor":18},{"not_picked":["Dodge and Roll+1","Outmaneuver"],"picked":"Infinite Blades","floor":21}],"player_experience":101311,"relics_obtained":[{"floor":7,"key":"Sundial"},{"floor":9,"key":"Ice Cream"},{"floor":13,"key":"StoneCalendar"}],"event_choices":[{"damage_healed":0,"gold_gain":0,"player_choice":"Searched \u00270\u0027 times","damage_taken":0,"max_hp_gain":0,"max_hp_loss":0,"event_name":"Dead Adventurer","floor":10,"gold_loss":0},{"damage_healed":0,"gold_gain":100,"player_choice":"Pray","damage_taken":0,"max_hp_gain":0,"max_hp_loss":0,"event_name":"Golden Shrine","floor":12,"gold_loss":0},{"damage_healed":0,"gold_gain":0,"player_choice":"Shed Blood","damage_taken":19,"max_hp_gain":5,"max_hp_loss":0,"event_name":"Forgotten Altar","floor":19,"gold_loss":0},{"damage_healed":0,"gold_gain":0,"cards_transformed":["Strike_G","Strike_G"],"player_choice":"Became Test Subject","damage_taken":0,"max_hp_gain":0,"max_hp_loss":0,"event_name":"Drug Dealer","floor":22,"gold_loss":0,"cards_obtained":["Storm of Steel","Infinite Blades"]}],"is_beta":false,"boss_relics":[{"not_picked":["White Beast Statue","Busted Crown"],"picked":"HoveringKite"}],"items_purged_floors":[3,20],"is_endless":false,"potions_floor_spawned":[1,2,4,16],"killed_by":"Slavers","ascension_level":4}