{"gold_per_floor":[111,131,141,156,4,38,38,38,88,107,127,127,185,215,215,294,294,308,308,327,39,39,39],"floor_reached":23,"playtime":1043,"items_purged":["Strike_R"],"score":392,"play_id":"5d259ae7-1d4e-4459-a2e6-210f5aa89bd8","local_time":"20190408205903","is_ascension_mode":true,"campfire_choices":[{"data":"Armaments","floor":12,"key":"SMITH"},{"floor":15,"key":"REST"}],"neow_cost":"NONE","seed_source_timestamp":333095238218064,"circlet_count":0,"master_deck":["AscendersBane","Strike_R","Strike_R","Strike_R","Strike_R","Defend_R","Defend_R","Defend_R","Defend_R","Bash","Armaments+1","Anger","Rage","Thunderclap","Flame Barrier","Reaper","Shockwave","Sever Soul","Flame Barrier","Demon Form","Heavy Blade","Shrug It Off","Twin Strike","Shrug It Off"],"relics":["Burning Blood","Oddly Smooth Stone","Pear","Centennial Puzzle","Dream Catcher","Strawberry","White Beast Statue","ClockworkSouvenir"],"potions_floor_usage":[6,13,16,18,23],"damage_taken":[{"damage":0,"enemies":"2 Louse","floor":1,"turns":4},{"damage":7,"enemies":"Jaw Worm","floor":2,"turns":5},{"damage":0,"enemies":"Cultist","floor":3,"turns":3},{"damage":10,"enemies":"2 Fungi Beasts","floor":4,"turns":4},{"damage":45,"enemies":"Lagavulin","floor":6,"turns":9},{"damage":5,"enemies":"Looter","floor":10,"turns":4},{"damage":1,"enemies":"Exordium Wildlife","floor":11,"turns":2},{"damage":23,"enemies":"3 Sentries","floor":13,"turns":8},{"damage":29,"enemies":"Gremlin Nob","floor":14,"turns":4},{"damage":38,"enemies":"Slime Boss","floor":16,"turns":12},{"damage":28,"enemies":"Spheric Guardian","floor":18,"turns":6},{"damage":31,"enemies":"Shell Parasite","floor":20,"turns":8},{"damage":65,"enemies":"Gremlin Leader","floor":23,"turns":5}],"seed_played":"8665592742071579208","potions_obtained":[{"floor":2,"key":"Poison Potion"},{"floor":3,"key":"Energy Potion"},{"floor":13,"key":"AttackPotion"},{"floor":16,"key":"SkillPotion"},{"floor":18,"key":"Ancient Potion"},{"floor":20,"key":"PowerPotion"}],"is_trial":false,"path_per_floor":["M","M","M","M","$","E","?","?","T","M","M","R","?","E","R","B",null,"M","?","M","$","?","E"],"character_chosen":"IRONCLAD","items_purchased":["Flame Barrier","ClockworkSouvenir","Shrug It Off"],"campfire_rested":1,"item_purchase_floors":[5,21,21],"current_hp_per_floor":[74,73,75,71,71,42,70,85,85,85,85,85,72,56,83,63,85,66,66,52,52,52,0],"gold":39,"neow_bonus":"RANDOM_COMMON_RELIC","is_prod":false,"is_daily":false,"chose_seed":false,"campfire_upgraded":1,"win_rate":0,"timestamp":1554771543,"path_taken":["M","M","M","M","$","E","?","?","T","?","M","R","?","E","R","BOSS","M","?","M","$","?","E"],"build_version":"2019-01-23","purchased_purges":1,"victory":false,"max_hp_per_floor":[75,75,75,75,75,85,85,85,85,85,85,85,85,92,92,92,92,92,92,92,92,92,92],"card_choices":[{"not_picked":["Wild Strike","Heavy Blade"],"picked":"Armaments","floor":1},{"not_picked":["Armaments","Sentinel"],"picked":"Anger","floor":2},{"not_picked":["Sword Boomerang","Warcry"],"picked":"Rage","floor":3},{"not_picked":["Bloodletting","Heavy Blade"],"picked":"Thunderclap","floor":4},{"not_picked":["Offering","Pummel"],"picked":"Reaper","floor":6},{"not_picked":["Iron Wave","Anger"],"picked":"Shockwave","floor":10},{"not_picked":["Twin Strike","Metallicize"],"picked":"Sever Soul","floor":11},{"not_picked":["Clash","Thunderclap","Rage"],"picked":"SKIP","floor":14},{"not_picked":["Anger","Heavy Blade"],"picked":"Flame Barrier","floor":15},{"not_picked":["Exhume","Dark Embrace"],"picked":"Demon Form","floor":16},{"not_picked":["Clash","Dual Wield"],"picked":"Heavy Blade","floor":18},{"not_picked":["Clothesline","Wild Strike"],"picked":"Twin Strike","floor":20}],"player_experience":361778,"relics_obtained":[{"floor":6,"key":"Pear"},{"floor":9,"key":"Centennial Puzzle"},{"floor":13,"key":"Dream Catcher"},{"floor":14,"key":"Strawberry"}],"event_choices":[{"damage_healed":28,"gold_gain":0,"player_choice":"Banana","damage_taken":0,"max_hp_gain":0,"max_hp_loss":0,"event_name":"Big Fish","floor":7,"gold_loss":0},{"damage_healed":15,"gold_gain":0,"player_choice":"Full Heal","damage_taken":0,"max_hp_gain":0,"max_hp_loss":0,"event_name":"Wheel of Change","floor":8,"gold_loss":0},{"damage_healed":0,"gold_gain":0,"player_choice":"Searched \u00272\u0027 times","damage_taken":0,"max_hp_gain":0,"max_hp_loss":0,"event_name":"Dead Adventurer","floor":13,"gold_loss":0},{"damage_healed":0,"gold_gain":0,"player_choice":"Read","damage_taken":0,"max_hp_gain":0,"max_hp_loss":0,"event_name":"The Library","floor":19,"gold_loss":0,"cards_obtained":["Shrug It Off"]},{"damage_healed":0,"gold_gain":0,"player_choice":"Ignored","damage_taken":0,"max_hp_gain":0,"max_hp_loss":0,"event_name":"Vampires","floor":22,"gold_loss":0}],"is_beta":false,"boss_relics":[{"not_picked":["Coffee Dripper","Busted Crown"],"picked":"White Beast Statue"}],"items_purged_floors":[5],"is_endless":false,"potions_floor_spawned":[2,3,13,16,18,20],"killed_by":"Gremlin Leader","ascension_level":19}