{"gold_per_floor":[114,133,133,133,151,151,181,201,277,277,294,294,10,0,0,77,77,92,92,92,9,0,33,33,52,78,112,112,144,156,156,156,234,234,244,257,257,257,276,276,289,289,289,300,315,315,326,2,2,2],"floor_reached":50,"playtime":2294,"items_purged":[],"score":1075,"play_id":"be24809b-23ec-4564-9aca-4d2d25ca55c7","local_time":"20190117200429","is_ascension_mode":true,"campfire_choices":[{"data":"Twin Strike","floor":6,"key":"SMITH"},{"floor":10,"key":"REST"},{"data":"Cleave","floor":12,"key":"SMITH"},{"floor":15,"key":"REST"},{"floor":24,"key":"REST"},{"floor":28,"key":"REST"},{"floor":32,"key":"REST"},{"floor":40,"key":"REST"},{"floor":46,"key":"REST"},{"floor":49,"key":"RECALL"}],"neow_cost":"NONE","seed_source_timestamp":118837174788188,"circlet_count":0,"master_deck":["AscendersBane","Defend_R","Defend_R","Defend_R","Defend_R","Bash","Shrug It Off","Headbutt","Twin Strike+1","Cleave+1","Pommel Strike+1","Iron Wave","Reaper","Bite","Bite","Bite","Bite","Bite+1","Metallicize","Inflame","Thunderclap","Infernal Blade+1","Juggernaut","Battle Trance","Inflame","PanicButton"],"relics":["Burning Blood","Mango","Ornamental Fan","Paper Frog","Fusion Hammer","MutagenicStrength","Red Skull","PreservedInsect","Anchor","Champion Belt","The Courier","Busted Crown","Dodecahedron","Whetstone","Orichalcum"],"potions_floor_usage":[16,23,27,33,50,50],"damage_taken":[{"damage":13,"enemies":"Jaw Worm","floor":1,"turns":5},{"damage":10,"enemies":"Small Slimes","floor":2,"turns":4},{"damage":9,"enemies":"2 Louse","floor":5,"turns":3},{"damage":51,"enemies":"Lagavulin","floor":7,"turns":8},{"damage":16,"enemies":"2 Fungi Beasts","floor":8,"turns":3},{"damage":10,"enemies":"Looter","floor":11,"turns":3},{"damage":46,"enemies":"The Guardian","floor":16,"turns":8},{"damage":26,"enemies":"2 Thieves","floor":18,"turns":4},{"damage":40,"enemies":"Slavers","floor":23,"turns":7},{"damage":1,"enemies":"Spheric Guardian","floor":25,"turns":3},{"damage":37,"enemies":"Book of Stabbing","floor":27,"turns":4},{"damage":0,"enemies":"Gremlin Leader","floor":29,"turns":4},{"damage":19,"enemies":"Snake Plant","floor":30,"turns":4},{"damage":55,"enemies":"Collector","floor":33,"turns":7},{"damage":16,"enemies":"3 Darklings","floor":35,"turns":4},{"damage":0,"enemies":"Orb Walker","floor":36,"turns":2},{"damage":46,"enemies":"Maw","floor":39,"turns":7},{"damage":32,"enemies":"3 Darklings","floor":41,"turns":4},{"damage":38,"enemies":"Transient","floor":44,"turns":6},{"damage":26,"enemies":"Jaw Worm Horde","floor":45,"turns":4},{"damage":1,"enemies":"Maw","floor":47,"turns":6},{"damage":137,"enemies":"Awakened One","floor":50,"turns":13}],"seed_played":"-3560451682322586325","potions_obtained":[{"floor":2,"key":"Ancient Potion"},{"floor":7,"key":"PowerPotion"},{"floor":18,"key":"LiquidBronze"},{"floor":23,"key":"Energy Potion"},{"floor":44,"key":"Strength Potion"},{"floor":47,"key":"Explosive Potion"}],"is_trial":false,"path_per_floor":["M","M","?","?","M","R","E","M","T","R","M","R","$","?","R","B",null,"M","?","?","$","?","E","R","M","T","E","R","E","M","T","R","B",null,"M","M","?","?","M","R","M","?","T","M","M","R","M","$","R","B"],"character_chosen":"IRONCLAD","items_purchased":["Paper Frog","Metallicize","Whetstone","Orichalcum","PanicButton"],"campfire_rested":7,"item_purchase_floors":[13,21,48,48,48],"current_hp_per_floor":[68,64,69,69,66,66,35,25,25,55,51,51,51,51,81,41,86,74,74,70,70,70,60,70,70,70,58,70,70,65,65,70,33,61,70,70,70,70,42,63,47,47,47,40,37,58,70,70,70,0],"gold":2,"neow_bonus":"TEN_PERCENT_HP_BONUS","is_prod":false,"is_daily":false,"chose_seed":false,"campfire_upgraded":2,"win_rate":0,"timestamp":1547755469,"path_taken":["M","M","?","?","?","R","E","M","T","R","M","R","$","?","R","BOSS","M","?","?","$","?","E","R","M","T","E","R","E","M","?","R","BOSS","M","M","?","?","M","R","M","?","T","?","M","R","?","$","R","BOSS"],"build_version":"2019-01-10","purchased_purges":0,"victory":false,"max_hp_per_floor":[82,82,87,87,87,87,101,101,101,101,101,101,101,101,101,101,101,101,101,70,70,70,70,70,70,70,70,70,70,70,70,70,70,70,70,70,70,70,70,70,70,70,70,70,70,70,70,70,70,70],"card_choices":[{"not_picked":["Iron Wave","Wild Strike"],"picked":"Shrug It Off","floor":1},{"not_picked":["Body Slam","Fire Breathing"],"picked":"Headbutt","floor":2},{"not_picked":["Sword Boomerang","Fire Breathing"],"picked":"Twin Strike","floor":5},{"not_picked":["Rampage","True Grit"],"picked":"Cleave","floor":7},{"not_picked":["Wild Strike","Warcry"],"picked":"Pommel Strike","floor":8},{"not_picked":["Rampage","Sword Boomerang"],"picked":"Iron Wave","floor":11},{"not_picked":["Bludgeon","Feed"],"picked":"Reaper","floor":16},{"not_picked":["Seeing Red","Second Wind","Fire Breathing"],"picked":"SKIP","floor":18},{"not_picked":["Headbutt","Sever Soul"],"picked":"Inflame","floor":23},{"not_picked":["True Grit","Cleave"],"picked":"Thunderclap","floor":25},{"not_picked":["Thunderclap","Brutality"],"picked":"Infernal Blade+1","floor":27},{"not_picked":["Twin Strike","Heavy Blade","Blood for Blood"],"picked":"SKIP","floor":29},{"not_picked":["Clash","Power Through","Thunderclap"],"picked":"SKIP","floor":30},{"not_picked":["Bludgeon","Reaper"],"picked":"Juggernaut","floor":33},{"not_picked":["Entrench"],"picked":"SKIP","floor":35},{"not_picked":["Twin Strike"],"picked":"SKIP","floor":36},{"not_picked":["Perfected Strike"],"picked":"SKIP","floor":39},{"not_picked":["Perfected Strike"],"picked":"SKIP","floor":39},{"not_picked":["Bloodletting"],"picked":"SKIP","floor":41},{"not_picked":[],"picked":"Battle Trance","floor":44},{"not_picked":["Twin Strike"],"picked":"SKIP","floor":45},{"not_picked":[],"picked":"Inflame","floor":47}],"player_experience":1165243,"relics_obtained":[{"floor":7,"key":"Mango"},{"floor":9,"key":"Ornamental Fan"},{"floor":23,"key":"Red Skull"},{"floor":26,"key":"PreservedInsect"},{"floor":27,"key":"Anchor"},{"floor":29,"key":"Champion Belt"},{"floor":31,"key":"The Courier"},{"floor":43,"key":"Dodecahedron"}],"event_choices":[{"damage_healed":0,"gold_gain":0,"player_choice":"Donut","damage_taken":0,"max_hp_gain":5,"max_hp_loss":0,"event_name":"Big Fish","floor":3,"gold_loss":0},{"damage_healed":0,"gold_gain":0,"player_choice":"Ignored","damage_taken":0,"max_hp_gain":0,"max_hp_loss":0,"event_name":"Liars Game","floor":4,"gold_loss":0},{"damage_healed":0,"gold_gain":0,"player_choice":"Left Gold","damage_taken":0,"max_hp_gain":0,"max_hp_loss":0,"event_name":"World of Goop","floor":14,"gold_loss":10},{"damage_healed":0,"gold_gain":0,"player_choice":"Inject Mutagens","damage_taken":0,"relics_obtained":["MutagenicStrength"],"max_hp_gain":0,"max_hp_loss":0,"event_name":"Drug Dealer","floor":19,"gold_loss":0},{"damage_healed":0,"gold_gain":0,"player_choice":"Became a vampire","damage_taken":0,"max_hp_gain":0,"max_hp_loss":31,"event_name":"Vampires","floor":20,"gold_loss":0,"cards_obtained":["Bite","Bite","Bite","Bite","Bite"]},{"damage_healed":0,"gold_gain":0,"player_choice":"Paid Fearfully","damage_taken":0,"max_hp_gain":0,"max_hp_loss":0,"event_name":"Masked Bandits","floor":22,"gold_loss":9},{"damage_healed":0,"gold_gain":0,"player_choice":"Memory 1","damage_taken":0,"max_hp_gain":0,"max_hp_loss":0,"event_name":"SensoryStone","floor":37,"gold_loss":0},{"damage_healed":0,"gold_gain":0,"player_choice":"Ignored","damage_taken":0,"max_hp_gain":0,"max_hp_loss":0,"event_name":"Mysterious Sphere","floor":38,"gold_loss":0},{"damage_healed":0,"gold_gain":0,"player_choice":"Leave","damage_taken":0,"max_hp_gain":0,"max_hp_loss":0,"event_name":"FaceTrader","floor":42,"gold_loss":0}],"is_beta":false,"boss_relics":[{"not_picked":["Calling Bell","Runic Cube"],"picked":"Fusion Hammer"},{"not_picked":["Mark of Pain","Lizard Tail"],"picked":"Busted Crown"}],"items_purged_floors":[],"is_endless":false,"potions_floor_spawned":[2,7,11,18,23,44,47],"killed_by":"Awakened One","ascension_level":20}