{"gold_per_floor":[110,110,126,59,59,59,87,110,162,162,200,475,60,84,84,209,209,222,235,249,264,5,5,19,19,45,45,45,45,68,68,68,188,188,211,17,33,33,47,47,8,8],"floor_reached":42,"playtime":2725,"items_purged":["Normality","Regret"],"score":530,"play_id":"71849df2-fb46-4353-b676-ee39d8a555bd","local_time":"20190706125956","is_ascension_mode":true,"campfire_choices":[{"data":"Footwork","floor":6,"key":"SMITH"},{"floor":10,"key":"REST"},{"floor":15,"key":"REST"},{"data":"Noxious Fumes","floor":23,"key":"SMITH"},{"floor":28,"key":"REST"},{"data":"Footwork","floor":32,"key":"SMITH"},{"floor":40,"key":"REST"}],"neow_cost":"CURSE","seed_source_timestamp":156225646102436,"circlet_count":0,"master_deck":["Defend_G","Defend_G","Defend_G","Defend_G","Defend_G","Survivor","Neutralize","Trip","Enlightenment","Backstab","Footwork+1","Dodge and Roll","Deflect","Footwork+1","Noxious Fumes+1","Envenom","Sucker Punch","Backflip+1","Dagger Spray+1","Infinite Blades","Tools of the Trade","Footwork","Writhe","Shame","Bite","Bite","Bite","Bite","Bite","Corpse Explosion","Calculated Gamble","Dagger Throw","PiercingWail","Blade Dance+1","Accuracy","Dodge and Roll+1","Burst","Blur","Noxious Fumes+1","Footwork"],"relics":["Ring of the Serpent","Golden Idol","Letter Opener","Odd Mushroom","Happy Flower","Bag of Marbles","Membership Card","Anchor","Art of War","Bottled Lightning","Blue Candle","Regal Pillow","Dodecahedron","Orrery","Paper Crane","Potion Belt"],"potions_floor_usage":[11,16,19,33,39,42],"damage_taken":[{"damage":0,"enemies":"Jaw Worm","floor":1,"turns":3},{"damage":0,"enemies":"2 Louse","floor":3,"turns":3},{"damage":43,"enemies":"The Mushroom Lair","floor":7,"turns":8},{"damage":0,"enemies":"Small Slimes","floor":8,"turns":4},{"damage":3,"enemies":"3 Sentries","floor":11,"turns":10},{"damage":4,"enemies":"Gremlin Gang","floor":14,"turns":5},{"damage":14,"enemies":"Hexaghost","floor":16,"turns":12},{"damage":5,"enemies":"3 Byrds","floor":18,"turns":6},{"damage":14,"enemies":"Spheric Guardian","floor":19,"turns":6},{"damage":4,"enemies":"Snecko","floor":20,"turns":7},{"damage":11,"enemies":"Cultist and Chosen","floor":21,"turns":8},{"damage":16,"enemies":"3 Cultists","floor":24,"turns":6},{"damage":6,"enemies":"Shelled Parasite and Fungi","floor":30,"turns":5},{"damage":34,"enemies":"Collector","floor":33,"turns":11},{"damage":4,"enemies":"3 Shapes","floor":35,"turns":5},{"damage":27,"enemies":"3 Darklings","floor":37,"turns":5},{"damage":17,"enemies":"Spire Growth","floor":39,"turns":7},{"damage":49,"enemies":"Reptomancer","floor":42,"turns":2}],"seed_played":"-5542871149968601540","potions_obtained":[{"floor":7,"key":"AttackPotion"},{"floor":11,"key":"Fire Potion"},{"floor":14,"key":"PowerPotion"},{"floor":18,"key":"SneckoOil"},{"floor":21,"key":"SpeedPotion"},{"floor":24,"key":"SteroidPotion"},{"floor":35,"key":"Poison Potion"},{"floor":39,"key":"EssenceOfSteel"}],"is_trial":false,"path_per_floor":["M","?","M","$","?","R","?","M","T","R","E","?","$","M","R","B",null,"M","M","M","M","$","R","M","?","T","$","R","?","M","?","R","B",null,"M","$","M","?","M","R","$","E"],"character_chosen":"THE_SILENT","items_purchased":["Footwork","Membership Card","Noxious Fumes","Anchor","Art of War","Tools of the Trade","Bottled Lightning","Burst","Paper Crane","Footwork"],"campfire_rested":4,"item_purchase_floors":[4,13,13,13,13,22,22,36,36,41],"current_hp_per_floor":[70,53,53,53,50,50,7,7,7,28,25,25,25,21,42,28,70,65,51,47,36,36,36,20,20,20,20,56,56,50,49,49,32,49,49,49,26,26,13,42,42,0],"gold":8,"neow_bonus":"RANDOM_COLORLESS_2","is_prod":false,"is_daily":false,"chose_seed":false,"campfire_upgraded":3,"win_rate":0,"timestamp":1562443196,"path_taken":["M","?","M","$","?","R","?","M","T","R","E","?","$","M","R","BOSS","M","M","M","?","$","R","M","?","T","$","R","?","M","?","R","BOSS","M","$","M","?","M","R","?","E"],"build_version":"2019-07-05","purchased_purges":2,"victory":false,"max_hp_per_floor":[70,70,70,70,70,70,70,70,70,70,70,70,70,70,70,70,70,70,70,70,70,70,70,70,70,70,70,70,70,70,49,49,49,49,49,49,49,49,49,49,49,49],"card_choices":[{"not_picked":["Slice","Underhanded Strike"],"picked":"Backstab","floor":1},{"not_picked":["Concentrate","Prepared","Outmaneuver"],"picked":"SKIP","floor":3},{"not_picked":["Skewer","Sucker Punch"],"picked":"Dodge and Roll","floor":7},{"not_picked":["Eviscerate","Skewer"],"picked":"Deflect","floor":8},{"not_picked":["Storm of Steel","Endless Agony"],"picked":"Footwork","floor":11},{"not_picked":["Escape Plan","Masterful Stab","Setup"],"picked":"SKIP","floor":14},{"not_picked":["Storm of Steel","Doppelganger"],"picked":"Envenom","floor":16},{"not_picked":["Blade Dance+1","Prepared"],"picked":"Sucker Punch","floor":18},{"not_picked":["Bane+1","Sucker Punch"],"picked":"Backflip+1","floor":19},{"not_picked":["Accuracy+1","Cloak And Dagger"],"picked":"Dagger Spray+1","floor":20},{"not_picked":["Masterful Stab+1","Calculated Gamble"],"picked":"Infinite Blades","floor":21},{"not_picked":["Infinite Blades","Blade Dance+1"],"picked":"Footwork","floor":24},{"not_picked":["Prepared","Backstab","Outmaneuver+1"],"picked":"SKIP","floor":30},{"not_picked":["Doppelganger","Phantasmal Killer"],"picked":"Corpse Explosion","floor":33},{"not_picked":["Masterful Stab+1","Dagger Spray"],"picked":"Calculated Gamble","floor":34},{"not_picked":["Quick Slash","Deflect"],"picked":"Dagger Throw","floor":34},{"not_picked":["Deadly Poison","Heel Hook"],"picked":"PiercingWail","floor":34},{"not_picked":["Distraction+1","Dagger Spray+1"],"picked":"Blade Dance+1","floor":34},{"not_picked":["Deflect+1","PiercingWail"],"picked":"Accuracy","floor":34},{"not_picked":["Outmaneuver+1","Bane"],"picked":"Dodge and Roll+1","floor":35},{"not_picked":["Wraith Form v2","Underhanded Strike+1"],"picked":"Blur","floor":37},{"not_picked":["Prepared","Predator"],"picked":"Noxious Fumes+1","floor":39}],"player_experience":566720,"relics_obtained":[{"floor":7,"key":"Odd Mushroom"},{"floor":9,"key":"Happy Flower"},{"floor":11,"key":"Bag of Marbles"},{"floor":26,"key":"Regal Pillow"}],"event_choices":[{"damage_healed":0,"gold_gain":0,"player_choice":"Take Damage","damage_taken":17,"relics_obtained":["Golden Idol"],"max_hp_gain":0,"max_hp_loss":0,"event_name":"Golden Idol","floor":2,"gold_loss":0},{"damage_healed":0,"gold_gain":0,"player_choice":"Success","damage_taken":3,"relics_obtained":["Letter Opener"],"max_hp_gain":0,"max_hp_loss":0,"event_name":"Scrap Ooze","floor":5,"gold_loss":0},{"damage_healed":0,"gold_gain":0,"player_choice":"Fought Mushrooms","damage_taken":0,"max_hp_gain":0,"max_hp_loss":0,"event_name":"Mushrooms","floor":7,"gold_loss":0},{"damage_healed":0,"gold_gain":275,"player_choice":"Desecrate","damage_taken":0,"max_hp_gain":0,"max_hp_loss":0,"event_name":"Golden Shrine","floor":12,"gold_loss":0,"cards_obtained":["Regret"]},{"damage_healed":0,"gold_gain":0,"player_choice":"Opened","damage_taken":0,"relics_obtained":["Blue Candle"],"max_hp_gain":0,"max_hp_loss":0,"event_name":"The Mausoleum","floor":25,"gold_loss":0,"cards_obtained":["Writhe"]},{"damage_healed":0,"gold_gain":0,"player_choice":"Stole Relic","damage_taken":0,"relics_obtained":["Dodecahedron"],"max_hp_gain":0,"max_hp_loss":0,"event_name":"Addict","floor":29,"gold_loss":0,"cards_obtained":["Shame"]},{"damage_healed":0,"gold_gain":0,"player_choice":"Became a vampire","damage_taken":0,"max_hp_gain":0,"max_hp_loss":21,"event_name":"Vampires","floor":31,"gold_loss":0,"cards_obtained":["Bite","Bite","Bite","Bite","Bite"]},{"damage_healed":0,"gold_gain":0,"player_choice":"Gave Potion","damage_taken":0,"relics_obtained":["Potion Belt"],"max_hp_gain":0,"max_hp_loss":0,"event_name":"WeMeetAgain","floor":38,"gold_loss":0}],"is_beta":false,"boss_relics":[{"not_picked":["Astrolabe","White Beast Statue"],"picked":"Ring of the Serpent"},{"not_picked":["Black Star","WristBlade"],"picked":"Orrery"}],"items_purged_floors":[13,22],"is_endless":false,"potions_floor_spawned":[7,11,14,18,21,24,35,39],"killed_by":"Reptomancer","ascension_level":3}