{"gold_per_floor":[118,118,137,112,112,112,132,132,132,132,145,145,166,240,240,364,364,385,409,409,424,424,424,465,465,465,465,479,57,57,73,73,199,199,212,235,235,258,4,4,0,0,0,0,0,21,21,37,37,37],"floor_reached":50,"playtime":977,"items_purged":[],"score":473,"play_id":"201be052-13d7-4482-a9e6-43f8f6274606","local_time":"20190608120521","is_ascension_mode":false,"campfire_choices":[{"data":"Bash","floor":6,"key":"SMITH"},{"data":"Flame Barrier","floor":8,"key":"SMITH"},{"data":"Headbutt","floor":10,"key":"SMITH"},{"data":"Spot Weakness","floor":15,"key":"SMITH"},{"floor":23,"key":"REST"},{"floor":25,"key":"REST"},{"data":"1","floor":30,"key":"LIFT"},{"data":"2","floor":32,"key":"LIFT"},{"data":"3","floor":40,"key":"LIFT"},{"floor":42,"key":"REST"},{"floor":45,"key":"REST"},{"floor":47,"key":"REST"},{"floor":49,"key":"REST"}],"neow_cost":"NONE","seed_source_timestamp":1880163242153972,"circlet_count":0,"master_deck":["Strike_R","Strike_R","Strike_R","Strike_R","Strike_R","Defend_R","Defend_R","Bash+1","Headbutt+1","Wild Strike+1","Flame Barrier+1","Inflame","Spot Weakness+1","Feed","Twin Strike","Hemokinesis+1","Double Tap","Feed+1","Heavy Blade+1","Fiend Fire+1","Heavy Blade+1","Dark Shackles","Heavy Blade+1","Doubt"],"relics":["Black Blood","Golden Idol","Ginger","Sundial","Self Forming Clay","Fusion Hammer","Girya","Mercury Hourglass","Molten Egg 2","Smiling Mask","Pear","Red Mask","Bottled Tornado"],"potions_floor_usage":[0,50,50,50],"damage_taken":[{"damage":12,"enemies":"2 Louse","floor":1,"turns":2},{"damage":17,"enemies":"Small Slimes","floor":3,"turns":3},{"damage":11,"enemies":"Jaw Worm","floor":7,"turns":2},{"damage":0,"enemies":"Looter","floor":11,"turns":3},{"damage":8,"enemies":"2 Fungi Beasts","floor":13,"turns":3},{"damage":6,"enemies":"Gremlin Nob","floor":14,"turns":3},{"damage":53,"enemies":"Hexaghost","floor":16,"turns":8},{"damage":0,"enemies":"Shell Parasite","floor":18,"turns":4},{"damage":10,"enemies":"3 Byrds","floor":19,"turns":4},{"damage":31,"enemies":"Shelled Parasite and Fungi","floor":21,"turns":4},{"damage":33,"enemies":"Slavers","floor":24,"turns":5},{"damage":20,"enemies":"Cultist and Chosen","floor":28,"turns":4},{"damage":11,"enemies":"3 Cultists","floor":31,"turns":4},{"damage":22,"enemies":"Champ","floor":33,"turns":6},{"damage":27,"enemies":"3 Shapes","floor":35,"turns":3},{"damage":18,"enemies":"Orb Walker","floor":38,"turns":3},{"damage":20,"enemies":"Jaw Worm Horde","floor":46,"turns":2},{"damage":8,"enemies":"3 Darklings","floor":48,"turns":3},{"damage":121,"enemies":"Awakened One","floor":50,"turns":8}],"seed_played":"1437673503130950963","potions_obtained":[{"floor":0,"key":"PowerPotion"},{"floor":0,"key":"Poison Potion"},{"floor":0,"key":"Fruit Juice"},{"floor":7,"key":"Ancient Potion"},{"floor":16,"key":"BloodPotion"}],"is_trial":false,"path_per_floor":["M","?","M","$","?","R","M","R","T","R","M","?","M","?","R","B",null,"M","M","?","M","?","R","E","R","T","?","M","$","R","M","R","B",null,"M","T","?","M","$","R","?","R","T","?","R","M","R","M","R","B"],"character_chosen":"IRONCLAD","items_purchased":["Wild Strike","Molten Egg 2","Feed+1","Heavy Blade+1","Pear"],"campfire_rested":6,"item_purchase_floors":[4,29,29,29,39],"current_hp_per_floor":[79,79,68,68,68,68,63,63,63,63,69,66,64,64,64,17,79,79,78,78,53,53,77,50,74,74,74,60,60,60,58,58,42,85,72,72,72,64,74,74,74,99,99,99,99,92,102,102,102,0],"gold":37,"neow_bonus":"THREE_SMALL_POTIONS","is_prod":false,"is_daily":false,"chose_seed":false,"campfire_upgraded":4,"win_rate":0,"timestamp":1560009921,"path_taken":["M","?","M","$","?","R","M","R","T","R","M","?","?","?","R","BOSS","M","M","?","?","?","R","E","R","T","?","?","$","R","M","R","BOSS","M","?","?","M","$","R","?","R","T","?","R","M","R","M","R","BOSS"],"build_version":"2019-01-23","purchased_purges":0,"victory":false,"max_hp_per_floor":[85,79,79,79,79,79,79,79,79,79,79,79,79,79,79,79,79,79,82,82,82,82,82,82,82,82,82,82,82,82,85,85,85,85,89,89,89,89,99,99,99,99,99,99,99,102,102,102,102,102],"card_choices":[{"not_picked":["Searing Blow","Shockwave","True Grit"],"picked":"SKIP","floor":1},{"not_picked":["True Grit","Sword Boomerang"],"picked":"Headbutt","floor":3},{"not_picked":["Second Wind","Barricade"],"picked":"Flame Barrier","floor":7},{"not_picked":["Metallicize","Thunderclap","Flex"],"picked":"SKIP","floor":11},{"not_picked":["Shrug It Off","Heavy Blade"],"picked":"Inflame","floor":13},{"not_picked":["Entrench","Shrug It Off"],"picked":"Spot Weakness","floor":14},{"not_picked":["Juggernaut","Bludgeon"],"picked":"Feed","floor":16},{"not_picked":["Headbutt","Perfected Strike"],"picked":"Twin Strike","floor":18},{"not_picked":["Perfected Strike","Rampage","Headbutt"],"picked":"SKIP","floor":19},{"not_picked":["Fire Breathing","Metallicize","Flex"],"picked":"SKIP","floor":21},{"not_picked":["Havoc","Armaments"],"picked":"Hemokinesis+1","floor":24},{"not_picked":["Spot Weakness","Thunderclap","Rampage"],"picked":"SKIP","floor":28},{"not_picked":["Clash+1","Second Wind","Bloodletting+1"],"picked":"SKIP","floor":31},{"not_picked":["Dark Embrace","Juggernaut"],"picked":"Fiend Fire+1","floor":33},{"not_picked":["Dual Wield+1","Bloodletting"],"picked":"Heavy Blade+1","floor":35},{"not_picked":["Secret Weapon","Mind Blast+1"],"picked":"Dark Shackles","floor":37},{"not_picked":["Armaments+1","Searing Blow+1"],"picked":"Heavy Blade+1","floor":38},{"not_picked":["Dropkick+1","Sever Soul+1","Armaments+1"],"picked":"SKIP","floor":46},{"not_picked":["Dropkick+1","Carnage+1","Barricade"],"picked":"SKIP","floor":48}],"player_experience":403621,"relics_obtained":[{"floor":9,"key":"Ginger"},{"floor":14,"key":"Self Forming Clay"},{"floor":24,"key":"Girya"},{"floor":26,"key":"Mercury Hourglass"},{"floor":36,"key":"Smiling Mask"},{"floor":43,"key":"Bottled Tornado"}],"event_choices":[{"damage_healed":0,"gold_gain":0,"player_choice":"Lose Max HP","damage_taken":0,"relics_obtained":["Golden Idol"],"max_hp_gain":0,"max_hp_loss":6,"event_name":"Golden Idol","floor":2,"gold_loss":0},{"damage_healed":0,"gold_gain":0,"player_choice":"Grow","damage_taken":0,"max_hp_gain":0,"max_hp_loss":0,"event_name":"Living Wall","floor":5,"gold_loss":0,"cards_upgraded":["Wild Strike"]},{"damage_healed":0,"gold_gain":0,"player_choice":"Success","damage_taken":3,"relics_obtained":["Sundial"],"max_hp_gain":0,"max_hp_loss":0,"event_name":"Scrap Ooze","floor":12,"gold_loss":0},{"damage_healed":0,"gold_gain":30,"player_choice":"Searched \u00272\u0027 times","damage_taken":0,"max_hp_gain":0,"max_hp_loss":0,"event_name":"Dead Adventurer","floor":14,"gold_loss":0},{"cards_removed":["Defend_R"],"damage_healed":0,"gold_gain":0,"player_choice":"Offered Basic","damage_taken":0,"max_hp_gain":0,"max_hp_loss":0,"event_name":"Bonfire Elementals","floor":20,"gold_loss":0},{"damage_healed":0,"gold_gain":0,"player_choice":"Ignored","damage_taken":0,"max_hp_gain":0,"max_hp_loss":0,"event_name":"Ghosts","floor":22,"gold_loss":0},{"damage_healed":0,"gold_gain":0,"cards_transformed":["Defend_R"],"player_choice":"Transformed","damage_taken":0,"max_hp_gain":0,"max_hp_loss":0,"event_name":"Transmorgrifier","floor":27,"gold_loss":0,"cards_obtained":["Double Tap"]},{"damage_healed":0,"gold_gain":0,"player_choice":"Memory 1","damage_taken":0,"max_hp_gain":0,"max_hp_loss":0,"event_name":"SensoryStone","floor":37,"gold_loss":0},{"damage_healed":0,"gold_gain":0,"player_choice":"Paid","damage_taken":0,"relics_obtained":["Red Mask"],"max_hp_gain":0,"max_hp_loss":0,"event_name":"Tomb of Lord Red Mask","floor":41,"gold_loss":4},{"damage_healed":0,"gold_gain":0,"player_choice":"Heal","damage_taken":0,"max_hp_gain":0,"max_hp_loss":0,"event_name":"MindBloom","floor":44,"gold_loss":0,"cards_obtained":["Doubt"]}],"is_beta":false,"boss_relics":[{"not_picked":["Runic Dome","Empty Cage"],"picked":"Fusion Hammer"},{"not_picked":["Mark of Pain","Snecko Eye"],"picked":"Black Blood"}],"items_purged_floors":[],"is_endless":false,"potions_floor_spawned":[7,11,13,16,24,28,35,48],"killed_by":"Awakened One","ascension_level":0}