{"path_per_floor":["M","M","M","M","$","R","E","M","T","M","E","M","E","M","R","B",null,"M","M","M","M","T","E","R","M","T","M","E","?","$","?","R"],"character_chosen":"THE_SILENT","items_purchased":["Quick Slash","Trip","Mummified Hand","Envenom"],"gold_per_floor":[116,134,154,165,48,48,78,91,136,146,178,188,220,233,233,332,332,315,326,338,350,350,380,380,394,394,409,439,439,29,29,29],"floor_reached":33,"campfire_rested":2,"playtime":3194,"current_hp_per_floor":[61,61,59,51,51,51,43,43,43,42,24,24,4,6,27,27,73,54,44,34,17,17,14,35,48,48,38,37,21,21,21,21],"items_purged":[],"gold":29,"play_id":"9b624760-6512-4a36-8ced-82adccefc00b","is_prod":false,"is_daily":false,"campfire_rituals":0,"campfire_upgraded":2,"is_hardmode":false,"path_taken":["M","?","?","M","?","R","E","M","T","M","E","?","E","M","R","BOSS","M","M","M","M","?","E","R","M","T","M","E","?","$","?","R","BOSS"],"build_version":"2018-01-11-PROD2","purchased_purges":0,"victory":false,"master_deck":["Defend_G","Defend_G","Defend_G","Defend_G","Defend_G","Survivor","Neutralize","A Thousand Cuts","Outmaneuver","Backflip","Backflip","Acrobatics","Quick Slash","Trip","Slice","Dagger Throw","Blade Dance","Blade Dance","Blade Dance","Cloak And Dagger","Slice","Storm of Steel","Prepared","Backflip","Cloak And Dagger","Quick Slash","Dagger Throw","Adrenaline","Footwork","Sucker Punch","Envenom","Bite_G","Bite_G","Bite_G","Bite_G","Bite_G"],"max_hp_per_floor":[63,63,63,63,63,63,73,73,73,73,73,73,73,73,73,73,73,73,73,73,73,73,73,73,73,73,73,73,73,73,73,73],"relics":["Ring of the Snake","Pear","Bag of Preparation","Bronze Scales","Lizard Tail","Meat on the Bone","Paper Crane","Molten Egg","Regal Pillow","Enchiridion","Mummified Hand"],"campfire_meditates":0,"card_choices":[{"not_picked":["Envenom","Die Die Die"],"picked":"A Thousand Cuts"},{"not_picked":["Sucker Punch","Crippling Poison"],"picked":"Outmaneuver"},{"not_picked":["Underhanded Strike","Accuracy"],"picked":"Backflip"},{"not_picked":["Poisoned Stab","Dodge and Roll"],"picked":"Backflip"},{"not_picked":["Crippling Poison","Finisher"],"picked":"Acrobatics"},{"not_picked":["Dagger Spray","Phantasmal Killer"],"picked":"Slice"},{"not_picked":["Slice","Backflip"],"picked":"Dagger Throw"},{"not_picked":["Skewer","Crippling Poison"],"picked":"Blade Dance"},{"not_picked":["Predator","Backstab"],"picked":"Blade Dance"},{"not_picked":["Doppelganger","Dodge and Roll"],"picked":"Blade Dance"},{"not_picked":["Bane","Acrobatics"],"picked":"Cloak And Dagger"},{"not_picked":["All Out Attack","Dagger Spray"],"picked":"Slice"},{"not_picked":["Glass Knife","Tools of the Trade"],"picked":"Storm of Steel"},{"not_picked":["Poisoned Stab","Flechettes"],"picked":"Prepared"},{"not_picked":["Dagger Spray","Flying Knee"],"picked":"Backflip"},{"not_picked":["Dash","All Out Attack"],"picked":"Cloak And Dagger"},{"not_picked":["Flying Knee","Masterful Stab"],"picked":"Quick Slash"},{"not_picked":["Poisoned Stab","Backstab"],"picked":"Dagger Throw"},{"not_picked":["Calculated Gamble","Catalyst"],"picked":"Adrenaline"},{"not_picked":["PiercingWail","Backflip"],"picked":"Footwork"},{"not_picked":["Poisoned Stab","Prepared"],"picked":"Sucker Punch"}],"player_experience":103695,"potions_floor_usage":[7,8,13,16,16,23,23,28,33],"damage_taken":[{"damage":2,"enemies":"Blue Slaver","floor":1,"turns":6},{"damage":0,"enemies":"Jaw Worm","floor":2,"turns":7},{"damage":2,"enemies":"Small Slimes","floor":3,"turns":4},{"damage":8,"enemies":"3 Louse","floor":4,"turns":4},{"damage":18,"enemies":"Gremlin Nob","floor":7,"turns":3},{"damage":0,"enemies":"2 Fungi Beasts","floor":8,"turns":4},{"damage":1,"enemies":"Red Slaver","floor":10,"turns":2},{"damage":18,"enemies":"Lagavulin","floor":11,"turns":6},{"damage":0,"enemies":"Looter","floor":12,"turns":2},{"damage":20,"enemies":"3 Sentries","floor":13,"turns":6},{"damage":0,"enemies":"2 Fungi Beasts","floor":14,"turns":2},{"damage":2,"enemies":"Hexaghost","floor":16,"turns":9},{"damage":19,"enemies":"2 Thieves","floor":18,"turns":4},{"damage":12,"enemies":"3 Byrds","floor":19,"turns":3},{"damage":12,"enemies":"Centurion and Healer","floor":20,"turns":8},{"damage":19,"enemies":"3 Cultists","floor":21,"turns":5},{"damage":17,"enemies":"Slavers","floor":23,"turns":5},{"damage":44,"enemies":"Snecko","floor":25,"turns":6},{"damage":12,"enemies":"Snake Plant","floor":27,"turns":6},{"damage":15,"enemies":"Book of Stabbing","floor":28,"turns":6},{"damage":27,"enemies":"Collector","floor":33,"turns":3}],"event_choices":[{"event_name":"Cursed Tome","player_choice":"Obtained Book","floor":29,"damage_taken":0},{"event_name":"Vampires","player_choice":"Became a vampire (Vial)","floor":31,"damage_taken":0}],"boss_relics":[{"not_picked":["Runic Pyramid","Runic Dome"],"picked":"Lizard Tail"}],"potions_floor_spawned":[2,4,8,11,12,19,20,25,28],"seed_played":"-66392589769147672","killed_by":"Collector","is_trial":false}