{"gold_per_floor":[360,371,52,71,71,71,90,90,115,15,46,60,82,97,97,193,193,213,10,10,10,21,21],"floor_reached":23,"playtime":1284,"items_purged":["Strike_B","Regret"],"score":191,"play_id":"58d700e4-931b-4114-9bba-dc58296b9b54","local_time":"20190704153033","is_ascension_mode":false,"campfire_choices":[{"data":"Self Repair","floor":6,"key":"SMITH"},{"data":"White Noise","floor":15,"key":"SMITH"}],"neow_cost":"TEN_PERCENT_HP_LOSS","seed_source_timestamp":1107230369682690,"circlet_count":0,"master_deck":["Strike_B","Strike_B","Defend_B","Defend_B","Defend_B","Defend_B","Zap","Dualcast","Leap","Coolheaded","Self Repair+1","Ball Lightning","Glacier","Darkness","Recycle","White Noise+1","Go for the Eyes","Rip and Tear","Echo Form","Double Energy","Blizzard"],"relics":["Cracked Core","Blood Vial","Vajra","PreservedInsect","Blue Candle","Odd Mushroom","Runic Pyramid","OrangePellets","Question Card"],"potions_floor_usage":[13,16],"damage_taken":[{"damage":4,"enemies":"Jaw Worm","floor":1,"turns":4},{"damage":2,"enemies":"2 Louse","floor":2,"turns":3},{"damage":0,"enemies":"Cultist","floor":4,"turns":3},{"damage":5,"enemies":"Looter","floor":7,"turns":2},{"damage":5,"enemies":"Lagavulin","floor":11,"turns":6},{"damage":4,"enemies":"2 Fungi Beasts","floor":12,"turns":4},{"damage":8,"enemies":"The Mushroom Lair","floor":13,"turns":4},{"damage":7,"enemies":"Blue Slaver","floor":14,"turns":4},{"damage":18,"enemies":"Slime Boss","floor":16,"turns":7},{"damage":11,"enemies":"Spheric Guardian","floor":18,"turns":6},{"damage":19,"enemies":"3 Byrds","floor":22,"turns":9},{"damage":75,"enemies":"Gremlin Leader","floor":23,"turns":4}],"seed_played":"-7570250107231789535","potions_obtained":[{"floor":1,"key":"AttackPotion"},{"floor":4,"key":"Ancient Potion"},{"floor":13,"key":"Swift Potion"},{"floor":14,"key":"Dexterity Potion"}],"is_trial":false,"path_per_floor":["M","M","$","M","?","R","M","?","T","$","E","M","?","M","R","B",null,"M","$","?","$","M","E"],"character_chosen":"DEFECT","items_purchased":["Blood Vial","Self Repair","Ball Lightning","OrangePellets"],"campfire_rested":0,"item_purchase_floors":[3,3,3,19],"current_hp_per_floor":[64,62,62,68,61,61,58,58,58,58,55,63,67,68,68,50,68,67,67,67,67,68,0],"gold":21,"neow_bonus":"TWO_FIFTY_GOLD","is_prod":false,"is_daily":false,"chose_seed":false,"campfire_upgraded":2,"win_rate":0,"timestamp":1562279433,"path_taken":["M","M","$","M","?","R","M","?","T","?","E","M","?","M","R","BOSS","M","$","?","$","?","E"],"build_version":"2019-07-01","purchased_purges":2,"victory":false,"max_hp_per_floor":[68,68,68,68,68,68,68,68,68,68,68,68,68,68,68,68,68,68,68,68,68,68,68],"card_choices":[{"not_picked":["Reprogram","Static Discharge"],"picked":"Leap","floor":1},{"not_picked":["Hologram","Recycle"],"picked":"Coolheaded","floor":2},{"not_picked":["Beam Cell","Go for the Eyes"],"picked":"Glacier","floor":4},{"not_picked":["Beam Cell","Steam"],"picked":"Darkness","floor":7},{"not_picked":["Loop","Barrage"],"picked":"Recycle","floor":11},{"not_picked":["Rebound","Sweeping Beam"],"picked":"White Noise","floor":12},{"not_picked":["Gash","Beam Cell"],"picked":"Go for the Eyes","floor":13},{"not_picked":["Barrage","Self Repair"],"picked":"Rip and Tear","floor":14},{"not_picked":["Reboot","Thunder Strike"],"picked":"Echo Form","floor":16},{"not_picked":["Conserve Battery","Blizzard"],"picked":"Double Energy","floor":18},{"not_picked":["Auto Shields","Coolheaded+1","Steam"],"picked":"Blizzard","floor":22}],"player_experience":627531,"relics_obtained":[{"floor":9,"key":"PreservedInsect"},{"floor":11,"key":"Blue Candle"},{"floor":13,"key":"Odd Mushroom"}],"event_choices":[{"cards_removed":["Strike_B"],"damage_healed":0,"gold_gain":0,"player_choice":"Card Removal","damage_taken":7,"max_hp_gain":0,"max_hp_loss":0,"event_name":"Golden Wing","floor":5,"gold_loss":0},{"damage_healed":0,"gold_gain":0,"player_choice":"Box","damage_taken":0,"relics_obtained":["Vajra"],"max_hp_gain":0,"max_hp_loss":0,"event_name":"Big Fish","floor":8,"gold_loss":0,"cards_obtained":["Regret"]},{"damage_healed":0,"gold_gain":0,"player_choice":"Fought Mushrooms","damage_taken":0,"max_hp_gain":0,"max_hp_loss":0,"event_name":"Mushrooms","floor":13,"gold_loss":0},{"damage_healed":0,"gold_gain":0,"player_choice":"Gave Potion","damage_taken":0,"relics_obtained":["Question Card"],"max_hp_gain":0,"max_hp_loss":0,"event_name":"WeMeetAgain","floor":20,"gold_loss":0}],"is_beta":false,"boss_relics":[{"not_picked":["Calling Bell","Empty Cage"],"picked":"Runic Pyramid"}],"items_purged_floors":[3,10],"is_endless":false,"potions_floor_spawned":[1,4,13,14],"killed_by":"Gremlin Leader","ascension_level":0}