{"gold_per_floor":[215,215,365,45,64,94,94,122,122,138,156,156,70,83,83,160,160,160,160,160,7,7,7,7,7,7,7,7,7,7,7,7,7,7,7,7,7,7,7,7,7,7,7,7,7,7,7,7,7,7],"floor_reached":50,"playtime":3309,"items_purged":["Doubt"],"score":889,"play_id":"2c1d44be-43dc-4038-a5ff-47504e9c1a25","local_time":"20190119224613","is_ascension_mode":true,"campfire_choices":[{"floor":7,"key":"REST"},{"floor":12,"key":"REST"},{"floor":15,"key":"REST"},{"data":"Footwork","floor":23,"key":"SMITH"},{"data":"After Image","floor":25,"key":"SMITH"},{"floor":32,"key":"REST"},{"floor":40,"key":"REST"},{"floor":44,"key":"REST"},{"data":"After Image","floor":46,"key":"SMITH"},{"floor":49,"key":"REST"}],"neow_cost":"NONE","seed_source_timestamp":300325060545671,"circlet_count":0,"master_deck":["AscendersBane","Defend_G","Defend_G","Defend_G","Defend_G","Defend_G","Strike_G","Survivor","Neutralize+1","Deadly Poison","Dagger Throw","Deflect","Acrobatics","Bouncing Flask","Escape Plan","Dagger Spray","Sucker Punch","Crippling Poison","Bane","After Image+1","Well Laid Plans+1","Footwork+1","Adrenaline","Dodge and Roll+1","PiercingWail","After Image+1","Unload+1","Blade Dance+1","Tactician+1","Backflip"],"relics":["Ring of the Snake","Bag of Marbles","Pantograph","Strawberry","Snake Skull","Ectoplasm","Blue Candle","Astrolabe","PreservedInsect","Meat on the Bone"],"potions_floor_usage":[6,14,24,27,33,33,50,50],"damage_taken":[{"damage":16,"enemies":"Jaw Worm","floor":1,"turns":9},{"damage":4,"enemies":"Small Slimes","floor":5,"turns":5},{"damage":38,"enemies":"3 Sentries","floor":6,"turns":14},{"damage":23,"enemies":"Gremlin Nob","floor":8,"turns":4},{"damage":0,"enemies":"Cultist","floor":10,"turns":3},{"damage":4,"enemies":"Looter","floor":11,"turns":3},{"damage":5,"enemies":"Exordium Thugs","floor":14,"turns":4},{"damage":52,"enemies":"Slime Boss","floor":16,"turns":10},{"damage":5,"enemies":"Chosen","floor":18,"turns":4},{"damage":5,"enemies":"3 Byrds","floor":20,"turns":5},{"damage":1,"enemies":"3 Cultists","floor":24,"turns":6},{"damage":10,"enemies":"Centurion and Healer","floor":27,"turns":7},{"damage":6,"enemies":"Snake Plant","floor":28,"turns":4},{"damage":20,"enemies":"Cultist and Chosen","floor":29,"turns":7},{"damage":0,"enemies":"Sentry and Sphere","floor":30,"turns":6},{"damage":57,"enemies":"Automaton","floor":33,"turns":13},{"damage":4,"enemies":"3 Darklings","floor":35,"turns":4},{"damage":5,"enemies":"Orb Walker","floor":37,"turns":3},{"damage":21,"enemies":"3 Darklings","floor":39,"turns":7},{"damage":45,"enemies":"Jaw Worm Horde","floor":41,"turns":5},{"damage":0,"enemies":"Sphere and 2 Shapes","floor":42,"turns":6},{"damage":11,"enemies":"Transient","floor":48,"turns":6},{"damage":80,"enemies":"Awakened One","floor":50,"turns":15}],"seed_played":"-9126842474812700954","potions_obtained":[{"floor":5,"key":"SkillPotion"},{"floor":8,"key":"PowerPotion"},{"floor":16,"key":"Block Potion"},{"floor":18,"key":"EssenceOfSteel"},{"floor":29,"key":"SpeedPotion"},{"floor":30,"key":"AttackPotion"},{"floor":33,"key":"Strength Potion"},{"floor":37,"key":"Dexterity Potion"},{"floor":48,"key":"Energy Potion"}],"is_trial":false,"path_per_floor":["M","?","?","$","M","E","R","E","T","M","M","R","$","M","R","B",null,"M","?","M","$","?","R","M","R","T","M","M","M","M","?","R","B",null,"M","?","M","$","M","R","M","M","T","R","?","R","?","M","R","B"],"character_chosen":"THE_SILENT","items_purchased":["Bag of Marbles","Dagger Throw","Deflect","Crippling Poison","Footwork","Adrenaline"],"campfire_rested":7,"item_purchase_floors":[4,4,4,13,21,21],"current_hp_per_floor":[43,48,48,48,44,6,27,11,11,11,7,30,30,25,48,21,64,59,59,54,54,54,54,53,53,53,43,37,17,17,17,40,8,61,57,57,52,52,31,54,9,9,9,32,32,32,32,33,56,0],"gold":7,"neow_bonus":"HUNDRED_GOLD","is_prod":false,"is_daily":false,"chose_seed":false,"campfire_upgraded":3,"win_rate":0,"timestamp":1547937973,"path_taken":["M","?","?","$","M","E","R","E","T","M","M","R","$","M","R","BOSS","M","?","M","?","?","R","M","R","T","M","M","?","?","?","R","BOSS","M","?","?","$","M","R","M","M","T","R","?","R","?","M","R","BOSS"],"build_version":"2019-01-17v2","purchased_purges":1,"victory":false,"max_hp_per_floor":[66,71,71,71,71,71,71,78,78,78,78,78,78,78,78,78,78,78,78,78,78,78,78,78,78,78,78,78,78,78,78,78,78,78,78,78,78,78,78,78,78,78,78,78,78,78,78,78,78,78],"card_choices":[{"not_picked":["Outmaneuver","Endless Agony"],"picked":"Deadly Poison","floor":1},{"not_picked":["Prepared","Outmaneuver"],"picked":"Acrobatics","floor":5},{"not_picked":["PiercingWail","Escape Plan"],"picked":"Bouncing Flask","floor":6},{"not_picked":["Bane","Quick Slash"],"picked":"Escape Plan","floor":8},{"not_picked":["Acrobatics","Quick Slash"],"picked":"Dagger Spray","floor":10},{"not_picked":["PiercingWail","Slice"],"picked":"Sucker Punch","floor":11},{"not_picked":["Slice","Distraction"],"picked":"Bane","floor":14},{"not_picked":["Tools of the Trade","Unload"],"picked":"After Image","floor":16},{"not_picked":["Quick Slash","Dagger Throw","Tactician"],"picked":"SKIP","floor":18},{"not_picked":["Slice","Blade Dance"],"picked":"Well Laid Plans+1","floor":20},{"not_picked":["All Out Attack","Accuracy"],"picked":"Skewer+1","floor":24},{"not_picked":["Dagger Spray","Acrobatics","Cloak And Dagger"],"picked":"SKIP","floor":27},{"not_picked":["Deadly Poison","Storm of Steel"],"picked":"Dodge and Roll+1","floor":28},{"not_picked":["Choke+1","Dodge and Roll+1"],"picked":"PiercingWail","floor":29},{"not_picked":["Sucker Punch","Heel Hook+1","Slice"],"picked":"SKIP","floor":30},{"not_picked":["Unload","Envenom"],"picked":"After Image","floor":33},{"not_picked":["Finisher","Acrobatics","Underhanded Strike"],"picked":"SKIP","floor":35},{"not_picked":["Setup","Quick Slash","Outmaneuver"],"picked":"SKIP","floor":37},{"not_picked":["Sucker Punch","Dodge and Roll","Tactician"],"picked":"SKIP","floor":39},{"not_picked":["Accuracy","Reflex"],"picked":"Backflip","floor":41},{"not_picked":["Distraction","Calculated Gamble","Choke"],"picked":"SKIP","floor":42},{"not_picked":["PiercingWail","Heel Hook+1","Flying Knee"],"picked":"SKIP","floor":48}],"player_experience":1194174,"relics_obtained":[{"floor":6,"key":"Pantograph"},{"floor":8,"key":"Strawberry"},{"floor":9,"key":"Snake Skull"},{"floor":26,"key":"Blue Candle"},{"floor":43,"key":"Meat on the Bone"}],"event_choices":[{"damage_healed":0,"gold_gain":0,"player_choice":"Donut","damage_taken":0,"max_hp_gain":5,"max_hp_loss":0,"event_name":"Big Fish","floor":2,"gold_loss":0},{"damage_healed":0,"gold_gain":150,"player_choice":"AGREE","damage_taken":0,"max_hp_gain":0,"max_hp_loss":0,"event_name":"Liars Game","floor":3,"gold_loss":0,"cards_obtained":["Doubt"]},{"cards_removed":["Strike_G"],"damage_healed":0,"gold_gain":0,"player_choice":"Purged","damage_taken":0,"max_hp_gain":0,"max_hp_loss":0,"event_name":"Purifier","floor":19,"gold_loss":0},{"damage_healed":0,"gold_gain":0,"player_choice":"Forge","damage_taken":0,"max_hp_gain":0,"max_hp_loss":0,"event_name":"Accursed Blacksmith","floor":22,"gold_loss":0,"cards_upgraded":["Neutralize"]},{"damage_healed":0,"gold_gain":0,"player_choice":"Ignored","damage_taken":0,"max_hp_gain":0,"max_hp_loss":0,"event_name":"Cursed Tome","floor":31,"gold_loss":0},{"damage_healed":0,"gold_gain":0,"player_choice":"Gave Potion","damage_taken":0,"relics_obtained":["PreservedInsect"],"max_hp_gain":0,"max_hp_loss":0,"event_name":"WeMeetAgain","floor":36,"gold_loss":0},{"damage_healed":0,"gold_gain":0,"player_choice":"Ignored","damage_taken":0,"max_hp_gain":0,"max_hp_loss":0,"event_name":"Mysterious Sphere","floor":45,"gold_loss":0},{"cards_removed":["Skewer"],"damage_healed":0,"gold_gain":0,"player_choice":"Removed Attack","damage_taken":0,"max_hp_gain":0,"max_hp_loss":0,"event_name":"Falling","floor":47,"gold_loss":0}],"is_beta":false,"boss_relics":[{"not_picked":["WristBlade","Eternal Feather"],"picked":"Ectoplasm"},{"not_picked":["Velvet Choker","Empty Cage"],"picked":"Astrolabe"}],"items_purged_floors":[4],"is_endless":false,"potions_floor_spawned":[5,8,16,18,29,30,33,37,48],"killed_by":"Awakened One","ascension_level":19}