{"gold_per_floor":[11,30,30,40,52,77,90,90,114,134,146,180,180,205,205,336,336,322,335,335,20,36,36,71,71,124,124,124,124,144,183,183,311,311,326,326,326,346,364,364,489,489,489,502,517,540,540,563,563,563],"floor_reached":51,"playtime":8696,"items_purged":["Injury"],"score":711,"play_id":"16a6dae7-0feb-458a-ba32-ee38c30bd9c9","local_time":"20181221054023","is_ascension_mode":true,"campfire_choices":[{"data":"Capacitor","floor":8,"key":"SMITH"},{"floor":15,"key":"REST"},{"data":"Defragment","floor":23,"key":"SMITH"},{"floor":25,"key":"REST"},{"data":"Chill","floor":29,"key":"SMITH"},{"data":"Darkness","floor":32,"key":"SMITH"},{"data":"Seek","floor":40,"key":"SMITH"},{"data":"Multi-Cast","floor":42,"key":"SMITH"},{"floor":49,"key":"REST"}],"neow_cost":"NO_GOLD","seed_source_timestamp":128904298932337,"circlet_count":0,"master_deck":["Strike_B","Strike_B","Strike_B","Strike_B","Defend_B","Defend_B","Defend_B","Defend_B","Dualcast","Reinforced Body","BootSequence+1","Chill+1","Conserve Battery","Multi-Cast+1","Capacitor+1","Heatsinks","Conserve Battery","Defragment+1","Glacier","Redo","Hello World","Blizzard","Darkness+1","Hello World","Glacier","Capacitor","Seek+1","Heatsinks+1","Fusion","Turbo","Capacitor+1","Force Field","Compile Driver+1","Finesse","Redo","Doom and Gloom","Blizzard+1","FTL","Glacier+1","Rebound","Parasite","Reprogram"],"relics":["FrozenCore","Pocketwatch","Mercury Hourglass","Bronze Scales","Happy Flower","Golden Idol","Membership Card","Art of War","Centennial Puzzle","Bag of Marbles","Orrery","Calipers","Bottled Flame"],"potions_floor_usage":[12,24,46,48,50],"damage_taken":[{"damage":2,"enemies":"Small Slimes","floor":1,"turns":4},{"damage":0,"enemies":"Jaw Worm","floor":2,"turns":3},{"damage":0,"enemies":"Cultist","floor":4,"turns":3},{"damage":9,"enemies":"2 Fungi Beasts","floor":5,"turns":3},{"damage":6,"enemies":"3 Sentries","floor":6,"turns":9},{"damage":1,"enemies":"3 Louse","floor":7,"turns":2},{"damage":0,"enemies":"Exordium Wildlife","floor":10,"turns":3},{"damage":0,"enemies":"Looter","floor":11,"turns":2},{"damage":4,"enemies":"Lagavulin","floor":12,"turns":5},{"damage":0,"enemies":"3 Louse","floor":14,"turns":2},{"damage":24,"enemies":"The Guardian","floor":16,"turns":15},{"damage":7,"enemies":"2 Thieves","floor":18,"turns":4},{"damage":0,"enemies":"Chosen","floor":19,"turns":8},{"damage":4,"enemies":"Centurion and Healer","floor":22,"turns":8},{"damage":15,"enemies":"Gremlin Leader","floor":24,"turns":8},{"damage":0,"enemies":"Shelled Parasite and Fungi","floor":30,"turns":9},{"damage":6,"enemies":"Book of Stabbing","floor":31,"turns":5},{"damage":2,"enemies":"Champ","floor":33,"turns":12},{"damage":4,"enemies":"Orb Walker","floor":35,"turns":7},{"damage":4,"enemies":"3 Darklings","floor":38,"turns":7},{"damage":3,"enemies":"Jaw Worm Horde","floor":39,"turns":6},{"damage":5,"enemies":"Mind Bloom Boss Battle","floor":41,"turns":8},{"damage":24,"enemies":"Sphere and 2 Shapes","floor":44,"turns":8},{"damage":12,"enemies":"Spire Growth","floor":45,"turns":8},{"damage":24,"enemies":"3 Darklings","floor":46,"turns":6},{"damage":0,"enemies":"Writhing Mass","floor":48,"turns":10},{"damage":24,"enemies":"Time Eater","floor":50,"turns":14}],"seed_played":"5018828918132595030","potions_obtained":[{"floor":2,"key":"Poison Potion"},{"floor":4,"key":"FearPotion"},{"floor":6,"key":"SpeedPotion"},{"floor":12,"key":"LiquidBronze"},{"floor":16,"key":"SpeedPotion"},{"floor":18,"key":"Explosive Potion"},{"floor":24,"key":"SteroidPotion"},{"floor":48,"key":"SkillPotion"}],"is_trial":false,"path_per_floor":["M","M","?","M","M","E","M","R","T","M","M","E","?","M","R","B",null,"M","M","?","$","M","R","E","R","T","?","?","R","M","E","R","B",null,"M","?","?","M","M","R","?","R","T","M","M","M","?","M","R","B",null],"character_chosen":"DEFECT","items_purchased":["Membership Card","Blizzard"],"campfire_rested":3,"item_purchase_floors":[21,21],"current_hp_per_floor":[73,73,73,73,64,58,57,57,57,57,57,53,53,53,75,51,75,68,68,54,54,50,50,35,59,59,59,59,59,59,53,53,51,80,76,76,76,72,69,69,64,64,64,40,28,4,4,4,28,4],"gold":563,"neow_bonus":"ONE_RARE_RELIC","is_prod":false,"is_daily":false,"chose_seed":false,"campfire_upgraded":6,"win_rate":0,"timestamp":1545399623,"path_taken":["M","M","?","M","M","E","M","R","T","M","M","E","?","M","R","BOSS","M","M","?","$","M","R","E","R","T","?","?","R","M","E","R","BOSS","M","?","?","M","M","R","?","R","T","M","?","M","?","M","R","BOSS"],"build_version":"2018-12-20","purchased_purges":1,"victory":true,"max_hp_per_floor":[75,75,75,75,75,75,75,75,75,75,75,75,75,75,75,75,75,75,75,80,80,80,80,80,80,80,80,80,80,80,80,80,80,80,80,80,80,80,80,80,80,80,80,80,80,80,80,80,80,80],"card_choices":[{"not_picked":["Redo","Consume"],"picked":"Reinforced Body","floor":1},{"not_picked":["Ball Lightning","Beam Cell"],"picked":"BootSequence","floor":2},{"not_picked":["Skim","Cold Snap"],"picked":"Chill","floor":4},{"not_picked":["Cold Snap","Redo"],"picked":"Conserve Battery","floor":5},{"not_picked":["Steam Power","Gash"],"picked":"Multi-Cast","floor":6},{"not_picked":["FTL","Rip and Tear"],"picked":"Capacitor","floor":7},{"not_picked":["Barrage","Ball Lightning"],"picked":"Heatsinks","floor":10},{"not_picked":["Stack","Gash"],"picked":"Conserve Battery","floor":11},{"not_picked":["Sweeping Beam","Steam"],"picked":"Defragment","floor":12},{"not_picked":["Machine Learning","Redo"],"picked":"Glacier","floor":14},{"not_picked":["Thunder Strike","Amplify"],"picked":"Echo Form","floor":16},{"not_picked":["Stack","Consume"],"picked":"Redo","floor":18},{"not_picked":["Coolheaded","Skim"],"picked":"Hello World","floor":19},{"not_picked":["Sunder","Redo"],"picked":"Darkness","floor":22},{"not_picked":["Storm+1","Leap"],"picked":"Hello World","floor":24},{"not_picked":["Rebound","Barrage"],"picked":"Glacier","floor":30},{"not_picked":["Gash","Go for the Eyes+1"],"picked":"Capacitor","floor":31},{"not_picked":["Meteor Strike","Biased Cognition"],"picked":"Seek","floor":33},{"not_picked":["Ball Lightning","Barrage"],"picked":"Heatsinks+1","floor":34},{"not_picked":["Redo","Heatsinks"],"picked":"Fusion","floor":34},{"not_picked":["Sweeping Beam","Loop"],"picked":"Turbo","floor":34},{"not_picked":["Ball Lightning","Streamline"],"picked":"Capacitor+1","floor":34},{"not_picked":["Sweeping Beam","Rebound+1"],"picked":"Force Field","floor":34},{"not_picked":["Leap+1","Aggregate+1"],"picked":"Compile Driver+1","floor":35},{"not_picked":["Enlightenment","Forethought"],"picked":"Finesse","floor":36},{"not_picked":["Compile Driver","Barrage+1"],"picked":"Redo","floor":38},{"not_picked":["Compile Driver+1","Turbo"],"picked":"Doom and Gloom","floor":39},{"not_picked":["Hologram","Reboot"],"picked":"Blizzard+1","floor":41},{"not_picked":["Gash+1","Stack+1"],"picked":"FTL","floor":44},{"not_picked":["Stack+1","Steam+1"],"picked":"Glacier+1","floor":45},{"not_picked":["Steam","Cold Snap+1"],"picked":"Rebound","floor":46},{"not_picked":["Go for the Eyes+1","Redo"],"picked":"Reprogram","floor":48}],"player_experience":80492,"relics_obtained":[{"floor":6,"key":"Mercury Hourglass"},{"floor":9,"key":"Bronze Scales"},{"floor":12,"key":"Happy Flower"},{"floor":24,"key":"Art of War"},{"floor":26,"key":"Centennial Puzzle"},{"floor":31,"key":"Bag of Marbles"},{"floor":41,"key":"Calipers"},{"floor":43,"key":"Bottled Flame"}],"event_choices":[{"damage_healed":0,"gold_gain":0,"player_choice":"Grow","damage_taken":0,"max_hp_gain":0,"max_hp_loss":0,"event_name":"Living Wall","floor":3,"gold_loss":0,"cards_upgraded":["BootSequence"]},{"damage_healed":0,"gold_gain":0,"player_choice":"Take Wound","damage_taken":0,"relics_obtained":["Golden Idol"],"max_hp_gain":0,"max_hp_loss":0,"event_name":"Golden Idol","floor":13,"gold_loss":0,"cards_obtained":["Injury"]},{"damage_healed":0,"gold_gain":0,"player_choice":"Shed Blood","damage_taken":19,"max_hp_gain":5,"max_hp_loss":0,"event_name":"Forgotten Altar","floor":20,"gold_loss":0},{"damage_healed":0,"gold_gain":0,"player_choice":"Ignored","damage_taken":0,"max_hp_gain":0,"max_hp_loss":0,"event_name":"Ghosts","floor":27,"gold_loss":0},{"cards_removed":["Zap"],"damage_healed":0,"gold_gain":0,"player_choice":"Offered Basic","damage_taken":0,"max_hp_gain":0,"max_hp_loss":0,"event_name":"Bonfire Elementals","floor":28,"gold_loss":0},{"damage_healed":0,"gold_gain":0,"player_choice":"Memory 1","damage_taken":0,"max_hp_gain":0,"max_hp_loss":0,"event_name":"SensoryStone","floor":36,"gold_loss":0},{"cards_removed":["Echo Form"],"damage_healed":0,"gold_gain":0,"player_choice":"Removed Power","damage_taken":0,"max_hp_gain":0,"max_hp_loss":0,"event_name":"Falling","floor":37,"gold_loss":0},{"damage_healed":0,"gold_gain":0,"player_choice":"Fight","damage_taken":0,"max_hp_gain":0,"max_hp_loss":0,"event_name":"MindBloom","floor":41,"gold_loss":0},{"damage_healed":0,"gold_gain":0,"player_choice":"Ignored","damage_taken":0,"max_hp_gain":0,"max_hp_loss":0,"event_name":"Tomb of Lord Red Mask","floor":47,"gold_loss":0}],"is_beta":false,"boss_relics":[{"not_picked":["Velvet Choker","Runic Dome"],"picked":"FrozenCore"},{"not_picked":["Lizard Tail","Calling Bell"],"picked":"Orrery"}],"items_purged_floors":[21],"is_endless":false,"potions_floor_spawned":[2,4,6,12,16,18,22,24,39,45,48],"ascension_level":1}