{"gold_per_floor":[215,146,159,105,105,105,105,118,118,149,169,185,185,196,196,291,291,309,329,339,339,350,350],"floor_reached":23,"playtime":2364,"items_purged":[],"score":244,"play_id":"1d9132c2-fab1-4e49-ac07-cce842747b3e","local_time":"20190706215450","is_ascension_mode":true,"campfire_choices":[{"data":"Noxious Fumes","floor":6,"key":"SMITH"},{"floor":13,"key":"REST"},{"floor":15,"key":"REST"}],"neow_cost":"NONE","seed_source_timestamp":38258806510394,"circlet_count":0,"master_deck":["Strike_G","Strike_G","Defend_G","Defend_G","Defend_G","Defend_G","Defend_G","Survivor","Neutralize","Crippling Poison","Noxious Fumes+1","Deadly Poison","Backstab","Deflect","Acrobatics","Blur","After Image","Blade Dance","PiercingWail","Corpse Explosion"],"relics":["Ring of the Snake","Ice Cream","Boot","Empty Cage"],"potions_floor_usage":[16,16,20,21,22,23,23],"damage_taken":[{"damage":1,"enemies":"Cultist","floor":1,"turns":4},{"damage":0,"enemies":"Small Slimes","floor":3,"turns":4},{"damage":0,"enemies":"Jaw Worm","floor":8,"turns":4},{"damage":29,"enemies":"3 Sentries","floor":10,"turns":6},{"damage":0,"enemies":"Exordium Wildlife","floor":11,"turns":4},{"damage":7,"enemies":"Lots of Slimes","floor":12,"turns":4},{"damage":4,"enemies":"Blue Slaver","floor":14,"turns":3},{"damage":46,"enemies":"Slime Boss","floor":16,"turns":12},{"damage":3,"enemies":"Shell Parasite","floor":18,"turns":6},{"damage":17,"enemies":"Spheric Guardian","floor":19,"turns":6},{"damage":7,"enemies":"Shelled Parasite and Fungi","floor":20,"turns":10},{"damage":9,"enemies":"Snecko","floor":22,"turns":7},{"damage":26,"enemies":"Book of Stabbing","floor":23,"turns":6}],"seed_played":"-7959833664133470475","potions_obtained":[{"floor":8,"key":"Fire Potion"},{"floor":11,"key":"SkillPotion"},{"floor":16,"key":"GamblersBrew"},{"floor":18,"key":"EssenceOfSteel"},{"floor":21,"key":"Fruit Juice"},{"floor":21,"key":"Weak Potion"},{"floor":21,"key":"SneckoOil"}],"is_trial":false,"path_per_floor":["M","$","M","$","?","R","?","M","T","E","M","M","R","M","R","B",null,"M","M","M","?","M","E"],"character_chosen":"THE_SILENT","items_purchased":["Noxious Fumes","Deadly Poison"],"campfire_rested":2,"item_purchase_floors":[2,4],"current_hp_per_floor":[69,69,69,69,62,62,62,62,62,33,33,26,47,43,64,18,57,54,37,30,35,26,0],"gold":350,"neow_bonus":"HUNDRED_GOLD","is_prod":false,"is_daily":false,"chose_seed":false,"campfire_upgraded":1,"win_rate":0,"timestamp":1562421290,"path_taken":["M","?","M","$","?","R","?","M","T","E","M","M","R","M","R","BOSS","M","M","M","?","?","E"],"build_version":"2019-07-05","purchased_purges":0,"victory":false,"max_hp_per_floor":[70,70,70,70,70,70,70,70,70,70,70,70,70,70,70,70,70,70,70,70,75,75,75],"card_choices":[{"not_picked":["Slice","Quick Slash"],"picked":"Crippling Poison","floor":1},{"not_picked":["Tactician","Accuracy","Prepared"],"picked":"SKIP","floor":3},{"not_picked":["Bane","Underhanded Strike"],"picked":"Backstab","floor":8},{"not_picked":["Dodge and Roll","Prepared"],"picked":"Deflect","floor":10},{"not_picked":["Poisoned Stab","Sucker Punch"],"picked":"Acrobatics","floor":11},{"not_picked":["Slice","Poisoned Stab","Underhanded Strike"],"picked":"SKIP","floor":12},{"not_picked":["Dagger Throw","PiercingWail"],"picked":"Blur","floor":14},{"not_picked":["Envenom","Malaise"],"picked":"After Image","floor":16},{"not_picked":["Slice","Bane"],"picked":"Blade Dance","floor":18},{"not_picked":["Distraction","Bouncing Flask","Acrobatics"],"picked":"SKIP","floor":19},{"not_picked":["Prepared","Underhanded Strike"],"picked":"PiercingWail","floor":20},{"not_picked":["All Out Attack+1","Dagger Spray+1"],"picked":"Corpse Explosion","floor":22}],"player_experience":117794,"relics_obtained":[{"floor":9,"key":"Ice Cream"},{"floor":10,"key":"Boot"}],"event_choices":[{"cards_removed":["Strike_G"],"damage_healed":0,"gold_gain":0,"player_choice":"Card Removal","damage_taken":7,"max_hp_gain":0,"max_hp_loss":0,"event_name":"Golden Wing","floor":5,"gold_loss":0},{"damage_healed":0,"gold_gain":0,"player_choice":"Ignored","damage_taken":0,"max_hp_gain":0,"max_hp_loss":0,"event_name":"Liars Game","floor":7,"gold_loss":0},{"damage_healed":0,"gold_gain":0,"player_choice":"Got Potions","damage_taken":0,"max_hp_gain":0,"max_hp_loss":0,"event_name":"Lab","floor":21,"gold_loss":0}],"is_beta":false,"boss_relics":[{"not_picked":["Orrery","Runic Pyramid"],"picked":"Empty Cage"}],"items_purged_floors":[],"is_endless":false,"potions_floor_spawned":[8,11,16,18],"killed_by":"Book of Stabbing","ascension_level":5}