{"gold_per_floor":[115,132,152,102,119,152,152,170,170,170,170,170,100,143,143,143],"floor_reached":16,"playtime":1585,"items_purged":[],"score":110,"play_id":"56423c06-cdea-474d-b17f-397b1007b4db","local_time":"20190627032852","is_ascension_mode":false,"campfire_choices":[{"floor":7,"key":"REST"},{"floor":11,"key":"REST"},{"data":"Armaments","floor":15,"key":"SMITH"}],"neow_cost":"NONE","seed_source_timestamp":1065418977986867,"circlet_count":0,"master_deck":["Strike_R","Strike_R","Strike_R","Strike_R","Strike_R","Defend_R","Defend_R","Defend_R","Bash","Brutality","Flame Barrier","Combust","Iron Wave","Metallicize","Iron Wave","Armaments+1","Injury","Dropkick","Cleave+1"],"relics":["Burning Blood","Dodecahedron","Frozen Egg 2","Golden Idol","Molten Egg 2"],"potions_floor_usage":[14],"damage_taken":[{"damage":5,"enemies":"Cultist","floor":1,"turns":4},{"damage":2,"enemies":"Small Slimes","floor":2,"turns":3},{"damage":1,"enemies":"2 Louse","floor":3,"turns":2},{"damage":9,"enemies":"Looter","floor":5,"turns":4},{"damage":64,"enemies":"Gremlin Nob","floor":6,"turns":7},{"damage":10,"enemies":"Blue Slaver","floor":8,"turns":5},{"damage":28,"enemies":"Lagavulin","floor":14,"turns":10},{"damage":56,"enemies":"Hexaghost","floor":16,"turns":14}],"seed_played":"-1213505103408294167","potions_obtained":[{"floor":3,"key":"Energy Potion"},{"floor":8,"key":"Regen Potion"}],"is_trial":false,"path_per_floor":["M","M","M","?","M","E","R","M","T","?","R","?","$","E","R","B"],"character_chosen":"IRONCLAD","items_purchased":["Dropkick"],"campfire_rested":2,"item_purchase_floors":[13],"current_hp_per_floor":[80,80,80,80,77,19,43,39,39,39,63,63,63,56,56,0],"gold":143,"neow_bonus":"ONE_RANDOM_RARE_CARD","is_prod":false,"is_daily":false,"chose_seed":false,"campfire_upgraded":1,"win_rate":0.0,"timestamp":1561577332,"path_taken":["M","M","M","?","M","E","R","M","T","?","R","?","$","E","R","BOSS"],"build_version":"2019-01-23","purchased_purges":0,"victory":false,"max_hp_per_floor":[80,80,80,80,80,80,80,80,80,80,80,80,80,80,80,80],"card_choices":[{"not_picked":["Clothesline","Disarm"],"picked":"Flame Barrier","floor":1},{"not_picked":["Ghostly Armor","Uppercut"],"picked":"Combust","floor":2},{"not_picked":["Second Wind","Rupture"],"picked":"Iron Wave","floor":3},{"not_picked":["Warcry","Power Through"],"picked":"Metallicize","floor":5},{"not_picked":["Headbutt","Brutality"],"picked":"Iron Wave","floor":6},{"not_picked":["Warcry","True Grit"],"picked":"Armaments","floor":8},{"not_picked":["Rupture+1","Headbutt"],"picked":"Cleave","floor":14}],"player_experience":3899,"relics_obtained":[{"floor":6,"key":"Dodecahedron"},{"floor":9,"key":"Frozen Egg 2"},{"floor":14,"key":"Molten Egg 2"}],"event_choices":[{"cards_removed":["Defend_R"],"damage_healed":0,"gold_gain":0,"player_choice":"Card Removal","damage_taken":0,"max_hp_gain":0,"max_hp_loss":0,"event_name":"The Cleric","floor":4,"gold_loss":50},{"damage_healed":0,"gold_gain":0,"player_choice":"Ignored","damage_taken":0,"max_hp_gain":0,"max_hp_loss":0,"event_name":"Golden Wing","floor":10,"gold_loss":0},{"damage_healed":0,"gold_gain":0,"player_choice":"Take Wound","damage_taken":0,"relics_obtained":["Golden Idol"],"max_hp_gain":0,"max_hp_loss":0,"event_name":"Golden Idol","floor":12,"gold_loss":0,"cards_obtained":["Injury"]}],"is_beta":false,"boss_relics":[],"items_purged_floors":[],"is_endless":false,"potions_floor_spawned":[3,8],"killed_by":"Hexaghost","ascension_level":0}