{"gold_per_floor":[117,217,233,251,251,251,251,282,331,331,360,390,425,437,437,536,536,555,465,317,336,26,26,26,39,116,116,216,216,216,236,236,337,337,357,357,373,388,406,441,441,441,441,452,53,71,416,416,416,514,514,525,525,525,51,51,51,61,61,84,103,190,202,259,281,293,402,414,426],"floor_reached":69,"playtime":3632,"items_purged":["Strike_B"],"score":1403,"play_id":"75c72d7a-ec2b-47e0-8910-c00122f92e6b","local_time":"20190706011124","daily_mods":["Vintage","Red Cards","Blue Cards","Colorless Cards","Heirloom","Time Dilation","Flight","Elite Swarm"],"is_ascension_mode":false,"campfire_choices":[{"data":"Echo Form","floor":6.0,"key":"SMITH"},{"data":"Demon Form","floor":7.0,"key":"SMITH"},{"data":"Electrodynamics","floor":10.0,"key":"SMITH"},{"data":"Wraith Form v2","floor":15.0,"key":"SMITH"},{"data":"Defragment","floor":23.0,"key":"SMITH"},{"data":"Capacitor","floor":24.0,"key":"SMITH"},{"data":"Rainbow","floor":27.0,"key":"SMITH"},{"data":"Barrage","floor":29.0,"key":"SMITH"},{"data":"Creative AI","floor":32.0,"key":"SMITH"},{"data":"Madness","floor":41,"key":"SMITH"},{"data":"Spot Weakness","floor":42,"key":"SMITH"},{"data":"All For One","floor":49,"key":"SMITH"},{"data":"Capacitor","floor":57,"key":"SMITH"},{"data":"Zap","floor":66,"key":"SMITH"}],"neow_cost":"","seed_source_timestamp":0,"circlet_count":0,"master_deck":["Demon Form+1","Wraith Form v2+1","Echo Form+1","Strike_B+1","Defend_B","Defend_B","Zap+1","Dualcast","Electrodynamics+1","Rainbow+1","Creative AI+1","All For One+1","Apotheosis+1","Capacitor+1","Spot Weakness+1","Defragment+1","Madness+1","Barrage+1","Rainbow+1","Capacitor+1","White Noise+1"],"special_seed":0,"relics":["Cracked Core","Thread and Needle","Oddly Smooth Stone","Anchor","Pen Nib","Potion Belt","Du-Vu Doll","Regal Pillow","FossilizedHelix","Girya","Mercury Hourglass","Art of War","Busted Crown","Ice Cream","Strawberry","Vajra","Dodecahedron","Nunchaku","Meat on the Bone","Nloth\u0027s Gift","Darkstone Periapt","Sozu","DataDisk","Bottled Tornado","Toxic Egg 2","Letter Opener","Symbiotic Virus","Sundial","Bottled Lightning","Bag of Marbles","Blood Vial","Old Coin","Black Star","Bronze Scales","Calipers","Ancient Tea Set","Pear","Gremlin Horn","Omamori","MawBank","Tiny Chest","Molten Egg 2"],"potions_floor_usage":[40,50,50],"damage_taken":[{"damage":1.0,"enemies":"2 Louse","floor":1.0,"turns":4.0},{"damage":2.0,"enemies":"Cultist","floor":3.0,"turns":4.0},{"damage":0.0,"enemies":"Jaw Worm","floor":4.0,"turns":4.0},{"damage":15.0,"enemies":"3 Sentries","floor":8.0,"turns":6.0},{"damage":10.0,"enemies":"Gremlin Nob","floor":11.0,"turns":4.0},{"damage":4.0,"enemies":"3 Sentries","floor":12.0,"turns":8.0},{"damage":9.0,"enemies":"Gremlin Nob","floor":13.0,"turns":6.0},{"damage":0.0,"enemies":"Looter","floor":14.0,"turns":2.0},{"damage":0.0,"enemies":"Slime Boss","floor":16.0,"turns":5.0},{"damage":5.0,"enemies":"3 Byrds","floor":18.0,"turns":5.0},{"damage":0.0,"enemies":"Spheric Guardian","floor":21.0,"turns":3.0},{"damage":0.0,"enemies":"3 Cultists","floor":25.0,"turns":2.0},{"damage":0.0,"enemies":"Colosseum Slavers","floor":28.0,"turns":4.0},{"damage":13.0,"enemies":"Colosseum Nobs","floor":28.0,"turns":4.0},{"damage":0.0,"enemies":"Shelled Parasite and Fungi","floor":31.0,"turns":4.0},{"damage":32.0,"enemies":"Collector","floor":33.0,"turns":7.0},{"damage":0.0,"enemies":"3 Shapes","floor":35.0,"turns":3.0},{"damage":8.0,"enemies":"3 Darklings","floor":37.0,"turns":4.0},{"damage":8.0,"enemies":"Sphere and 2 Shapes","floor":38.0,"turns":4.0},{"damage":0.0,"enemies":"Transient","floor":39.0,"turns":5.0},{"damage":0,"enemies":"Nemesis","floor":40,"turns":5},{"damage":0,"enemies":"3 Darklings","floor":44,"turns":2},{"damage":0,"enemies":"4 Shapes","floor":46,"turns":4},{"damage":21,"enemies":"2 Orb Walkers","floor":47,"turns":4},{"damage":47,"enemies":"Awakened One","floor":50,"turns":8},{"damage":0,"enemies":"Cultist","floor":52,"turns":3},{"damage":0,"enemies":"2 Louse","floor":58,"turns":2},{"damage":0,"enemies":"Small Slimes","floor":61,"turns":3},{"damage":8,"enemies":"Gremlin Gang","floor":64,"turns":3},{"damage":0,"enemies":"Blue Slaver","floor":65,"turns":2},{"damage":14,"enemies":"The Guardian","floor":67,"turns":6},{"damage":111,"enemies":"Chosen","floor":69,"turns":8}],"seed_played":"-6181647534536355668","potions_obtained":[{"floor":11.0,"key":"Explosive Potion"},{"floor":12.0,"key":"Swift Potion"},{"floor":16.0,"key":"EssenceOfSteel"},{"floor":18.0,"key":"Explosive Potion"},{"floor":31.0,"key":"GamblersBrew"},{"floor":33.0,"key":"Regen Potion"}],"is_trial":true,"path_per_floor":["M","?","M","M","?","R","R","E","T","R","E","E","E","M","R","B",null,"M","?","$","M","$","R","R","M","T","R","?","R","?","M","R","B",null,"M","?","M","M","M","E","R","R","T","M","$","M","?","?","R","B",null,"M","?","?","$","?","R","M","?","T","M","?","?","M","M","R","B",null,"M"],"character_chosen":"DEFECT","items_purchased":["Capacitor","Spot Weakness","Defragment","Whetstone","Madness","Bag of Marbles","Transmutation+1","Capacitor","Ancient Tea Set","Pear"],"campfire_rested":0,"item_purchase_floors":[20,20,22,22,22,45,45,55,55,55],"current_hp_per_floor":[74,74,72,72,54,54,54,39,39,39,29,25,16,16,16,16,75,70,70,70,77,77,77,77,77,77,77,64,64,64,64,64,44,82,82,82,74,66,66,66,66,66,66,66,66,66,47,47,47,29,82,82,75,68,78,78,78,80,80,80,82,71,71,65,67,67,55,92,0],"gold":426,"neow_bonus":"","is_prod":false,"is_daily":false,"chose_seed":false,"campfire_upgraded":14,"win_rate":0,"timestamp":1562343084,"path_taken":["M","?","?","?","?","R","R","E","T","R","E","E","E","M","R","BOSS","M","?","$","?","$","R","R","M","T","R","?","R","?","?","R","BOSS","M","?","M","?","?","E","R","R","T","M","$","M","?","?","R","BOSS","M","?","?","$","?","R","?","?","T","M","?","?","M","?","R","BOSS","M"],"build_version":"2019-07-01","purchased_purges":1,"victory":false,"max_hp_per_floor":[75,75,75,75,75,75,75,75,75,75,75,75,75,75,75,75,75,75,75,75,82,82,82,82,82,82,82,82,82,82,82,82,82,82,82,82,82,82,82,82,82,82,82,82,82,82,82,82,82,82,82,82,82,82,92,92,92,92,92,92,92,92,92,92,92,92,92,92,92],"card_choices":[{"not_picked":["Thunder Strike","Fission"],"picked":"Electrodynamics","floor":8.0},{"not_picked":["Core Surge","Chrysalis"],"picked":"Rainbow","floor":11.0},{"not_picked":["Impervious","Meteor Strike"],"picked":"Creative AI","floor":12.0},{"not_picked":["Rainbow","The Bomb"],"picked":"All For One","floor":13.0},{"not_picked":["Brutality","Limit Break"],"picked":"Apotheosis","floor":16.0},{"not_picked":[],"picked":"Barrage","floor":28.0},{"not_picked":[],"picked":"Rainbow+1","floor":40}],"player_experience":57196,"relics_obtained":[{"floor":1.0,"key":"Oddly Smooth Stone"},{"floor":3.0,"key":"Anchor"},{"floor":4.0,"key":"Pen Nib"},{"floor":8.0,"key":"Du-Vu Doll"},{"floor":9.0,"key":"Regal Pillow"},{"floor":11.0,"key":"FossilizedHelix"},{"floor":12.0,"key":"Girya"},{"floor":13.0,"key":"Mercury Hourglass"},{"floor":14.0,"key":"Art of War"},{"floor":18.0,"key":"Ice Cream"},{"floor":21.0,"key":"Strawberry"},{"floor":25.0,"key":"Vajra"},{"floor":26.0,"key":"Dodecahedron"},{"floor":28.0,"key":"Nunchaku"},{"floor":28.0,"key":"Meat on the Bone"},{"floor":31.0,"key":"Darkstone Periapt"},{"floor":35.0,"key":"DataDisk"},{"floor":37.0,"key":"Bottled Tornado"},{"floor":38.0,"key":"Toxic Egg 2"},{"floor":39.0,"key":"Letter Opener"},{"floor":40,"key":"Symbiotic Virus"},{"floor":43,"key":"Sundial"},{"floor":44,"key":"Bottled Lightning"},{"floor":46,"key":"Blood Vial"},{"floor":47,"key":"Old Coin"},{"floor":52,"key":"Bronze Scales"},{"floor":58,"key":"Gremlin Horn"},{"floor":60,"key":"Omamori"},{"floor":61,"key":"MawBank"},{"floor":64,"key":"Tiny Chest"},{"floor":65,"key":"Molten Egg 2"}],"event_choices":[{"damage_healed":0.0,"max_hp_gain":0.0,"max_hp_loss":0.0,"gold_gain":100.0,"event_name":"Wheel of Change","player_choice":"Gold","floor":2.0,"gold_loss":0.0,"damage_taken":0.0},{"damage_healed":0.0,"max_hp_gain":0.0,"max_hp_loss":0.0,"gold_gain":0.0,"event_name":"Scrap Ooze","player_choice":"Success","floor":5.0,"gold_loss":0.0,"damage_taken":18.0,"relics_obtained":["Potion Belt"]},{"cards_removed":["Strike_B"],"damage_healed":0.0,"max_hp_gain":0.0,"max_hp_loss":0.0,"gold_gain":0.0,"event_name":"Designer","player_choice":"Upgrade and Remove","floor":19.0,"gold_loss":90.0,"damage_taken":0.0,"cards_upgraded":["Apotheosis"]},{"damage_healed":0.0,"max_hp_gain":0.0,"max_hp_loss":0.0,"gold_gain":0.0,"event_name":"Colosseum","player_choice":"Fight","floor":28.0,"gold_loss":0.0,"damage_taken":0.0},{"damage_healed":0.0,"max_hp_gain":0.0,"max_hp_loss":0.0,"gold_gain":0.0,"event_name":"Colosseum","player_choice":"Fought Nobs","floor":28.0,"gold_loss":0.0,"damage_taken":0.0},{"damage_healed":0.0,"max_hp_gain":0.0,"max_hp_loss":0.0,"gold_gain":0.0,"event_name":"N\u0027loth","player_choice":"Traded Relic","floor":30.0,"relics_lost":["Whetstone"],"gold_loss":0.0,"damage_taken":0.0,"relics_obtained":["Nloth\u0027s Gift"]},{"cards_removed":["Strike_B"],"damage_healed":0.0,"max_hp_gain":0.0,"max_hp_loss":0.0,"gold_gain":0.0,"event_name":"Purifier","player_choice":"Purged","floor":36.0,"gold_loss":0.0,"damage_taken":0.0},{"damage_healed":0,"gold_gain":0,"player_choice":"Fight","damage_taken":0,"max_hp_gain":0,"max_hp_loss":0,"event_name":"Mysterious Sphere","floor":47,"gold_loss":0},{"cards_removed":["Transmutation"],"damage_healed":0,"gold_gain":0,"player_choice":"Removed Skill","damage_taken":0,"max_hp_gain":0,"max_hp_loss":0,"event_name":"Falling","floor":48,"gold_loss":0},{"damage_healed":0,"gold_gain":0,"player_choice":"Success","damage_taken":7,"relics_obtained":["Calipers"],"max_hp_gain":0,"max_hp_loss":0,"event_name":"Scrap Ooze","floor":53,"gold_loss":0},{"cards_removed":["Defend_B"],"damage_healed":0,"gold_gain":0,"player_choice":"Card Removal","damage_taken":7,"max_hp_gain":0,"max_hp_loss":0,"event_name":"Golden Wing","floor":54,"gold_loss":0},{"damage_healed":0,"gold_gain":0,"player_choice":"0 cards matched","damage_taken":0,"max_hp_gain":0,"max_hp_loss":0,"event_name":"Match and Keep!","floor":56,"gold_loss":0,"cards_obtained":[]},{"damage_healed":0,"gold_gain":0,"player_choice":"Ignored","damage_taken":0,"max_hp_gain":0,"max_hp_loss":0,"event_name":"Shining Light","floor":59,"gold_loss":0},{"damage_healed":0,"gold_gain":75,"player_choice":"Gather Gold","damage_taken":11,"max_hp_gain":0,"max_hp_loss":0,"event_name":"World of Goop","floor":62,"gold_loss":0},{"damage_healed":0,"gold_gain":0,"cards_transformed":["Defend_B"],"player_choice":"Change","damage_taken":0,"max_hp_gain":0,"max_hp_loss":0,"event_name":"Living Wall","floor":63,"gold_loss":0,"cards_obtained":["White Noise"]}],"is_beta":false,"boss_relics":[{"not_picked":["White Beast Statue","Eternal Feather"],"picked":"Busted Crown"},{"not_picked":["Runic Dome","Cursed Key"],"picked":"Sozu"},{"not_picked":["Philosopher\u0027s Stone","Nuclear Battery"],"picked":"Black Star"},{"not_picked":["MetallicRebirth"],"picked":"VoidEssence"}],"items_purged_floors":[45],"is_endless":true,"potions_floor_spawned":[11,12,16,18,31,33,38,40,47,50,52,58,64],"killed_by":"Chosen","ascension_level":0}