{"gold_per_floor":[16,16,32,32,48,48,83,95,166,166,98,109,109,119,119,198,198,214,214,225,235,246,246,246],"floor_reached":24,"playtime":1513,"items_purged":[],"score":380,"play_id":"ab95809f-4e50-448d-8e24-79283e28ebbb","local_time":"20190630015657","is_ascension_mode":true,"campfire_choices":[{"floor":6,"key":"REST"},{"floor":10,"key":"REST"},{"floor":13,"key":"REST"},{"data":"Noxious Fumes","floor":15,"key":"SMITH"},{"floor":23,"key":"REST"}],"neow_cost":"NO_GOLD","seed_source_timestamp":642549029421676,"circlet_count":0,"master_deck":["AscendersBane","Defend_G","Defend_G","Defend_G","Defend_G","Defend_G","Strike_G","Strike_G+1","Strike_G","Survivor","Neutralize","Dagger Spray","Dash+1","PiercingWail","Quick Slash","Noxious Fumes+1","Dash","Cloak And Dagger","Glass Knife","Backflip+1","Setup","Dash","PiercingWail"],"relics":["Ring of the Snake","Incense Burner","Peace Pipe","Question Card","Sozu"],"potions_floor_usage":[7,16],"damage_taken":[{"damage":2,"enemies":"Small Slimes","floor":1,"turns":4},{"damage":2,"enemies":"Jaw Worm","floor":3,"turns":5},{"damage":1,"enemies":"2 Louse","floor":5,"turns":6},{"damage":51,"enemies":"Lagavulin","floor":7,"turns":13},{"damage":0,"enemies":"Looter","floor":8,"turns":3},{"damage":0,"enemies":"3 Louse","floor":12,"turns":3},{"damage":4,"enemies":"Exordium Thugs","floor":14,"turns":7},{"damage":9,"enemies":"Hexaghost","floor":16,"turns":12},{"damage":6,"enemies":"2 Thieves","floor":18,"turns":4},{"damage":6,"enemies":"Shell Parasite","floor":20,"turns":7},{"damage":20,"enemies":"Sentry and Sphere","floor":21,"turns":9},{"damage":14,"enemies":"Snecko","floor":22,"turns":9},{"damage":29,"enemies":"Gremlin Leader","floor":24,"turns":4}],"seed_played":"8260108676124783373","potions_obtained":[{"floor":3,"key":"Energy Potion"},{"floor":8,"key":"GhostInAJar"},{"floor":14,"key":"SteroidPotion"}],"is_trial":false,"path_per_floor":["M","?","M","?","M","R","E","M","T","R","?","M","R","M","R","B",null,"M","?","M","M","M","R","E"],"character_chosen":"THE_SILENT","items_purchased":[],"campfire_rested":4,"item_purchase_floors":[],"current_hp_per_floor":[57,57,55,35,34,53,2,2,2,21,21,21,40,36,36,27,56,50,50,44,24,10,29,0],"gold":246,"neow_bonus":"ONE_RARE_RELIC","is_prod":false,"is_daily":false,"chose_seed":false,"campfire_upgraded":1,"win_rate":0,"timestamp":1561874217,"path_taken":["M","?","M","?","M","R","E","M","T","R","?","M","R","M","R","BOSS","M","?","M","M","M","R","E"],"build_version":"2019-01-23","purchased_purges":0,"victory":false,"max_hp_per_floor":[66,66,66,66,66,66,66,66,66,66,66,66,66,66,66,66,66,66,66,66,66,66,66,66],"card_choices":[{"not_picked":["Sucker Punch","Riddle With Holes"],"picked":"Dagger Spray","floor":1},{"not_picked":["Poisoned Stab","Infinite Blades"],"picked":"Dash","floor":3},{"not_picked":["Dagger Throw","Deadly Poison"],"picked":"PiercingWail","floor":5},{"not_picked":["Flechettes","Slice"],"picked":"Quick Slash","floor":7},{"not_picked":["Dagger Spray","Bane"],"picked":"Noxious Fumes","floor":8},{"not_picked":["Blade Dance","Infinite Blades","Dodge and Roll"],"picked":"Dash","floor":12},{"not_picked":["Accuracy","Slice","Deflect"],"picked":"Cloak And Dagger","floor":14},{"not_picked":["After Image","Unload","Burst"],"picked":"Glass Knife","floor":16},{"not_picked":["Finisher","Outmaneuver+1","Bane"],"picked":"Backflip+1","floor":18},{"not_picked":["Outmaneuver","Bane","Flying Knee","Choke"],"picked":"SKIP","floor":20},{"not_picked":["Dagger Spray","Deflect","Flechettes"],"picked":"PiercingWail","floor":21},{"not_picked":["Bane","Setup","Reflex","Acrobatics"],"picked":"SKIP","floor":22}],"player_experience":2358653,"relics_obtained":[{"floor":7,"key":"Peace Pipe"},{"floor":9,"key":"Question Card"}],"event_choices":[{"damage_healed":0,"gold_gain":0,"player_choice":"Leave","damage_taken":0,"max_hp_gain":0,"max_hp_loss":0,"event_name":"The Cleric","floor":2,"gold_loss":0},{"damage_healed":0,"gold_gain":0,"player_choice":"Entered Light","damage_taken":20,"max_hp_gain":0,"max_hp_loss":0,"event_name":"Shining Light","floor":4,"gold_loss":0,"cards_upgraded":["Strike_G","Dash"]},{"damage_healed":0,"gold_gain":0,"player_choice":"Left Gold","damage_taken":0,"max_hp_gain":0,"max_hp_loss":0,"event_name":"World of Goop","floor":11,"gold_loss":68},{"damage_healed":0,"gold_gain":0,"cards_transformed":["Strike_G","Strike_G"],"player_choice":"Became Test Subject","damage_taken":0,"max_hp_gain":0,"max_hp_loss":0,"event_name":"Drug Dealer","floor":19,"gold_loss":0,"cards_obtained":["Setup","Dash"]}],"is_beta":false,"boss_relics":[{"not_picked":["Philosopher\u0027s Stone","Ring of the Serpent"],"picked":"Sozu"}],"items_purged_floors":[],"is_endless":false,"potions_floor_spawned":[3,8,14,18],"killed_by":"Gremlin Leader","ascension_level":18}