{"path_per_floor":["M","?","$","?","M","R","E","R","T","E","M","M","M","M","R","B",null,"M","M","M","M","?","R","E","R","T","E","$","R","?","M","R","B",null,"M","?","M","$","?","R","M","R","T","E","M","M","?","?","R","B"],"character_chosen":"THE_SILENT","items_purchased":["Happy Flower","Sucker Punch","Shuriken"],"gold_per_floor":[109,284,9,9,26,26,57,57,57,89,105,115,135,151,151,253,253,265,277,288,300,225,225,250,250,250,281,37,37,37,50,50,151,151,168,0,12,12,12,12,27,27,54,83,97,108,108,162,162,162],"floor_reached":51,"campfire_rested":1,"playtime":3167,"current_hp_per_floor":[70,70,70,63,63,63,45,45,45,29,29,29,26,26,26,26,70,61,49,46,36,36,36,29,29,29,20,20,41,41,33,33,16,70,66,66,65,65,55,55,55,55,55,52,52,52,52,52,52,9],"items_purged":["Doubt"],"gold":162,"play_id":"1c9f4b8b-4a81-42cf-ac1a-23963a81cac0","is_prod":false,"is_daily":false,"campfire_rituals":0,"campfire_upgraded":6,"is_hardmode":false,"path_taken":["M","?","$","?","M","R","E","R","T","E","?","M","M","M","R","BOSS","M","M","?","M","?","R","E","R","T","E","$","R","?","?","R","BOSS","M","?","?","?","?","R","M","R","T","E","M","?","?","?","R","BOSS"],"build_version":"2018-01-11-PROD2","purchased_purges":1,"victory":true,"master_deck":["Defend_G","Defend_G","Strike_G","Strike_G","Strike_G","Survivor","Neutralize","Finisher","Cloak And Dagger","Sucker Punch","Sucker Punch","Finisher","Flying Knee","Heel Hook","Dagger Throw","Endless Agony","Envenom","Prepared","Well Laid Plans","Flying Knee","Backflip","Noxious Fumes","Crippling Poison","Blade Dance","After Image","Escape Plan","Adrenaline","Escape Plan","Blade Dance","Madness","Madness","Accuracy","Endless Agony","Wraith Form","Prepared"],"max_hp_per_floor":[70,70,70,70,70,70,70,70,70,70,70,70,70,70,70,70,70,70,70,70,70,70,70,70,70,70,70,70,70,70,70,70,70,70,70,70,70,70,70,70,70,70,70,70,70,70,70,70,70,70],"relics":["Ring of the Snake","Happy Flower","Ancient Tea Set","Mummified Hand","Frozen Eye","Gremlin Horn","Sozu","Whetstone","Girya","Sundial","Shuriken","Astrolabe","Red Mask","Omamori","Paper Crane","Torii"],"campfire_meditates":0,"card_choices":[{"not_picked":["Underhanded Strike","Deadly Poison"],"picked":"Finisher"},{"not_picked":["Calculated Gamble","Deflect"],"picked":"Cloak And Dagger"},{"not_picked":["Tactician","Dagger Throw"],"picked":"Sucker Punch"},{"not_picked":["Calculated Gamble","Deadly Poison"],"picked":"Finisher"},{"not_picked":["Bouncing Flask","Outmaneuver"],"picked":"Flying Knee"},{"not_picked":["Leg Sweep","Prepared"],"picked":"Heel Hook"},{"not_picked":["Masterful Stab","Malaise"],"picked":"Dagger Throw"},{"not_picked":["Bane","Backstab"],"picked":"Endless Agony"},{"not_picked":["Phantasmal Killer","Venomology"],"picked":"Envenom"},{"not_picked":["Sucker Punch","Bane"],"picked":"Prepared"},{"not_picked":["Outmaneuver","Flying Knee"],"picked":"Well Laid Plans"},{"not_picked":["Well Laid Plans","Deflect"],"picked":"Flying Knee"},{"not_picked":["Eviscerate","Quick Slash"],"picked":"Backflip"},{"not_picked":["Backstab","Slice"],"picked":"Noxious Fumes"},{"not_picked":["Prepared","Dagger Throw"],"picked":"Crippling Poison"},{"not_picked":["Predator","Acrobatics"],"picked":"Blade Dance"},{"not_picked":["Burst","Unload"],"picked":"After Image"},{"not_picked":["Deflect","Underhanded Strike"],"picked":"Blade Dance"},{"not_picked":["Masterful Stab","Acrobatics"],"picked":"Accuracy"},{"not_picked":["Dagger Spray","Deadly Poison"],"picked":"Endless Agony"},{"not_picked":["Sucker Punch","Deflect"],"picked":"Wraith Form"},{"not_picked":["Outmaneuver","Bane"],"picked":"Prepared"}],"player_experience":116557,"potions_floor_usage":[16],"damage_taken":[{"damage":0,"enemies":"Jaw Worm","floor":1,"turns":4},{"damage":0,"enemies":"Blue Slaver","floor":5,"turns":5},{"damage":18,"enemies":"Gremlin Nob","floor":7,"turns":4},{"damage":16,"enemies":"Lagavulin","floor":10,"turns":6},{"damage":0,"enemies":"Small Slimes","floor":11,"turns":1},{"damage":0,"enemies":"Looter","floor":12,"turns":3},{"damage":3,"enemies":"Red Slaver","floor":13,"turns":3},{"damage":0,"enemies":"Lots of Slimes","floor":14,"turns":1},{"damage":0,"enemies":"Slime Boss","floor":16,"turns":4},{"damage":9,"enemies":"Shell Parasite","floor":18,"turns":3},{"damage":12,"enemies":"2 Thieves","floor":19,"turns":3},{"damage":3,"enemies":"Snecko","floor":20,"turns":3},{"damage":10,"enemies":"Sentry and Sphere","floor":21,"turns":4},{"damage":7,"enemies":"Gremlin Leader","floor":24,"turns":5},{"damage":9,"enemies":"Book of Stabbing","floor":27,"turns":3},{"damage":8,"enemies":"Slaver and Parasite","floor":31,"turns":4},{"damage":17,"enemies":"Collector","floor":33,"turns":4},{"damage":4,"enemies":"3 Shapes","floor":35,"turns":2},{"damage":1,"enemies":"Orb Walker","floor":37,"turns":2},{"damage":0,"enemies":"3 Darklings","floor":41,"turns":2},{"damage":3,"enemies":"Nemesis","floor":44,"turns":5},{"damage":0,"enemies":"Sphere and 2 Shapes","floor":45,"turns":3},{"damage":0,"enemies":"4 Shapes","floor":46,"turns":1},{"damage":0,"enemies":"Mysterious Sphere","floor":48,"turns":3},{"damage":43,"enemies":"Time Eater","floor":50,"turns":9}],"event_choices":[{"event_name":"Liars Game","player_choice":"agreed","floor":2,"damage_taken":0},{"event_name":"Scrap Ooze","player_choice":"success","floor":4,"damage_taken":7},{"event_name":"Beggar","player_choice":"Gave Gold","floor":22,"damage_taken":0},{"event_name":"Purifier","player_choice":"One Purge","floor":30,"damage_taken":0},{"event_name":"Tomb of Lord Red Mask","player_choice":"Paid","floor":36,"damage_taken":0},{"event_name":"Winding Halls","player_choice":"Embrace Madness","floor":39,"damage_taken":0},{"event_name":"Wheel of Change","player_choice":"Curse","floor":47,"damage_taken":0},{"event_name":"Mysterious Sphere","player_choice":"Fight","floor":48,"damage_taken":0}],"boss_relics":[{"not_picked":["Lizard Tail","The Specimen"],"picked":"Sozu"},{"not_picked":["Snecko Eye","Black Star"],"picked":"Astrolabe"}],"potions_floor_spawned":[5,11,14,16,18,20,31,33,35,44],"seed_played":"-4432096977357679276","is_trial":false}