{"gold_per_floor":[215,215,49,60,60,60,93,93,93,93,123,135,135,162,162,238,238,252,252,267,278,278,278,311,311,387,387],"floor_reached":27,"playtime":947,"items_purged":[],"score":499,"play_id":"c4fb34b1-0915-4486-b689-ca23545b3d09","local_time":"20190614165359","is_ascension_mode":true,"campfire_choices":[{"data":"Iron Wave","floor":6.0,"key":"SMITH"},{"data":"Clothesline","floor":8.0,"key":"SMITH"},{"data":"Shrug It Off","floor":10.0,"key":"SMITH"},{"data":"Shrug It Off","floor":13.0,"key":"SMITH"},{"data":"Uppercut","floor":15.0,"key":"SMITH"},{"data":"Double Tap","floor":23.0,"key":"SMITH"}],"neow_cost":"NONE","seed_source_timestamp":0,"circlet_count":0,"master_deck":["AscendersBane","Defend_R","Defend_R","Defend_R","Defend_R","Bash+1","Shrug It Off+1","Iron Wave+1","Clothesline+1","Shrug It Off+1","Uppercut+1","Double Tap+1","Sword Boomerang","Pommel Strike+1","Whirlwind+1","Bite","Bite","Bite","Bite","Bite","Necronomicurse"],"special_seed":0,"relics":["Burning Blood","Vajra","Meat on the Bone","Gremlin Horn","Odd Mushroom","Darkstone Periapt","Sozu","PreservedInsect","Necronomicon","The Courier"],"potions_floor_usage":[27],"damage_taken":[{"damage":0.0,"enemies":"2 Louse","floor":1.0,"turns":4.0},{"damage":2.0,"enemies":"Cultist","floor":4.0,"turns":4.0},{"damage":21.0,"enemies":"Gremlin Nob","floor":7.0,"turns":4.0},{"damage":20.0,"enemies":"The Mushroom Lair","floor":11.0,"turns":4.0},{"damage":0.0,"enemies":"Jaw Worm","floor":12.0,"turns":3.0},{"damage":31.0,"enemies":"Lagavulin","floor":14.0,"turns":9.0},{"damage":49.0,"enemies":"The Guardian","floor":16.0,"turns":15.0},{"damage":0.0,"enemies":"2 Thieves","floor":18.0,"turns":4.0},{"damage":27.0,"enemies":"Spheric Guardian","floor":20.0,"turns":6.0},{"damage":4.0,"enemies":"Centurion and Healer","floor":21.0,"turns":7.0},{"damage":48.0,"enemies":"Slavers","floor":24.0,"turns":8.0},{"damage":27,"enemies":"Book of Stabbing","floor":27,"turns":2}],"seed_played":"3141663548346551496","potions_obtained":[{"floor":2.0,"key":"FairyPotion"},{"floor":2.0,"key":"Fruit Juice"},{"floor":4.0,"key":"Ancient Potion"},{"floor":16.0,"key":"SteroidPotion"}],"is_trial":false,"path_per_floor":["M","?","$","M","?","R","E","R","T","R","?","M","R","E","R","B",null,"M","$","M","M","?","R","E","?","T","E"],"character_chosen":"IRONCLAD","items_purchased":["Vajra"],"campfire_rested":0,"item_purchase_floors":[3],"current_hp_per_floor":[74,79,79,80,56,56,41,41,41,41,39,57,57,44,44,26,67,73,73,52,54,54,54,38,23,23,0],"gold":387,"neow_bonus":"HUNDRED_GOLD","is_prod":false,"is_daily":false,"chose_seed":false,"campfire_upgraded":6,"win_rate":0,"timestamp":1560527639,"path_taken":["M","?","$","?","?","R","E","R","T","R","?","M","R","E","R","BOSS","M","$","M","M","?","R","E","?","T","E"],"build_version":"2019-01-23","purchased_purges":0,"victory":false,"max_hp_per_floor":[75,80,80,80,80,80,80,80,80,80,80,80,80,80,80,80,80,80,80,80,80,56,56,56,62,62,62],"card_choices":[{"not_picked":["Sword Boomerang","Clash"],"picked":"Shrug It Off","floor":1.0},{"not_picked":["Anger","Warcry"],"picked":"Iron Wave","floor":4.0},{"not_picked":["Headbutt","Body Slam"],"picked":"Clothesline","floor":7.0},{"not_picked":["Clothesline","Infernal Blade"],"picked":"Shrug It Off","floor":12.0},{"not_picked":["Blood for Blood","Entrench"],"picked":"Uppercut","floor":14.0},{"not_picked":["Fiend Fire","Berserk"],"picked":"Double Tap","floor":16.0},{"not_picked":["Havoc","Evolve"],"picked":"Sword Boomerang","floor":18.0},{"not_picked":["Rampage","Carnage"],"picked":"Pommel Strike+1","floor":20.0},{"not_picked":["Bloodletting","True Grit"],"picked":"Whirlwind+1","floor":21.0},{"not_picked":["Spot Weakness","Body Slam","Immolate"],"picked":"SKIP","floor":24}],"player_experience":1292428,"relics_obtained":[{"floor":7.0,"key":"Meat on the Bone"},{"floor":9.0,"key":"Gremlin Horn"},{"floor":11.0,"key":"Odd Mushroom"},{"floor":14.0,"key":"Darkstone Periapt"},{"floor":24,"key":"PreservedInsect"},{"floor":25,"key":"Necronomicon"},{"floor":26,"key":"The Courier"}],"event_choices":[{"damage_healed":0.0,"max_hp_gain":0.0,"max_hp_loss":0.0,"gold_gain":0.0,"event_name":"Lab","player_choice":"Got Potions","floor":2.0,"gold_loss":0.0,"damage_taken":0.0},{"damage_healed":0.0,"max_hp_gain":0.0,"max_hp_loss":0.0,"gold_gain":0.0,"event_name":"Shining Light","player_choice":"Entered Light","floor":5.0,"gold_loss":0.0,"damage_taken":24.0,"cards_upgraded":["Bash","Strike_R"]},{"damage_healed":0.0,"max_hp_gain":0.0,"max_hp_loss":0.0,"gold_gain":0.0,"event_name":"Mushrooms","player_choice":"Fought Mushrooms","floor":11.0,"gold_loss":0.0,"damage_taken":0.0},{"damage_healed":0.0,"max_hp_gain":0.0,"max_hp_loss":24.0,"gold_gain":0.0,"event_name":"Vampires","player_choice":"Became a vampire","floor":22.0,"gold_loss":0.0,"damage_taken":0.0,"cards_obtained":["Bite","Bite","Bite","Bite","Bite"]},{"damage_healed":0,"gold_gain":0,"player_choice":"Obtained Book","damage_taken":21,"max_hp_gain":0,"max_hp_loss":0,"event_name":"Cursed Tome","floor":25,"gold_loss":0}],"is_beta":false,"boss_relics":[{"not_picked":["White Beast Statue","Pandora\u0027s Box"],"picked":"Sozu"}],"items_purged_floors":[],"is_endless":false,"potions_floor_spawned":[4,11,16,20],"killed_by":"Book of Stabbing","ascension_level":20}