{"path_per_floor":["M","?","?","?","M","E","$","M","T","R","$","M","E","$","R","B",null,"M","M","M","?","M"],"character_chosen":"DEFECT","items_purchased":["FTL","Coolheaded"],"gold_per_floor":[19,19,94,94,109,149,70,88,88,88,43,59,95,95,95,214,214,238,251,271,271,294,294],"floor_reached":23,"campfire_rested":1,"playtime":1464,"item_purchase_floors":[7,11],"current_hp_per_floor":[65,65,54,47,46,25,25,25,25,25,25,22,11,11,31,12,69,69,69,50,50,17,0],"items_purged":[],"gold":294,"score":201,"play_id":"affdefae-bc21-4f24-93bc-a50097e43f1a","local_time":"20180602010705","is_prod":false,"is_daily":false,"chose_seed":false,"is_ascension_mode":false,"campfire_upgraded":1,"win_rate":0.0,"timestamp":1527898025,"campfire_choices":[{"data":"Chill","floor":10,"key":"SMITH"},{"floor":15,"key":"REST"}],"path_taken":["M","?","?","?","M","E","?","M","T","R","$","M","E","?","R","BOSS","M","M","M","?","?","E"],"build_version":"2018-05-31","seed_source_timestamp":121845924391168,"purchased_purges":0,"victory":false,"master_deck":["Strike_B","Strike_B","Strike_B","Defend_B","Defend_B","Defend_B","Defend_B","Zap","Dualcast","Redo","Chill+1","Compile Driver","FTL","Cold Snap","Coolheaded","Genetic Algorithm","Electrodynamics","Fission","Blizzard","Tempest","Cold Snap","Reboot"],"max_hp_per_floor":[75,69,69,69,69,69,69,69,69,69,69,69,69,69,69,69,69,69,69,69,69,69,69],"relics":["Cracked Core","Unceasing Top","Golden Idol","Gremlin Horn","Lantern","Darkstone Periapt","Cursed Key","Shuriken"],"card_choices":[{"not_picked":["Steam","Gash"],"picked":"Redo","floor":1},{"not_picked":["Capacitor","Consume"],"picked":"Chill","floor":5},{"not_picked":["Genetic Algorithm","Consume"],"picked":"Compile Driver","floor":6},{"not_picked":["Double Energy","Rip and Tear"],"picked":"Cold Snap","floor":8},{"not_picked":["Go for the Eyes","Leap"],"picked":"Genetic Algorithm","floor":12},{"not_picked":["Cold Snap","Conserve Battery"],"picked":"Electrodynamics","floor":13},{"not_picked":["Biased Cognition","Multi-Cast"],"picked":"Fission","floor":16},{"not_picked":["Tempest","Coolheaded"],"picked":"Blizzard","floor":18},{"not_picked":["Hologram","Stack+1"],"picked":"Tempest","floor":19},{"not_picked":["Steam Power","Barrage"],"picked":"Cold Snap","floor":20},{"not_picked":["Leap","Lockon"],"picked":"Reboot","floor":22}],"player_experience":589331,"potions_floor_usage":[13,16,16,16,16,16,23],"damage_taken":[{"damage":10,"enemies":"Small Slimes","floor":1,"turns":3},{"damage":1,"enemies":"Jaw Worm","floor":5,"turns":3},{"damage":21,"enemies":"3 Sentries","floor":6,"turns":11},{"damage":0,"enemies":"Cultist","floor":8,"turns":4},{"damage":3,"enemies":"2 Fungi Beasts","floor":12,"turns":3},{"damage":11,"enemies":"Gremlin Nob","floor":13,"turns":4},{"damage":19,"enemies":"Hexaghost","floor":16,"turns":11},{"damage":0,"enemies":"Chosen","floor":18,"turns":5},{"damage":0,"enemies":"3 Byrds","floor":19,"turns":3},{"damage":19,"enemies":"Centurion and Healer","floor":20,"turns":6},{"damage":33,"enemies":"Chosen and Byrds","floor":22,"turns":8},{"damage":25,"enemies":"Slavers","floor":23,"turns":3}],"relics_obtained":[{"floor":6,"key":"Gremlin Horn"},{"floor":9,"key":"Lantern"},{"floor":13,"key":"Darkstone Periapt"}],"event_choices":[{"event_name":"Golden Idol","player_choice":"Lose Max HP","floor":2,"damage_taken":0},{"event_name":"World of Goop","player_choice":"Gather Gold","floor":3,"damage_taken":0},{"event_name":"Golden Wing","player_choice":"Card Removal","floor":4,"damage_taken":0},{"event_name":"The Mausoleum","player_choice":"Yes","floor":21,"damage_taken":0}],"boss_relics":[{"not_picked":["Tiny House","Black Star"],"picked":"Cursed Key"}],"items_purged_floors":[],"potions_floor_spawned":[1,8,13,22],"seed_played":"-6971789367521332680","killed_by":"Slavers","ascension_level":0,"potions_obtained":[{"floor":1,"key":"Energy Potion"},{"floor":8,"key":"FocusPotion"},{"floor":13,"key":"EntropicBrew"},{"floor":22,"key":"SkillPotion"}],"is_trial":false}