{"gold_per_floor":[110,110,121,121,136,136,168,186,186,201,201,228,228,228,228,302,302,254,254,53,53,53],"floor_reached":22,"playtime":842,"items_purged":[],"score":384,"play_id":"38bdf5e1-8c5c-42e7-9359-1bbc1fc37f7e","local_time":"20190125174057","is_ascension_mode":true,"campfire_choices":[{"data":"Iron Wave","floor":6,"key":"SMITH"},{"data":"Bash","floor":11,"key":"SMITH"},{"data":"Clothesline","floor":13,"key":"SMITH"},{"data":"Whirlwind","floor":15,"key":"SMITH"}],"neow_cost":"NONE","seed_source_timestamp":133949036559100,"circlet_count":0,"master_deck":["AscendersBane","Strike_R","Strike_R","Strike_R","Strike_R","Defend_R","Defend_R","Defend_R","Defend_R","Bash+1","Iron Wave+1","Thunderclap","Headbutt","Whirlwind+1","Battle Trance","Clothesline+1","Reaper","Feel No Pain+1","Shrug It Off","Discovery","Inflame"],"relics":["Burning Blood","Art of War","Question Card","Oddly Smooth Stone","Darkstone Periapt","Eternal Feather","Nloth\u0027s Gift"],"potions_floor_usage":[7,12,22],"damage_taken":[{"damage":0,"enemies":"Jaw Worm","floor":1,"turns":1},{"damage":0,"enemies":"Small Slimes","floor":3,"turns":1},{"damage":0,"enemies":"2 Louse","floor":5,"turns":1},{"damage":31,"enemies":"3 Sentries","floor":7,"turns":8},{"damage":4,"enemies":"Looter","floor":8,"turns":3},{"damage":7,"enemies":"Blue Slaver","floor":10,"turns":4},{"damage":24,"enemies":"Gremlin Nob","floor":12,"turns":4},{"damage":49,"enemies":"The Guardian","floor":16,"turns":14},{"damage":56,"enemies":"2 Thieves","floor":18,"turns":5},{"damage":42,"enemies":"3 Byrds","floor":22,"turns":4}],"seed_played":"-5077236087682789613","potions_obtained":[{"floor":1,"key":"PowerPotion"},{"floor":7,"key":"Poison Potion"},{"floor":18,"key":"Block Potion"}],"is_trial":false,"path_per_floor":["M","?","M","?","M","R","E","M","T","M","R","E","R","?","R","B",null,"M","?","$","?","M"],"character_chosen":"IRONCLAD","items_purchased":["Shrug It Off","Discovery","Inflame"],"campfire_rested":0,"item_purchase_floors":[20,20,20],"current_hp_per_floor":[74,63,69,62,68,68,43,45,45,44,44,26,26,51,51,8,58,20,35,35,35,0],"gold":53,"neow_bonus":"THREE_ENEMY_KILL","is_prod":false,"is_daily":false,"chose_seed":false,"campfire_upgraded":4,"win_rate":0,"timestamp":1548438057,"path_taken":["M","?","M","?","M","R","E","M","T","M","R","E","R","?","R","BOSS","M","?","$","?","?"],"build_version":"2019-01-23","purchased_purges":0,"victory":false,"max_hp_per_floor":[75,75,75,75,75,75,75,75,75,75,75,75,75,75,75,75,75,75,75,75,75,75],"card_choices":[{"not_picked":["Burning Pact","Evolve"],"picked":"Iron Wave","floor":1},{"not_picked":["Heavy Blade","Infernal Blade"],"picked":"Thunderclap","floor":3},{"not_picked":["Hemokinesis","Thunderclap"],"picked":"Headbutt","floor":5},{"not_picked":["Headbutt","Bludgeon"],"picked":"Whirlwind","floor":7},{"not_picked":["Warcry","Thunderclap","Whirlwind"],"picked":"Battle Trance","floor":8},{"not_picked":["Whirlwind","Armaments","Havoc","Twin Strike"],"picked":"SKIP","floor":10},{"not_picked":["Heavy Blade","Thunderclap","Pummel"],"picked":"Clothesline","floor":12},{"not_picked":["Berserk","Brutality","Exhume"],"picked":"Reaper","floor":16},{"not_picked":["Sever Soul","Thunderclap","Combust"],"picked":"Feel No Pain+1","floor":18}],"player_experience":1214353,"relics_obtained":[{"floor":7,"key":"Question Card"},{"floor":9,"key":"Oddly Smooth Stone"},{"floor":12,"key":"Darkstone Periapt"}],"event_choices":[{"damage_healed":0,"gold_gain":0,"player_choice":"Success","damage_taken":11,"relics_obtained":["Art of War"],"max_hp_gain":0,"max_hp_loss":0,"event_name":"Scrap Ooze","floor":2,"gold_loss":0},{"cards_removed":["Strike_R"],"damage_healed":0,"gold_gain":0,"player_choice":"Card Removal","damage_taken":7,"max_hp_gain":0,"max_hp_loss":0,"event_name":"Golden Wing","floor":4,"gold_loss":0},{"damage_healed":25,"gold_gain":0,"player_choice":"Banana","damage_taken":0,"max_hp_gain":0,"max_hp_loss":0,"event_name":"Big Fish","floor":14,"gold_loss":0},{"damage_healed":15,"gold_gain":0,"player_choice":"Heal","damage_taken":0,"max_hp_gain":0,"max_hp_loss":0,"event_name":"The Library","floor":19,"gold_loss":0},{"damage_healed":0,"gold_gain":0,"player_choice":"Traded Relic","damage_taken":0,"relics_obtained":["Nloth\u0027s Gift"],"max_hp_gain":0,"max_hp_loss":0,"event_name":"N\u0027loth","floor":21,"relics_lost":["NeowsBlessing"],"gold_loss":0}],"is_beta":false,"boss_relics":[{"not_picked":["Pandora\u0027s Box","Runic Cube"],"picked":"Eternal Feather"}],"items_purged_floors":[],"is_endless":false,"potions_floor_spawned":[1,7,18],"killed_by":"3 Byrds","ascension_level":20}