{"gold_per_floor":[110,130,55,55,55,55,84,96,120,148,148,148,148,167,167,239,239,252,252,263,281,63,63,63],"floor_reached":24,"playtime":985,"items_purged":["Strike_B"],"score":458,"play_id":"e322484b-69c9-447e-8294-6ed6b08ef2bb","local_time":"20190608230745","is_ascension_mode":true,"campfire_choices":[{"data":"Zap","floor":6,"key":"SMITH"},{"data":"Defragment","floor":11,"key":"SMITH"},{"data":"Dualcast","floor":13,"key":"SMITH"},{"data":"Go for the Eyes","floor":15,"key":"SMITH"},{"data":"Defragment","floor":23,"key":"SMITH"}],"neow_cost":"NONE","seed_source_timestamp":125313696268200,"circlet_count":0,"master_deck":["AscendersBane","Strike_B+1","Strike_B+1","Strike_B+1","Defend_B+1","Defend_B","Defend_B","Defend_B","Zap+1","Dualcast+1","FTL","Go for the Eyes+1","Defragment+1","Cold Snap","Glacier","Sweeping Beam","All For One","Defragment+1","Ghostly","Ghostly","Ghostly","White Noise","Ball Lightning"],"relics":["Cracked Core","NeowsBlessing","Gremlin Horn","Potion Belt","Whetstone","Strawberry","Velvet Choker","Runic Capacitor"],"potions_floor_usage":[10,16,24,24],"damage_taken":[{"damage":0,"enemies":"Cultist","floor":1,"turns":1},{"damage":0,"enemies":"Jaw Worm","floor":2,"turns":1},{"damage":0,"enemies":"Lagavulin","floor":7,"turns":3},{"damage":4,"enemies":"Small Slimes","floor":8,"turns":4},{"damage":4,"enemies":"3 Sentries","floor":10,"turns":6},{"damage":2,"enemies":"Exordium Thugs","floor":14,"turns":6},{"damage":25,"enemies":"Hexaghost","floor":16,"turns":11},{"damage":0,"enemies":"Spheric Guardian","floor":18,"turns":4},{"damage":10,"enemies":"Shell Parasite","floor":20,"turns":6},{"damage":9,"enemies":"Cultist and Chosen","floor":21,"turns":8},{"damage":31,"enemies":"Slavers","floor":24,"turns":3}],"seed_played":"3615765985314160650","potions_obtained":[{"floor":1,"key":"Block Potion"},{"floor":14,"key":"Poison Potion"},{"floor":20,"key":"Weak Potion"},{"floor":21,"key":"EssenceOfSteel"}],"is_trial":false,"path_per_floor":["M","M","$","?","T","R","E","M","T","E","R","$","R","M","R","B",null,"M","?","M","M","$","R","E"],"character_chosen":"DEFECT","items_purchased":["Runic Capacitor"],"campfire_rested":0,"item_purchase_floors":[22],"current_hp_per_floor":[64,64,64,43,43,43,43,39,39,42,42,42,42,40,40,15,62,62,39,29,20,20,20,0],"gold":63,"neow_bonus":"THREE_ENEMY_KILL","is_prod":false,"is_daily":false,"chose_seed":false,"campfire_upgraded":5,"win_rate":0,"timestamp":1560031665,"path_taken":["M","M","?","?","?","R","E","M","T","E","R","?","R","?","R","BOSS","M","?","M","M","$","R","E"],"build_version":"2019-01-23","purchased_purges":1,"victory":false,"max_hp_per_floor":[71,71,71,71,71,71,71,71,71,78,78,78,78,78,78,78,78,78,39,39,39,39,39,39],"card_choices":[{"not_picked":["Gash","Rebound"],"picked":"FTL","floor":1},{"not_picked":["Lockon","Skim"],"picked":"Go for the Eyes","floor":2},{"not_picked":["Hello World","Auto Shields"],"picked":"Defragment","floor":7},{"not_picked":["Auto Shields","Double Energy"],"picked":"Cold Snap","floor":8},{"not_picked":["Hologram","Consume"],"picked":"Glacier","floor":10},{"not_picked":["Sunder","Go for the Eyes"],"picked":"Sweeping Beam","floor":14},{"not_picked":["Creative AI","Meteor Strike"],"picked":"All For One","floor":16},{"not_picked":["Rebound+1","Compile Driver"],"picked":"Defragment","floor":18},{"not_picked":["Go for the Eyes+1","Rebound"],"picked":"White Noise","floor":20},{"not_picked":["Force Field","Turbo"],"picked":"Ball Lightning","floor":21}],"player_experience":1286499,"relics_obtained":[{"floor":5,"key":"Gremlin Horn"},{"floor":7,"key":"Potion Belt"},{"floor":9,"key":"Whetstone"},{"floor":10,"key":"Strawberry"}],"event_choices":[{"damage_healed":0,"gold_gain":0,"player_choice":"Entered Light","damage_taken":21,"max_hp_gain":0,"max_hp_loss":0,"event_name":"Shining Light","floor":4,"gold_loss":0,"cards_upgraded":["Defend_B","Strike_B"]},{"damage_healed":0,"gold_gain":0,"player_choice":"Became a Ghost","damage_taken":0,"max_hp_gain":0,"max_hp_loss":39,"event_name":"Ghosts","floor":19,"gold_loss":0,"cards_obtained":["Ghostly","Ghostly","Ghostly"]}],"is_beta":false,"boss_relics":[{"not_picked":["Runic Pyramid","Orrery"],"picked":"Velvet Choker"}],"items_purged_floors":[3],"is_endless":false,"potions_floor_spawned":[1,14,20,21],"killed_by":"Slavers","ascension_level":20}