{"gold_per_floor":[112,122,135,155,172,172,203,203,203,238,256,256,256,282,282,386,386,352,363,380,380,305,339,339,365,438,464,483,483,495,528,528,624,624,642,178,178,190,21,21,48,64,135,135,135,235,235,251,251,251],"floor_reached":51,"playtime":7537,"items_purged":["Defend_G","Defend_G"],"score":861,"play_id":"fdd34429-1ec0-4acc-bc02-0428457f6c72","local_time":"20190701010759","is_ascension_mode":true,"campfire_choices":[{"data":"Footwork","floor":6,"key":"SMITH"},{"data":"Cloak And Dagger","floor":8,"key":"SMITH"},{"floor":15,"key":"REST"},{"floor":24,"key":"REST"},{"floor":32,"key":"REST"},{"data":"Footwork","floor":40,"key":"SMITH"},{"data":"Cloak And Dagger","floor":45,"key":"SMITH"},{"data":"Cloak And Dagger","floor":49,"key":"SMITH"}],"neow_cost":"NONE","seed_source_timestamp":185736946640564,"circlet_count":0,"master_deck":["Defend_G","Defend_G","Defend_G","Survivor+1","Neutralize","Blind","Footwork+1","Cloak And Dagger+1","Well Laid Plans","Blade Dance","All Out Attack","Cloak And Dagger+1","Backflip","Glass Knife","Cloak And Dagger+1","Finisher+1","Wraith Form v2","Noxious Fumes","Infinite Blades","Bite","Bite","Bite","Bite","Accuracy","Deflect+1","Burst","Deadly Poison+1","Acrobatics","PiercingWail","Infinite Blades","Footwork+1","Adrenaline","Madness","Writhe","Blade Dance+1"],"relics":["Ring of the Snake","Snake Skull","Paper Crane","Kunai","Oddly Smooth Stone","Question Card","Black Star","Enchiridion","Letter Opener","PreservedInsect","Juzu Bracelet","Bottled Flame","The Courier","Bag of Marbles","Bottled Lightning","Red Mask","Philosopher\u0027s Stone","Dream Catcher","Prayer Wheel","Bottled Tornado","Bronze Scales","Ornamental Fan","Tingsha"],"potions_floor_usage":[25,27,27,31,31,31,42],"damage_taken":[{"damage":0,"enemies":"Cultist","floor":1,"turns":4},{"damage":0,"enemies":"2 Louse","floor":2,"turns":5},{"damage":2,"enemies":"Jaw Worm","floor":3,"turns":8},{"damage":0,"enemies":"Blue Slaver","floor":4,"turns":7},{"damage":0,"enemies":"3 Louse","floor":5,"turns":7},{"damage":5,"enemies":"3 Sentries","floor":7,"turns":13},{"damage":10,"enemies":"Lagavulin","floor":10,"turns":12},{"damage":0,"enemies":"Large Slime","floor":11,"turns":7},{"damage":2,"enemies":"3 Sentries","floor":14,"turns":8},{"damage":20,"enemies":"Hexaghost","floor":16,"turns":18},{"damage":0,"enemies":"2 Thieves","floor":18,"turns":5},{"damage":1,"enemies":"Shell Parasite","floor":19,"turns":9},{"damage":8,"enemies":"Shelled Parasite and Fungi","floor":20,"turns":8},{"damage":25,"enemies":"Slavers","floor":23,"turns":9},{"damage":14,"enemies":"Book of Stabbing","floor":25,"turns":6},{"damage":8,"enemies":"Slavers","floor":27,"turns":3},{"damage":7,"enemies":"Chosen and Byrds","floor":28,"turns":6},{"damage":16,"enemies":"Snake Plant","floor":30,"turns":4},{"damage":18,"enemies":"Masked Bandits","floor":31,"turns":5},{"damage":5,"enemies":"Champ","floor":33,"turns":12},{"damage":0,"enemies":"Orb Walker","floor":35,"turns":4},{"damage":4,"enemies":"3 Darklings","floor":38,"turns":4},{"damage":29,"enemies":"Reptomancer","floor":41,"turns":6},{"damage":16,"enemies":"Writhing Mass","floor":42,"turns":9},{"damage":0,"enemies":"Mind Bloom Boss Battle","floor":46,"turns":6},{"damage":2,"enemies":"Spire Growth","floor":48,"turns":5},{"damage":24,"enemies":"Donu and Deca","floor":50,"turns":10}],"seed_played":"4583050664632422644","potions_obtained":[{"floor":1,"key":"AttackPotion"},{"floor":2,"key":"Explosive Potion"},{"floor":7,"key":"Energy Potion"},{"floor":19,"key":"Regen Potion"},{"floor":25,"key":"EssenceOfSteel"},{"floor":27,"key":"Swift Potion"},{"floor":30,"key":"Energy Potion"},{"floor":31,"key":"Swift Potion"},{"floor":33,"key":"Ancient Potion"},{"floor":42,"key":"Explosive Potion"}],"is_trial":false,"path_per_floor":["M","M","M","M","M","R","E","R","T","E","M","?","T","E","R","B",null,"M","M","M","?","?","E","R","E","T","E","M","?","M","?","R","B",null,"M","$","?","M","$","R","E","M","T","?","R","?","?","M","R","B",null],"character_chosen":"THE_SILENT","items_purchased":["Dream Catcher","Prayer Wheel","Acrobatics","Infinite Blades","Footwork"],"campfire_rested":3,"item_purchase_floors":[36,36,36,39,39],"current_hp_per_floor":[70,70,68,68,68,68,63,63,63,53,53,39,39,37,58,38,70,70,69,61,45,45,20,41,41,41,33,26,26,18,8,22,37,49,49,49,49,49,49,49,26,28,28,28,28,38,49,49,49,35],"gold":251,"neow_bonus":"RANDOM_COLORLESS","is_prod":false,"is_daily":false,"chose_seed":false,"campfire_upgraded":5,"win_rate":0,"timestamp":1561914479,"path_taken":["M","M","M","M","M","R","E","R","T","E","?","?","?","E","R","BOSS","M","M","M","?","?","E","R","E","T","E","M","?","M","?","R","BOSS","M","$","?","M","$","R","E","M","T","?","R","?","?","M","R","BOSS"],"build_version":"2019-01-23","purchased_purges":2,"victory":true,"max_hp_per_floor":[70,70,70,70,70,70,70,70,70,70,70,70,70,70,70,70,70,70,70,70,70,70,70,70,70,70,70,70,49,49,49,49,49,49,49,49,49,49,49,49,49,49,49,49,49,49,49,49,49,49],"card_choices":[{"not_picked":["Concentrate","Riddle With Holes"],"picked":"Footwork","floor":1},{"not_picked":["Sucker Punch","Underhanded Strike","Prepared"],"picked":"SKIP","floor":2},{"not_picked":["Outmaneuver","Sucker Punch"],"picked":"Cloak And Dagger","floor":3},{"not_picked":["Deadly Poison","Doppelganger"],"picked":"Well Laid Plans","floor":4},{"not_picked":["Bouncing Flask","Eviscerate"],"picked":"Blade Dance","floor":5},{"not_picked":["Doppelganger","Outmaneuver"],"picked":"All Out Attack","floor":7},{"not_picked":["Caltrops","Dash"],"picked":"Cloak And Dagger","floor":10},{"not_picked":["Crippling Poison","Dash"],"picked":"Backflip","floor":11},{"not_picked":["Poisoned Stab","Quick Slash","Skewer"],"picked":"SKIP","floor":14},{"not_picked":["Venomology","Unload","Bullet Time"],"picked":"Glass Knife","floor":16},{"not_picked":["Calculated Gamble","Sucker Punch","Poisoned Stab"],"picked":"Cloak And Dagger","floor":18},{"not_picked":["Dagger Spray+1","Accuracy","Catalyst"],"picked":"Finisher+1","floor":19},{"not_picked":["Dagger Spray","Caltrops","Well Laid Plans"],"picked":"Deadly Poison","floor":20},{"not_picked":["Bullet Time","Underhanded Strike","Flying Knee"],"picked":"Wraith Form v2","floor":23},{"not_picked":["Blade Dance+1","Expertise","Distraction+1"],"picked":"Noxious Fumes","floor":25},{"not_picked":["Poisoned Stab","Cloak And Dagger","Dagger Throw","Well Laid Plans"],"picked":"SKIP","floor":27},{"not_picked":["PiercingWail","Acrobatics+1","Deflect"],"picked":"Infinite Blades","floor":28},{"not_picked":["Dagger Throw+1","Underhanded Strike","Deflect+1"],"picked":"Accuracy","floor":30},{"not_picked":["Sucker Punch+1","Flying Knee","Backstab"],"picked":"Deflect+1","floor":31},{"not_picked":["Unload","Corpse Explosion","Doppelganger"],"picked":"Burst","floor":33},{"not_picked":["Underhanded Strike+1","Slice","Dagger Throw+1"],"picked":"Deadly Poison+1","floor":35},{"not_picked":["Poisoned Stab+1","Bane+1","Outmaneuver+1"],"picked":"PiercingWail","floor":38},{"not_picked":["Outmaneuver+1","Dagger Throw+1","Flechettes","Slice+1"],"picked":"SKIP","floor":38},{"not_picked":["Noxious Fumes","PiercingWail+1","Die Die Die"],"picked":"Adrenaline","floor":41},{"not_picked":["Backflip","Dagger Spray","PiercingWail","Cloak And Dagger+1"],"picked":"SKIP","floor":42},{"not_picked":["Cloak And Dagger","Well Laid Plans","Underhanded Strike","Flying Knee+1"],"picked":"SKIP","floor":42},{"not_picked":["Riddle With Holes+1","Deadly Poison+1","Slice+1"],"picked":"Blade Dance+1","floor":48},{"not_picked":["Dagger Spray+1","Glass Knife","Flying Knee+1","Setup+1"],"picked":"SKIP","floor":48}],"player_experience":72619,"relics_obtained":[{"floor":7,"key":"Snake Skull"},{"floor":9,"key":"Paper Crane"},{"floor":10,"key":"Kunai"},{"floor":13,"key":"Oddly Smooth Stone"},{"floor":14,"key":"Question Card"},{"floor":21,"key":"Enchiridion"},{"floor":23,"key":"Letter Opener"},{"floor":23,"key":"PreservedInsect"},{"floor":25,"key":"Juzu Bracelet"},{"floor":25,"key":"Bottled Flame"},{"floor":26,"key":"The Courier"},{"floor":27,"key":"Bag of Marbles"},{"floor":27,"key":"Bottled Lightning"},{"floor":31,"key":"Red Mask"},{"floor":41,"key":"Bottled Tornado"},{"floor":41,"key":"Bronze Scales"},{"floor":43,"key":"Ornamental Fan"},{"floor":46,"key":"Tingsha"}],"event_choices":[{"damage_healed":0,"gold_gain":0,"player_choice":"Entered Light","damage_taken":14,"max_hp_gain":0,"max_hp_loss":0,"event_name":"Shining Light","floor":12,"gold_loss":0,"cards_upgraded":["Strike_G","Survivor"]},{"damage_healed":0,"gold_gain":0,"player_choice":"Obtained Book","damage_taken":16,"max_hp_gain":0,"max_hp_loss":0,"event_name":"Cursed Tome","floor":21,"gold_loss":0},{"cards_removed":["Strike_G"],"damage_healed":0,"gold_gain":0,"player_choice":"Gave Gold","damage_taken":0,"max_hp_gain":0,"max_hp_loss":0,"event_name":"Beggar","floor":22,"gold_loss":75},{"damage_healed":0,"gold_gain":0,"player_choice":"Became a vampire","damage_taken":0,"max_hp_gain":0,"max_hp_loss":21,"event_name":"Vampires","floor":29,"gold_loss":0,"cards_obtained":["Bite","Bite","Bite","Bite","Bite"]},{"damage_healed":0,"gold_gain":0,"player_choice":"Fought Bandits","damage_taken":0,"max_hp_gain":0,"max_hp_loss":0,"event_name":"Masked Bandits","floor":31,"gold_loss":0},{"cards_removed":["Deadly Poison"],"damage_healed":5,"gold_gain":0,"player_choice":"Offered Common","damage_taken":0,"max_hp_gain":0,"max_hp_loss":0,"event_name":"Bonfire Elementals","floor":37,"gold_loss":0},{"cards_removed":["Deadly Poison"],"damage_healed":5,"gold_gain":0,"player_choice":"Offered Special","damage_taken":0,"max_hp_gain":0,"max_hp_loss":0,"event_name":"Bonfire Elementals","floor":37,"gold_loss":0},{"damage_healed":0,"gold_gain":0,"cards_transformed":["Bite"],"player_choice":"Transformed","damage_taken":0,"max_hp_gain":0,"max_hp_loss":0,"event_name":"Transmorgrifier","floor":44,"gold_loss":0,"cards_obtained":["Madness"]},{"damage_healed":0,"gold_gain":0,"player_choice":"Fight","damage_taken":0,"max_hp_gain":0,"max_hp_loss":0,"event_name":"MindBloom","floor":46,"gold_loss":0},{"damage_healed":12,"gold_gain":0,"player_choice":"Writhe","damage_taken":0,"max_hp_gain":0,"max_hp_loss":0,"event_name":"Winding Halls","floor":47,"gold_loss":0,"cards_obtained":["Writhe"]}],"is_beta":false,"boss_relics":[{"not_picked":["Ectoplasm","Runic Pyramid"],"picked":"Black Star"},{"not_picked":["Orrery","Lizard Tail"],"picked":"Philosopher\u0027s Stone"}],"items_purged_floors":[36,39],"is_endless":false,"potions_floor_spawned":[1,2,7,10,19,25,27,30,31,33,42],"ascension_level":3}