{"gold_per_floor":[116,37,48,63,82,111,111,111,111,132,307,337,337,337,337,438,438,450,431,145,160,170,170,170,170,170,189,189,199,90,90,90,192,192,210,132,132,144,158,185,185,220,273,273,292,292,292,292],"floor_reached":48,"playtime":4108,"items_purged":[],"score":598,"play_id":"0bc12292-0356-4128-9427-1ca783b765bc","local_time":"20190614223338","is_ascension_mode":true,"campfire_choices":[{"data":"Glass Knife","floor":7,"key":"SMITH"},{"floor":13,"key":"REST"},{"floor":15,"key":"REST"},{"floor":24,"key":"RECALL"},{"data":"Calculated Gamble","floor":28,"key":"SMITH"},{"floor":32,"key":"REST"},{"data":"Burst","floor":41,"key":"SMITH"},{"data":"Venomology","floor":44,"key":"SMITH"},{"data":"Prepared","floor":46,"key":"SMITH"}],"neow_cost":"NONE","seed_source_timestamp":203159936642383,"circlet_count":0,"master_deck":["Defend_G","Defend_G","Defend_G","Defend_G","Defend_G","Survivor","Neutralize","Dagger Spray","Calculated Gamble+1","Poisoned Stab","Dodge and Roll","Glass Knife+1","Acrobatics","Prepared+1","Backflip","Venomology+1","Poisoned Stab","Cloak And Dagger","Noxious Fumes+1","Crippling Poison","Bane+1","Bite","Bite","Bite","Bite","Bite","Writhe","Deflect+1","Dagger Throw+1","Noxious Fumes+1","Leg Sweep","Burst+1","Backflip+1","Footwork+1","Underhanded Strike+1","Bane+1","Well Laid Plans+1","Blur","Well Laid Plans+1","Doubt"],"relics":["Ring of the Snake","Oddly Smooth Stone","Frozen Egg 2","Vajra","Odd Mushroom","Bottled Flame","Ornamental Fan","Black Star","Toy Ornithopter","Strawberry","Meat on the Bone","Lizard Tail","Mummified Hand","Pen Nib","Dodecahedron","Darkstone Periapt"],"potions_floor_usage":[10,12,12,18,19,21,22,22,27,29,29,33,38,39,39,39,39,40,40,42,45,48],"damage_taken":[{"damage":0,"enemies":"Cultist","floor":1,"turns":5},{"damage":2,"enemies":"Jaw Worm","floor":3,"turns":4},{"damage":0,"enemies":"Small Slimes","floor":4,"turns":3},{"damage":8,"enemies":"3 Louse","floor":5,"turns":3},{"damage":7,"enemies":"3 Sentries","floor":6,"turns":8},{"damage":0,"enemies":"The Mushroom Lair","floor":10,"turns":1},{"damage":28,"enemies":"Lagavulin","floor":12,"turns":7},{"damage":14,"enemies":"The Guardian","floor":16,"turns":20},{"damage":13,"enemies":"Chosen","floor":18,"turns":7},{"damage":5,"enemies":"2 Thieves","floor":19,"turns":4},{"damage":49,"enemies":"Snake Plant","floor":21,"turns":7},{"damage":11,"enemies":"Sentry and Sphere","floor":22,"turns":5},{"damage":27,"enemies":"3 Cultists","floor":27,"turns":6},{"damage":28,"enemies":"Snake Plant","floor":29,"turns":4},{"damage":23,"enemies":"Champ","floor":33,"turns":13},{"damage":8,"enemies":"3 Shapes","floor":35,"turns":7},{"damage":36,"enemies":"3 Darklings","floor":38,"turns":6},{"damage":13,"enemies":"Maw","floor":39,"turns":7},{"damage":63,"enemies":"Reptomancer","floor":40,"turns":10},{"damage":27,"enemies":"Nemesis","floor":42,"turns":9},{"damage":20,"enemies":"Spire Growth","floor":45,"turns":7},{"damage":88,"enemies":"Transient","floor":48,"turns":5}],"seed_played":"5027270293192589148","potions_obtained":[{"floor":1,"key":"SteroidPotion"},{"floor":3,"key":"Weak Potion"},{"floor":10,"key":"SkillPotion"},{"floor":16,"key":"Weak Potion"},{"floor":22,"key":"Swift Potion"},{"floor":27,"key":"GamblersBrew"},{"floor":35,"key":"Strength Potion"},{"floor":37,"key":"PowerPotion"},{"floor":37,"key":"FearPotion"},{"floor":40,"key":"Dexterity Potion"},{"floor":45,"key":"Dexterity Potion"}],"is_trial":false,"path_per_floor":["M","$","M","M","M","E","R","?","T","?","?","E","R","?","R","B",null,"M","M","$","M","M","?","R","?","T","M","R","M","$","?","R","B",null,"M","$","?","M","M","E","R","E","T","R","M","R","?","M"],"character_chosen":"THE_SILENT","items_purchased":["Calculated Gamble","Noxious Fumes+1","Toy Ornithopter","Noxious Fumes+1","Leg Sweep","Footwork+1"],"campfire_rested":3,"item_purchase_floors":[2,20,20,30,30,36],"current_hp_per_floor":[77,77,75,75,67,60,60,35,35,35,35,7,30,30,53,39,77,64,59,59,15,14,14,14,21,21,21,21,25,25,25,43,43,60,52,52,52,33,50,32,32,30,30,30,31,31,66,0],"gold":292,"neow_bonus":"TEN_PERCENT_HP_BONUS","is_prod":false,"is_daily":false,"chose_seed":false,"campfire_upgraded":5,"win_rate":0,"timestamp":1560576818,"path_taken":["M","$","?","M","M","E","R","?","T","?","?","E","R","?","R","BOSS","M","M","$","M","M","?","R","?","T","M","R","M","$","?","R","BOSS","M","$","?","M","?","E","R","E","T","R","M","R","?","M"],"build_version":"2019-01-23","purchased_purges":0,"victory":false,"max_hp_per_floor":[77,77,77,77,77,77,77,77,77,77,77,77,77,77,77,77,77,77,77,77,77,77,53,53,60,60,60,60,60,60,60,60,60,60,60,60,60,60,60,60,60,60,60,60,60,60,66,66],"card_choices":[{"not_picked":["Leg Sweep","Reflex"],"picked":"Dagger Spray","floor":1},{"not_picked":["Bane","Underhanded Strike"],"picked":"Poisoned Stab","floor":3},{"not_picked":["Dagger Throw","Slice"],"picked":"Dodge and Roll","floor":4},{"not_picked":["PiercingWail","Accuracy"],"picked":"Glass Knife","floor":5},{"not_picked":["Deadly Poison","PiercingWail"],"picked":"Acrobatics","floor":6},{"not_picked":["Flechettes","Slice"],"picked":"Prepared","floor":10},{"not_picked":["Setup","Bullet Time"],"picked":"Backflip","floor":12},{"not_picked":["Storm of Steel","Doppelganger"],"picked":"Venomology","floor":16},{"not_picked":["Acrobatics+1","Outmaneuver"],"picked":"Poisoned Stab","floor":18},{"not_picked":["Slice","Predator"],"picked":"Cloak And Dagger","floor":19},{"not_picked":["Storm of Steel","Leg Sweep"],"picked":"Crippling Poison","floor":21},{"not_picked":["Distraction+1","Backstab"],"picked":"Bane+1","floor":22},{"not_picked":["Underhanded Strike","Cloak And Dagger"],"picked":"Deflect+1","floor":27},{"not_picked":["Concentrate","Endless Agony"],"picked":"Dagger Throw+1","floor":29},{"not_picked":["Glass Knife","A Thousand Cuts+1"],"picked":"Burst","floor":33},{"not_picked":["Flying Knee+1","Expertise+1"],"picked":"Backflip+1","floor":35},{"not_picked":["Glass Knife","Dagger Throw+1"],"picked":"Underhanded Strike+1","floor":38},{"not_picked":["Dodge and Roll+1","Dagger Throw"],"picked":"Bane+1","floor":39},{"not_picked":["Finisher","Poisoned Stab+1"],"picked":"Well Laid Plans+1","floor":40},{"not_picked":["Prepared+1","Bouncing Flask"],"picked":"Blur","floor":42},{"not_picked":["Escape Plan+1","PiercingWail"],"picked":"Well Laid Plans+1","floor":45}],"player_experience":284377,"relics_obtained":[{"floor":6,"key":"Oddly Smooth Stone"},{"floor":9,"key":"Vajra"},{"floor":10,"key":"Odd Mushroom"},{"floor":12,"key":"Bottled Flame"},{"floor":26,"key":"Meat on the Bone"},{"floor":40,"key":"Mummified Hand"},{"floor":40,"key":"Pen Nib"},{"floor":42,"key":"Dodecahedron"},{"floor":42,"key":"Darkstone Periapt"}],"event_choices":[{"damage_healed":0,"gold_gain":0,"player_choice":"Success","damage_taken":25,"relics_obtained":["Frozen Egg 2"],"max_hp_gain":0,"max_hp_loss":0,"event_name":"Scrap Ooze","floor":8,"gold_loss":0},{"damage_healed":0,"gold_gain":0,"player_choice":"Fought Mushrooms","damage_taken":0,"max_hp_gain":0,"max_hp_loss":0,"event_name":"Mushrooms","floor":10,"gold_loss":0},{"damage_healed":0,"gold_gain":175,"player_choice":"AGREE","damage_taken":0,"max_hp_gain":0,"max_hp_loss":0,"event_name":"Liars Game","floor":11,"gold_loss":0,"cards_obtained":["Doubt"]},{"damage_healed":0,"gold_gain":0,"player_choice":"Searched \u00272\u0027 times","damage_taken":0,"relics_obtained":["Ornamental Fan"],"max_hp_gain":0,"max_hp_loss":0,"event_name":"Dead Adventurer","floor":14,"gold_loss":0},{"damage_healed":0,"gold_gain":0,"player_choice":"Became a vampire","damage_taken":0,"max_hp_gain":0,"max_hp_loss":24,"event_name":"Vampires","floor":23,"gold_loss":0,"cards_obtained":["Bite","Bite","Bite","Bite","Bite"]},{"damage_healed":0,"gold_gain":0,"player_choice":"Opened","damage_taken":0,"relics_obtained":["Strawberry"],"max_hp_gain":0,"max_hp_loss":0,"event_name":"The Mausoleum","floor":25,"gold_loss":0,"cards_obtained":["Writhe"]},{"cards_removed":["Doubt"],"damage_healed":0,"gold_gain":0,"player_choice":"Elegance","damage_taken":0,"max_hp_gain":0,"max_hp_loss":0,"event_name":"Back to Basics","floor":31,"gold_loss":0},{"damage_healed":0,"gold_gain":0,"player_choice":"Got Potions","damage_taken":0,"max_hp_gain":0,"max_hp_loss":0,"event_name":"Lab","floor":37,"gold_loss":0},{"damage_healed":29,"gold_gain":0,"player_choice":"Heal","damage_taken":0,"max_hp_gain":0,"max_hp_loss":0,"event_name":"MindBloom","floor":47,"gold_loss":0,"cards_obtained":["Doubt"]}],"is_beta":false,"boss_relics":[{"not_picked":["Runic Pyramid","Sozu"],"picked":"Black Star"},{"not_picked":["Empty Cage","Pandora\u0027s Box"],"picked":"Lizard Tail"}],"items_purged_floors":[],"is_endless":false,"potions_floor_spawned":[1,3,10,16,22,27,35,40,45],"killed_by":"Transient","ascension_level":2}