{"gold_per_floor":[360,360,360,383,403,446,466,466,491,308,323,354,80,94,94,223,286,299,338,338,355,368,368,399,414,463,463,488,488,413,426,426,524,524,535,535,552,335,350,350,378,378,378,378,53,53,88,88,88,88],"floor_reached":50,"playtime":2490,"items_purged":["Strike_B","Clumsy"],"score":738,"play_id":"1fb103d9-38bd-4da8-87fe-9df8cdbec804","local_time":"20190324214756","is_ascension_mode":true,"campfire_choices":[{"data":"Dualcast","floor":8,"key":"SMITH"},{"floor":15,"key":"REST"},{"floor":23,"key":"REST"},{"data":"Loop","floor":29,"key":"SMITH"},{"floor":32,"key":"REST"},{"data":"White Noise","floor":40,"key":"SMITH"},{"floor":42,"key":"REST"},{"floor":44,"key":"REST"},{"floor":49,"key":"REST"}],"neow_cost":"PERCENT_DAMAGE","seed_source_timestamp":334513537024548,"circlet_count":0,"master_deck":["Strike_B+1","Strike_B","Strike_B","Defend_B","Defend_B","Defend_B","Zap+1","Dualcast+1","Conserve Battery","Leap","White Noise+1","Hologram","White Noise+1","Auto Shields","Defragment","Streamline+1","Defragment","Hologram","Biased Cognition+1","Hologram","Ball Lightning+1","Doom and Gloom+1","Loop+1","Glacier+1","Auto Shields+1","Conserve Battery+1","Amplify+1","Coolheaded+1","Leap+1","Core Surge","Defragment","Self Repair+1","Amplify+1","Storm+1","Biased Cognition"],"relics":["Cracked Core","Bloody Idol","Ancient Tea Set","Strawberry","Anchor","OrangePellets","Tiny House","Red Mask","Toxic Egg 2","Dream Catcher","Juzu Bracelet","Cursed Key","Gambling Chip","Blue Candle","Whetstone","Vajra"],"potions_floor_usage":[11,16,19,19,24,41,50],"damage_taken":[{"damage":1,"enemies":"Cultist","floor":1,"turns":4},{"damage":0,"enemies":"2 Louse","floor":4,"turns":3},{"damage":2,"enemies":"Jaw Worm","floor":5,"turns":3},{"damage":9,"enemies":"Lagavulin","floor":6,"turns":8},{"damage":0,"enemies":"Blue Slaver","floor":7,"turns":3},{"damage":0,"enemies":"Exordium Thugs","floor":11,"turns":4},{"damage":18,"enemies":"Gremlin Nob","floor":12,"turns":3},{"damage":1,"enemies":"Red Slaver","floor":14,"turns":4},{"damage":20,"enemies":"Hexaghost","floor":16,"turns":8},{"damage":20,"enemies":"Spheric Guardian","floor":18,"turns":5},{"damage":19,"enemies":"Masked Bandits","floor":19,"turns":3},{"damage":16,"enemies":"3 Byrds","floor":21,"turns":4},{"damage":4,"enemies":"Sentry and Sphere","floor":22,"turns":3},{"damage":3,"enemies":"Gremlin Leader","floor":24,"turns":4},{"damage":19,"enemies":"Snake Plant","floor":25,"turns":3},{"damage":0,"enemies":"Book of Stabbing","floor":28,"turns":5},{"damage":1,"enemies":"Centurion and Healer","floor":31,"turns":5},{"damage":22,"enemies":"Champ","floor":33,"turns":8},{"damage":28,"enemies":"3 Darklings","floor":35,"turns":6},{"damage":8,"enemies":"Orb Walker","floor":37,"turns":3},{"damage":0,"enemies":"Jaw Worm Horde","floor":39,"turns":4},{"damage":32,"enemies":"Giant Head","floor":41,"turns":8},{"damage":31,"enemies":"Reptomancer","floor":47,"turns":6},{"damage":94,"enemies":"Awakened One","floor":50,"turns":4}],"seed_played":"4338141383565937684","potions_obtained":[{"floor":6,"key":"AttackPotion"},{"floor":7,"key":"LiquidBronze"},{"floor":12,"key":"Energy Potion"},{"floor":16,"key":"Fire Potion"},{"floor":17,"key":"Poison Potion"},{"floor":22,"key":"FearPotion"},{"floor":24,"key":"Block Potion"},{"floor":28,"key":"Energy Potion"}],"is_trial":false,"path_per_floor":["M","?","?","M","M","E","M","R","T","$","M","E","$","M","R","B",null,"M","?","?","M","M","R","E","M","T","?","E","R","?","M","R","B",null,"M","?","M","$","M","R","E","R","T","R","$","?","E","?","R","B"],"character_chosen":"DEFECT","items_purchased":["Auto Shields","Defragment","Defragment","OrangePellets","Core Surge","Defragment","Storm","Whetstone"],"campfire_rested":6,"item_purchase_floors":[10,10,13,13,38,38,45,45],"current_hp_per_floor":[53,53,53,53,51,42,42,42,49,49,49,31,31,30,52,32,81,61,42,42,31,32,56,58,44,49,49,54,54,54,58,81,64,81,58,58,55,55,60,60,33,57,57,81,81,81,55,55,77,0],"gold":88,"neow_bonus":"TWO_FIFTY_GOLD","is_prod":false,"is_daily":false,"chose_seed":false,"campfire_upgraded":3,"win_rate":0,"timestamp":1553478476,"path_taken":["M","?","?","M","M","E","M","R","T","$","M","E","$","M","R","BOSS","M","?","?","M","M","R","E","?","T","?","E","R","?","M","R","BOSS","M","?","M","$","M","R","E","R","T","R","$","?","E","?","R","BOSS"],"build_version":"2019-01-23","purchased_purges":2,"victory":false,"max_hp_per_floor":[75,75,69,69,69,69,69,69,76,76,76,76,76,76,76,76,81,81,81,81,81,81,81,81,81,81,81,81,81,81,81,81,81,81,81,81,81,81,81,81,81,81,81,81,81,81,81,77,77,77],"card_choices":[{"not_picked":["Compile Driver","Gash"],"picked":"Conserve Battery","floor":1},{"not_picked":["Capacitor","Storm"],"picked":"Leap","floor":4},{"not_picked":["Compile Driver","Gash"],"picked":"White Noise","floor":5},{"not_picked":["Hyperbeam","Chaos"],"picked":"Hologram","floor":6},{"not_picked":["Redo","Storm"],"picked":"White Noise","floor":7},{"not_picked":["Conserve Battery","Blizzard"],"picked":"Streamline","floor":11},{"not_picked":["Aggregate","Auto Shields"],"picked":"Sweeping Beam","floor":12},{"not_picked":["Redo","Leap"],"picked":"Hologram","floor":14},{"not_picked":["Thunder Strike","Creative AI"],"picked":"Biased Cognition","floor":16},{"not_picked":["Leap","Redo"],"picked":"Hologram","floor":17},{"not_picked":["Scrape+1","Gash","Sweeping Beam"],"picked":"SKIP","floor":18},{"not_picked":["Sweeping Beam+1","Stack"],"picked":"Ball Lightning+1","floor":19},{"not_picked":["Ball Lightning","Stack"],"picked":"Doom and Gloom+1","floor":21},{"not_picked":["Reinforced Body+1","Turbo"],"picked":"Loop","floor":22},{"not_picked":["Sweeping Beam","Beam Cell+1","Barrage+1"],"picked":"SKIP","floor":24},{"not_picked":["Conserve Battery+1","Storm"],"picked":"Glacier+1","floor":25},{"not_picked":["Barrage","Sweeping Beam"],"picked":"Auto Shields+1","floor":28},{"not_picked":["Buffer","Beam Cell+1"],"picked":"Conserve Battery+1","floor":31},{"not_picked":["Buffer","Core Surge"],"picked":"Amplify+1","floor":33},{"not_picked":["Reinforced Body+1","Gash"],"picked":"Coolheaded+1","floor":35},{"not_picked":["Streamline+1","Recycle+1"],"picked":"Leap+1","floor":37},{"not_picked":["Darkness+1","Streamline","Chaos+1"],"picked":"SKIP","floor":39},{"not_picked":["Go for the Eyes","Rebound+1"],"picked":"Self Repair+1","floor":41},{"not_picked":["Rebound","Ball Lightning"],"picked":"Amplify+1","floor":44},{"not_picked":["Cold Snap+1","Genetic Algorithm+1"],"picked":"Biased Cognition","floor":47}],"player_experience":328113,"relics_obtained":[{"floor":6,"key":"Ancient Tea Set"},{"floor":9,"key":"Strawberry"},{"floor":12,"key":"Anchor"},{"floor":19,"key":"Red Mask"},{"floor":24,"key":"Toxic Egg 2"},{"floor":26,"key":"Dream Catcher"},{"floor":28,"key":"Juzu Bracelet"},{"floor":41,"key":"Gambling Chip"},{"floor":43,"key":"Blue Candle"},{"floor":47,"key":"Vajra"}],"event_choices":[{"damage_healed":0,"gold_gain":0,"player_choice":"Grow","damage_taken":0,"max_hp_gain":0,"max_hp_loss":0,"event_name":"Living Wall","floor":2,"gold_loss":0,"cards_upgraded":["Zap"]},{"damage_healed":0,"gold_gain":0,"player_choice":"Lose Max HP","damage_taken":0,"relics_obtained":["Golden Idol"],"max_hp_gain":0,"max_hp_loss":6,"event_name":"Golden Idol","floor":3,"gold_loss":0},{"damage_healed":0,"gold_gain":0,"player_choice":"Fought Bandits","damage_taken":0,"max_hp_gain":0,"max_hp_loss":0,"event_name":"Masked Bandits","floor":19,"gold_loss":0},{"damage_healed":0,"gold_gain":0,"player_choice":"Gave Idol","damage_taken":0,"relics_obtained":["Bloody Idol"],"max_hp_gain":0,"max_hp_loss":0,"event_name":"Forgotten Altar","floor":20,"relics_lost":["Golden Idol"],"gold_loss":0},{"damage_healed":0,"gold_gain":0,"player_choice":"Upgraded","damage_taken":0,"max_hp_gain":0,"max_hp_loss":0,"event_name":"Upgrade Shrine","floor":27,"gold_loss":0,"cards_upgraded":["White Noise"]},{"cards_removed":["Defend_B"],"damage_healed":0,"gold_gain":0,"player_choice":"Gave Gold","damage_taken":0,"max_hp_gain":0,"max_hp_loss":0,"event_name":"Beggar","floor":30,"gold_loss":75},{"cards_removed":["Sweeping Beam"],"damage_healed":0,"gold_gain":0,"player_choice":"Removed Attack","damage_taken":0,"max_hp_gain":0,"max_hp_loss":0,"event_name":"Falling","floor":36,"gold_loss":0},{"damage_healed":0,"gold_gain":0,"player_choice":"Upgraded","damage_taken":0,"max_hp_gain":0,"max_hp_loss":0,"event_name":"Upgrade Shrine","floor":46,"gold_loss":0,"cards_upgraded":["Storm"]},{"damage_healed":0,"gold_gain":0,"player_choice":"Max HP","damage_taken":0,"max_hp_gain":0,"max_hp_loss":4,"event_name":"Winding Halls","floor":48,"gold_loss":0}],"is_beta":false,"boss_relics":[{"not_picked":["Runic Dome","Empty Cage"],"picked":"Tiny House"},{"not_picked":["Velvet Choker","Black Star"],"picked":"Cursed Key"}],"items_purged_floors":[10,45],"is_endless":false,"potions_floor_spawned":[6,7,12,16,22,24,28,33,35,39],"killed_by":"Awakened One","ascension_level":4}