{"gold_per_floor":[115,135,135,235,129,129,148,160,160,160,177,177,177,42,42,119,169,179,179,179,194,211,211,211,211,237,237],"floor_reached":27,"playtime":929,"items_purged":[],"score":402,"play_id":"11149369-e1ec-4708-89b8-083f70eea69b","local_time":"20190128221038","is_ascension_mode":true,"campfire_choices":[{"data":"Zap","floor":6,"key":"SMITH"},{"data":"Ball Lightning","floor":12,"key":"SMITH"},{"floor":15,"key":"REST"},{"data":"Creative AI","floor":23,"key":"SMITH"},{"data":"Loop","floor":25,"key":"SMITH"}],"neow_cost":"NONE","seed_source_timestamp":409247189670500,"circlet_count":0,"master_deck":["AscendersBane","Strike_B","Strike_B","Strike_B","Strike_B","Defend_B","Defend_B","Defend_B+1","Defend_B","Zap+1","Dualcast+1","Conserve Battery+1","Leap+1","Glacier","Ball Lightning+1","Auto Shields","Rip and Tear","Cold Snap","Melter","Bandage Up","Creative AI+1","Loop+1","Self Repair","Melter","White Noise+1"],"relics":["Cracked Core","Ancient Tea Set","Cables","Tiny House","Boot"],"potions_floor_usage":[18,27,27],"damage_taken":[{"damage":7,"enemies":"Jaw Worm","floor":1,"turns":4},{"damage":0,"enemies":"Cultist","floor":2,"turns":3},{"damage":0,"enemies":"2 Louse","floor":7,"turns":2},{"damage":0,"enemies":"Exordium Wildlife","floor":8,"turns":3},{"damage":4,"enemies":"2 Fungi Beasts","floor":11,"turns":3},{"damage":8,"enemies":"The Guardian","floor":16,"turns":12},{"damage":0,"enemies":"Shell Parasite","floor":18,"turns":6},{"damage":14,"enemies":"Chosen","floor":21,"turns":5},{"damage":5,"enemies":"Sentry and Sphere","floor":22,"turns":4},{"damage":8,"enemies":"Colosseum Slavers","floor":27,"turns":5},{"damage":109,"enemies":"Colosseum Nobs","floor":27,"turns":4}],"seed_played":"-378952241910031227","potions_obtained":[{"floor":2,"key":"Block Potion"},{"floor":16,"key":"Regen Potion"},{"floor":21,"key":"Weak Potion"}],"is_trial":false,"path_per_floor":["M","M","?","?","$","R","M","M","T","?","M","R","?","$","R","B",null,"M","?","?","M","M","R","?","R","T","?"],"character_chosen":"DEFECT","items_purchased":["Glacier","Ball Lightning","Melter","Bandage Up"],"campfire_rested":1,"item_purchase_floors":[5,5,14,14],"current_hp_per_floor":[57,57,36,36,36,36,36,36,36,36,32,32,37,37,59,55,76,80,80,80,73,79,79,79,79,79,0],"gold":237,"neow_bonus":"RANDOM_COMMON_RELIC","is_prod":false,"is_daily":false,"chose_seed":false,"campfire_upgraded":4,"win_rate":0,"timestamp":1548713438,"path_taken":["M","M","?","?","$","R","M","?","T","?","?","R","?","?","R","BOSS","M","?","?","M","M","R","?","R","T","?"],"build_version":"2019-01-23","purchased_purges":0,"victory":false,"max_hp_per_floor":[71,71,71,71,71,71,71,71,71,71,71,71,76,76,76,76,81,81,81,81,81,81,81,81,81,81,81],"card_choices":[{"not_picked":["Hologram","Heatsinks"],"picked":"Conserve Battery","floor":1},{"not_picked":["Storm","Hologram"],"picked":"Leap","floor":2},{"not_picked":["Glacier","Turbo"],"picked":"Auto Shields","floor":7},{"not_picked":["Storm","Coolheaded"],"picked":"Rip and Tear","floor":8},{"not_picked":["Heatsinks","Coolheaded"],"picked":"Cold Snap","floor":11},{"not_picked":["Fission","Amplify"],"picked":"Creative AI","floor":16},{"not_picked":["Storm","Turbo"],"picked":"Loop","floor":17},{"not_picked":["FTL","Compile Driver"],"picked":"Self Repair","floor":18},{"not_picked":["Tempest","Rebound","Conserve Battery"],"picked":"SKIP","floor":21},{"not_picked":["Cold Snap+1","Steam Power"],"picked":"White Noise+1","floor":22}],"player_experience":1256279,"relics_obtained":[{"floor":9,"key":"Cables"},{"floor":26,"key":"Boot"}],"event_choices":[{"damage_healed":0,"gold_gain":0,"player_choice":"Entered Light","damage_taken":21,"max_hp_gain":0,"max_hp_loss":0,"event_name":"Shining Light","floor":3,"gold_loss":0,"cards_upgraded":["Conserve Battery","Leap"]},{"damage_healed":0,"gold_gain":100,"player_choice":"Gold","damage_taken":0,"max_hp_gain":0,"max_hp_loss":0,"event_name":"Wheel of Change","floor":4,"gold_loss":0},{"damage_healed":0,"gold_gain":0,"player_choice":"Forge","damage_taken":0,"max_hp_gain":0,"max_hp_loss":0,"event_name":"Accursed Blacksmith","floor":10,"gold_loss":0,"cards_upgraded":["Dualcast"]},{"damage_healed":0,"gold_gain":0,"player_choice":"Donut","damage_taken":0,"max_hp_gain":5,"max_hp_loss":0,"event_name":"Big Fish","floor":13,"gold_loss":0},{"damage_healed":0,"gold_gain":0,"player_choice":"Ignored","damage_taken":0,"max_hp_gain":0,"max_hp_loss":0,"event_name":"Beggar","floor":19,"gold_loss":0},{"damage_healed":0,"gold_gain":0,"player_choice":"Read","damage_taken":0,"max_hp_gain":0,"max_hp_loss":0,"event_name":"The Library","floor":20,"gold_loss":0,"cards_obtained":["Melter"]},{"damage_healed":0,"gold_gain":0,"player_choice":"Ignored","damage_taken":0,"max_hp_gain":0,"max_hp_loss":0,"event_name":"Ghosts","floor":24,"gold_loss":0},{"damage_healed":0,"gold_gain":0,"player_choice":"Fight","damage_taken":0,"max_hp_gain":0,"max_hp_loss":0,"event_name":"Colosseum","floor":27,"gold_loss":0},{"damage_healed":0,"gold_gain":0,"player_choice":"Fought Nobs","damage_taken":0,"max_hp_gain":0,"max_hp_loss":0,"event_name":"Colosseum","floor":27,"gold_loss":0}],"is_beta":false,"boss_relics":[{"not_picked":["Runic Pyramid","Coffee Dripper"],"picked":"Tiny House"}],"items_purged_floors":[],"is_endless":false,"potions_floor_spawned":[2,16,21],"killed_by":"Colosseum Nobs","ascension_level":20}