{"gold_per_floor":[210,210,225,153,183,216,231,247,247,422,31,44,58,72,72,176,226,238,252,264,68,68],"floor_reached":22,"playtime":1724,"items_purged":["Regret"],"score":200,"play_id":"0e7a9d5c-db25-4b0d-968d-aea25248172a","local_time":"20181225232227","is_ascension_mode":true,"campfire_choices":[{"floor":15,"key":"REST"}],"neow_cost":"NONE","seed_source_timestamp":88608761807847,"circlet_count":0,"master_deck":["Strike_R","Strike_R","Strike_R","Strike_R","Strike_R","Defend_R","Defend_R","Defend_R","Defend_R","Bash+1","Battle Trance","Dark Embrace","Combust","Pummel","Inflame","Shrug It Off","Iron Wave","Iron Wave","Doubt","Double Tap","Limit Break","Flex","Shockwave","Brutality","Barricade","Headbutt","Body Slam+1","Seeing Red","Whirlwind"],"relics":["Burning Blood","Tiny Chest","Self Forming Clay","Vajra","Tiny House","ClockworkSouvenir"],"potions_floor_usage":[12,14,16,16,20],"damage_taken":[{"damage":5,"enemies":"Small Slimes","floor":1,"turns":5},{"damage":6,"enemies":"Cultist","floor":3,"turns":6},{"damage":60,"enemies":"Lagavulin","floor":6,"turns":9},{"damage":8,"enemies":"2 Louse","floor":7,"turns":5},{"damage":8,"enemies":"Exordium Wildlife","floor":8,"turns":4},{"damage":6,"enemies":"Lots of Slimes","floor":12,"turns":5},{"damage":1,"enemies":"Exordium Thugs","floor":13,"turns":4},{"damage":6,"enemies":"Blue Slaver","floor":14,"turns":5},{"damage":25,"enemies":"Slime Boss","floor":16,"turns":5},{"damage":25,"enemies":"Spheric Guardian","floor":18,"turns":5},{"damage":23,"enemies":"3 Byrds","floor":19,"turns":6},{"damage":42,"enemies":"Cultist and Chosen","floor":20,"turns":12},{"damage":14,"enemies":"Shelled Parasite and Fungi","floor":22,"turns":2}],"seed_played":"-5843911739249660505","potions_obtained":[{"floor":1,"key":"Ancient Potion"},{"floor":6,"key":"Swift Potion"},{"floor":12,"key":"BloodPotion"},{"floor":14,"key":"Regen Potion"},{"floor":17,"key":"Block Potion"},{"floor":18,"key":"LiquidBronze"}],"is_trial":false,"path_per_floor":["M","?","M","$","?","E","M","M","T","?","$","M","M","M","R","B",null,"M","M","M","$","M"],"character_chosen":"IRONCLAD","items_purchased":["Inflame","Double Tap","Limit Break","ClockworkSouvenir"],"campfire_rested":1,"item_purchase_floors":[4,11,11,21],"current_hp_per_floor":[80,80,80,80,80,26,24,22,22,22,22,22,27,35,59,49,85,66,49,13,13,0],"gold":68,"neow_bonus":"HUNDRED_GOLD","is_prod":false,"is_daily":false,"chose_seed":false,"campfire_upgraded":0,"win_rate":0,"timestamp":1545808947,"path_taken":["M","?","?","$","?","E","M","M","T","?","?","M","M","?","R","BOSS","M","M","M","?","?"],"build_version":"2018-12-20","purchased_purges":1,"victory":false,"max_hp_per_floor":[80,80,80,80,80,80,80,80,80,80,80,80,80,80,80,80,85,85,85,85,85,85],"card_choices":[{"not_picked":["Wild Strike","Flex"],"picked":"Battle Trance","floor":1},{"not_picked":["Disarm","Intimidate"],"picked":"Pummel","floor":3},{"not_picked":["Sword Boomerang","Evolve"],"picked":"Shrug It Off","floor":6},{"not_picked":["Ghostly Armor","Anger"],"picked":"Iron Wave","floor":7},{"not_picked":["Rampage","Pommel Strike"],"picked":"Iron Wave","floor":8},{"not_picked":["Sword Boomerang","Clothesline"],"picked":"Flex","floor":12},{"not_picked":["Warcry","Uppercut"],"picked":"Shockwave","floor":13},{"not_picked":["Cleave","Headbutt"],"picked":"Brutality","floor":14},{"not_picked":["Impervious","Berserk"],"picked":"Barricade","floor":16},{"not_picked":["Pommel Strike","Clash"],"picked":"Headbutt","floor":17},{"not_picked":["Iron Wave","Headbutt"],"picked":"Body Slam+1","floor":18},{"not_picked":["Clothesline","Rampage"],"picked":"Seeing Red","floor":19},{"not_picked":["Searing Blow","Blood for Blood"],"picked":"Whirlwind","floor":20}],"player_experience":111914,"relics_obtained":[{"floor":6,"key":"Self Forming Clay"},{"floor":9,"key":"Vajra"}],"event_choices":[{"damage_healed":0,"gold_gain":0,"player_choice":"2 cards matched","damage_taken":0,"max_hp_gain":0,"max_hp_loss":0,"event_name":"Match and Keep!","floor":2,"gold_loss":0,"cards_obtained":["Dark Embrace","Combust"]},{"damage_healed":0,"gold_gain":0,"player_choice":"2 cards matched","damage_taken":0,"max_hp_gain":0,"max_hp_loss":0,"event_name":"Match and Keep!","floor":2,"gold_loss":0,"cards_obtained":["Dark Embrace","Combust"]},{"damage_healed":0,"gold_gain":0,"player_choice":"Box","damage_taken":0,"relics_obtained":["Tiny Chest"],"max_hp_gain":0,"max_hp_loss":0,"event_name":"Big Fish","floor":5,"gold_loss":0,"cards_obtained":["Regret"]},{"damage_healed":0,"gold_gain":175,"player_choice":"AGREE","damage_taken":0,"max_hp_gain":0,"max_hp_loss":0,"event_name":"Liars Game","floor":10,"gold_loss":0,"cards_obtained":["Doubt"]}],"is_beta":false,"boss_relics":[{"not_picked":["Astrolabe","Philosopher\u0027s Stone"],"picked":"Tiny House"}],"items_purged_floors":[11],"is_endless":false,"potions_floor_spawned":[1,6,12,14,18],"killed_by":"Shelled Parasite and Fungi","ascension_level":1}