{"path_per_floor":["M","?","?","M","M","R","E","M","T","R","M","?","$","M","R","B",null,"M","M"],"character_chosen":"THE_SILENT","items_purchased":["Finesse","Predator"],"gold_per_floor":[114,114,64,80,99,99,130,144,144,144,158,158,1,17,17,116,116,129,144],"floor_reached":20,"campfire_rested":2,"playtime":1406,"current_hp_per_floor":[59,59,59,54,54,54,22,14,14,35,35,28,28,10,31,9,70,27,3],"items_purged":[],"gold":144,"play_id":"dd9c7e7e-3038-465a-93d5-d591d3735d37","is_prod":false,"is_daily":false,"campfire_rituals":0,"campfire_upgraded":1,"is_hardmode":false,"path_taken":["M","?","?","M","M","R","E","M","T","R","M","?","$","M","R","BOSS","M","M","M"],"build_version":"2018-01-11-PROD2","purchased_purges":0,"victory":false,"master_deck":["Defend_G","Defend_G","Defend_G","Strike_G","Strike_G","Strike_G","Strike_G","Strike_G","Survivor","Neutralize","Acrobatics","Well Laid Plans","Dodge and Roll","Backflip","Sucker Punch","Accuracy","Finesse","Predator","Sucker Punch","Unload","Doubt","Clumsy","Pain","Quick Slash","Accuracy"],"max_hp_per_floor":[70,70,70,70,70,70,70,70,70,70,70,70,70,70,70,70,70,70,70],"relics":["Philosopher\u0027s Stone","Shuriken","Gremlin Horn","Calling Bell","Snake Skull","War Paint","Ancient Tea Set"],"campfire_meditates":0,"card_choices":[{"not_picked":["Flying Knee","Underhanded Strike"],"picked":"Acrobatics"},{"not_picked":["Finisher","Slice"],"picked":"Well Laid Plans"},{"not_picked":["Deflect","Masterful Stab"],"picked":"Dodge and Roll"},{"not_picked":["Riddle With Holes","Terror"],"picked":"Backflip"},{"not_picked":["Quick Slash","Deadly Poison"],"picked":"Sucker Punch"},{"not_picked":["Bane","Outmaneuver"],"picked":"Accuracy"},{"not_picked":["Endless Agony","Slice"],"picked":"Sucker Punch"},{"not_picked":["Corpse Explosion","Glass Knife"],"picked":"Unload"},{"not_picked":["Deflect","Terror"],"picked":"Quick Slash"},{"not_picked":["Slice","Acrobatics"],"picked":"Accuracy"}],"player_experience":100556,"potions_floor_usage":[11,16,16,20],"damage_taken":[{"damage":11,"enemies":"Blue Slaver","floor":1,"turns":5},{"damage":5,"enemies":"Small Slimes","floor":4,"turns":4},{"damage":0,"enemies":"2 Louse","floor":5,"turns":3},{"damage":32,"enemies":"Lagavulin","floor":7,"turns":12},{"damage":8,"enemies":"Looter","floor":8,"turns":3},{"damage":0,"enemies":"Lots of Slimes","floor":11,"turns":1},{"damage":18,"enemies":"3 Louse","floor":14,"turns":3},{"damage":22,"enemies":"Slime Boss","floor":16,"turns":7},{"damage":43,"enemies":"2 Thieves","floor":18,"turns":5},{"damage":24,"enemies":"Spheric Guardian","floor":19,"turns":5},{"damage":9,"enemies":"Centurion and Healer","floor":20,"turns":1}],"event_choices":[{"event_name":"Upgrade Shrine","player_choice":"Upgraded","floor":2,"damage_taken":0},{"event_name":"The Cleric","player_choice":"Card Removal","floor":3,"damage_taken":0},{"event_name":"Golden Wing","player_choice":"Card Removal","floor":12,"damage_taken":0}],"boss_relics":[{"not_picked":["Question Card","Snecko Eye"],"picked":"Calling Bell"}],"potions_floor_spawned":[8,11,14,16],"seed_played":"8248837939533834335","killed_by":"Centurion and Healer","is_trial":false}