{"gold_per_floor":[210,210,141,152,102,102,128,128,151,165,177,75,75,75],"floor_reached":14,"playtime":436,"items_purged":[],"score":92,"play_id":"a3f02482-6b4f-410b-ad93-64d5f346bb6e","local_time":"20181225222802","is_ascension_mode":true,"campfire_choices":[{"data":"Rage","floor":6,"key":"SMITH"},{"data":"Limit Break","floor":8,"key":"SMITH"}],"neow_cost":"NONE","seed_source_timestamp":86632842128063,"circlet_count":0,"master_deck":["Strike_R","Strike_R","Strike_R","Strike_R","Strike_R","Defend_R","Defend_R","Defend_R","Defend_R","Sword Boomerang","Rage+1","Limit Break+1","Rupture","Inflame","Flex","Inflame"],"relics":["Burning Blood","Juzu Bracelet","Bronze Scales","GremlinMask"],"potions_floor_usage":[],"damage_taken":[{"damage":1,"enemies":"Cultist","floor":1,"turns":3},{"damage":7,"enemies":"Jaw Worm","floor":4,"turns":3},{"damage":54,"enemies":"Gremlin Nob","floor":7,"turns":7},{"damage":1,"enemies":"2 Louse","floor":10,"turns":2},{"damage":32,"enemies":"Gremlin Gang","floor":11,"turns":5},{"damage":10,"enemies":"Exordium Wildlife","floor":14,"turns":1}],"seed_played":"2655075364989523642","potions_obtained":[{"floor":11,"key":"Explosive Potion"}],"is_trial":false,"path_per_floor":["M","$","$","M","?","R","E","R","T","M","M","$","?","M"],"character_chosen":"IRONCLAD","items_purchased":["Rage","Flex","Inflame"],"campfire_rested":0,"item_purchase_floors":[3,12,12],"current_hp_per_floor":[80,80,80,79,79,79,31,31,31,36,10,10,10,0],"gold":75,"neow_bonus":"HUNDRED_GOLD","is_prod":false,"is_daily":false,"chose_seed":false,"campfire_upgraded":2,"win_rate":0,"timestamp":1545805682,"path_taken":["M","?","$","M","?","R","E","R","T","M","M","$","?","M"],"build_version":"2018-12-20","purchased_purges":0,"victory":false,"max_hp_per_floor":[80,80,80,80,80,80,80,80,80,80,80,80,80,80],"card_choices":[{"not_picked":["Clash","True Grit"],"picked":"Sword Boomerang","floor":1},{"not_picked":["Searing Blow","Intimidate","Cleave"],"picked":"SKIP","floor":4},{"not_picked":["Intimidate","Twin Strike"],"picked":"Limit Break","floor":7},{"not_picked":["Perfected Strike","Clothesline"],"picked":"Rupture","floor":10},{"not_picked":["Iron Wave","Ghostly Armor"],"picked":"Inflame","floor":11}],"player_experience":109958,"relics_obtained":[{"floor":7,"key":"Juzu Bracelet"},{"floor":9,"key":"Bronze Scales"}],"event_choices":[{"cards_removed":["Bash"],"damage_healed":0,"gold_gain":0,"player_choice":"Card Removal","damage_taken":0,"max_hp_gain":0,"max_hp_loss":0,"event_name":"The Cleric","floor":5,"gold_loss":50},{"damage_healed":0,"gold_gain":0,"player_choice":"Trade","damage_taken":0,"relics_obtained":["GremlinMask"],"max_hp_gain":0,"max_hp_loss":0,"event_name":"FaceTrader","floor":13,"gold_loss":0}],"is_beta":false,"boss_relics":[],"items_purged_floors":[],"is_endless":false,"potions_floor_spawned":[11],"killed_by":"Exordium Wildlife","ascension_level":1}