{"gold_per_floor":[111,386,124,137,137,164,164,199,251,263,241,252,252,271,271,376,376,395,68,45,45],"floor_reached":21,"playtime":44774,"items_purged":["Regret"],"score":257,"play_id":"4553a54d-3270-4440-8897-fb2adb88a02e","local_time":"20190704124026","is_ascension_mode":true,"campfire_choices":[{"data":"Coolheaded","floor":7,"key":"SMITH"},{"data":"Coolheaded","floor":13,"key":"SMITH"},{"data":"Undo","floor":15,"key":"SMITH"}],"neow_cost":"NONE","seed_source_timestamp":6352126611767,"circlet_count":0,"master_deck":["Strike_B","Strike_B","Strike_B","Strike_B","Defend_B","Defend_B","Defend_B","Defend_B","Zap","Dualcast","Coolheaded+1","Hello World","Self Repair","Heatsinks","Coolheaded+1","Conserve Battery","Barrage","Undo+1","Fission","Compile Driver","Capacitor","Reinforced Body+1"],"relics":["Cracked Core","NeowsBlessing","Lantern","Art of War","Nunchaku","Boot","Eternal Feather","Toxic Egg 2"],"potions_floor_usage":[21],"damage_taken":[{"damage":0,"enemies":"Small Slimes","floor":1,"turns":1},{"damage":0,"enemies":"Cultist","floor":4,"turns":1},{"damage":0,"enemies":"3 Sentries","floor":6,"turns":1},{"damage":40,"enemies":"Gremlin Nob","floor":8,"turns":5},{"damage":0,"enemies":"Jaw Worm","floor":10,"turns":5},{"damage":4,"enemies":"Exordium Wildlife","floor":12,"turns":6},{"damage":11,"enemies":"Large Slime","floor":14,"turns":6},{"damage":15,"enemies":"The Guardian","floor":16,"turns":16},{"damage":15,"enemies":"Spheric Guardian","floor":18,"turns":7},{"damage":50,"enemies":"2 Thieves","floor":20,"turns":5},{"damage":34,"enemies":"Sentry and Sphere","floor":21,"turns":5}],"seed_played":"-9170995085965366995","potions_obtained":[{"floor":6,"key":"FocusPotion"},{"floor":8,"key":"Dexterity Potion"},{"floor":16,"key":"GamblersBrew"}],"is_trial":false,"path_per_floor":["M","?","$","M","?","E","R","E","T","M","$","M","R","M","R","B",null,"M","$","M","M"],"character_chosen":"DEFECT","items_purchased":["Hello World","Lantern","Conserve Battery","Capacitor","Toxic Egg 2"],"campfire_rested":0,"item_purchase_floors":[3,3,11,19,19],"current_hp_per_floor":[75,75,75,75,75,75,75,42,42,49,49,52,52,48,48,40,75,67,67,24,0],"gold":45,"neow_bonus":"THREE_ENEMY_KILL","is_prod":false,"is_daily":false,"chose_seed":false,"campfire_upgraded":3,"win_rate":0,"timestamp":1562269226,"path_taken":["M","?","$","?","?","E","R","E","T","M","?","M","R","M","R","BOSS","M","$","M","M"],"build_version":"2019-07-01","purchased_purges":1,"victory":false,"max_hp_per_floor":[75,75,75,75,75,75,75,75,75,75,75,75,75,75,75,75,75,75,75,75,75],"card_choices":[{"not_picked":["Streamline","Barrage"],"picked":"Coolheaded","floor":1},{"not_picked":["Redo","Leap"],"picked":"Self Repair","floor":4},{"not_picked":["Ball Lightning","Amplify"],"picked":"Heatsinks","floor":6},{"not_picked":["Gash","Sweeping Beam","Doom and Gloom"],"picked":"SKIP","floor":8},{"not_picked":["Tempest","Ball Lightning"],"picked":"Coolheaded","floor":10},{"not_picked":["Melter","Steam"],"picked":"Barrage","floor":12},{"not_picked":["Skim","Rebound"],"picked":"Undo","floor":14},{"not_picked":["Thunder Strike","Buffer"],"picked":"Fission","floor":16},{"not_picked":["Streamline","Sweeping Beam"],"picked":"Compile Driver","floor":18},{"not_picked":["Rip and Tear+1","Tempest+1"],"picked":"Reinforced Body+1","floor":20}],"player_experience":499903,"relics_obtained":[{"floor":6,"key":"Art of War"},{"floor":8,"key":"Nunchaku"},{"floor":9,"key":"Boot"}],"event_choices":[{"damage_healed":0,"gold_gain":275,"player_choice":"Desecrate","damage_taken":0,"max_hp_gain":0,"max_hp_loss":0,"event_name":"Golden Shrine","floor":2,"gold_loss":0,"cards_obtained":["Regret"]},{"damage_healed":0,"gold_gain":0,"player_choice":"Ignored","damage_taken":0,"max_hp_gain":0,"max_hp_loss":0,"event_name":"Golden Wing","floor":5,"gold_loss":0}],"is_beta":false,"boss_relics":[{"not_picked":["Snecko Eye","Sozu"],"picked":"Eternal Feather"}],"items_purged_floors":[3],"is_endless":false,"potions_floor_spawned":[6,8,16,20],"killed_by":"Sentry and Sphere","ascension_level":4}