{"gold_per_floor":[112,82,47,63,83,116,129,158,240,240,240,251,268,298,298,394,394,414,425,425,425,373,373,402,415,415,433,465,483,503,503],"floor_reached":31,"playtime":1250,"items_purged":[],"score":419,"play_id":"b36a24cf-7d41-4f8a-a9d8-a4cf7c00d701","local_time":"20190618204623","is_ascension_mode":true,"campfire_choices":[{"floor":11,"key":"REST"},{"floor":15,"key":"REST"},{"data":"Storm","floor":23,"key":"SMITH"}],"neow_cost":"NONE","seed_source_timestamp":591095064141087,"circlet_count":0,"master_deck":["Strike_B","Defend_B+1","Defend_B+1","Defend_B","Defend_B","Zap","Dualcast","Loop","White Noise","Ball Lightning","Leap","Defragment","Loop","Electrodynamics","Redo","Chill","Echo Form","Coolheaded","Self Repair","Storm+1","Scrape","Hello World","Thunder Strike","White Noise","Writhe","Creative AI","Redo+1","Chill"],"relics":["Cracked Core","Orichalcum","Question Card","Turnip","Ornamental Fan","Happy Flower","PreservedInsect","Cursed Key","Bag of Marbles","Darkstone Periapt","War Paint"],"potions_floor_usage":[7,8,13,14,16,16,28],"damage_taken":[{"damage":7,"enemies":"Jaw Worm","floor":1,"turns":3},{"damage":0,"enemies":"Cultist","floor":4,"turns":3},{"damage":9,"enemies":"2 Louse","floor":5,"turns":2},{"damage":15,"enemies":"Lagavulin","floor":6,"turns":6},{"damage":3,"enemies":"Looter","floor":7,"turns":3},{"damage":16,"enemies":"Gremlin Nob","floor":8,"turns":3},{"damage":6,"enemies":"Exordium Thugs","floor":12,"turns":3},{"damage":0,"enemies":"2 Fungi Beasts","floor":13,"turns":2},{"damage":14,"enemies":"Lagavulin","floor":14,"turns":5},{"damage":12,"enemies":"Hexaghost","floor":16,"turns":7},{"damage":6,"enemies":"3 Byrds","floor":18,"turns":2},{"damage":0,"enemies":"Chosen","floor":19,"turns":4},{"damage":1,"enemies":"Slavers","floor":24,"turns":2},{"damage":2,"enemies":"Snecko","floor":25,"turns":3},{"damage":17,"enemies":"Centurion and Healer","floor":27,"turns":3},{"damage":33,"enemies":"Book of Stabbing","floor":28,"turns":5},{"damage":12,"enemies":"Sentry and Sphere","floor":29,"turns":4},{"damage":10,"enemies":"Snecko","floor":30,"turns":4},{"damage":23,"enemies":"Slavers","floor":31,"turns":1}],"seed_played":"5732133080508043348","potions_obtained":[{"floor":1,"key":"LiquidBronze"},{"floor":2,"key":"Fire Potion"},{"floor":2,"key":"Fire Potion"},{"floor":8,"key":"Fire Potion"},{"floor":13,"key":"Block Potion"},{"floor":14,"key":"Block Potion"},{"floor":16,"key":"Strength Potion"},{"floor":18,"key":"Strength Potion"},{"floor":28,"key":"SpeedPotion"},{"floor":30,"key":"Swift Potion"}],"is_trial":false,"path_per_floor":["M","?","$","M","M","E","M","E","T","T","R","M","M","E","R","B",null,"M","M","?","?","$","R","E","M","T","M","E","M","M","E"],"character_chosen":"DEFECT","items_purchased":["White Noise","Block Potion"],"campfire_rested":2,"item_purchase_floors":[3,22],"current_hp_per_floor":[61,61,61,61,52,37,34,18,18,18,40,34,34,20,42,30,64,58,58,58,58,58,58,57,62,62,45,19,14,11,0],"gold":503,"neow_bonus":"RANDOM_COMMON_RELIC","is_prod":false,"is_daily":false,"chose_seed":false,"campfire_upgraded":1,"win_rate":0,"timestamp":1560905183,"path_taken":["M","?","$","M","M","E","?","E","T","?","R","M","M","E","R","BOSS","M","M","?","?","$","R","E","M","T","?","E","M","M","E"],"build_version":"2019-01-23","purchased_purges":0,"victory":false,"max_hp_per_floor":[75,75,75,75,75,75,75,75,75,75,75,75,75,75,75,75,75,75,75,75,75,75,75,75,75,75,75,75,75,75,75],"card_choices":[{"not_picked":["Conserve Battery","Rebound"],"picked":"Loop","floor":1},{"not_picked":["Rebound","Cold Snap"],"picked":"Ball Lightning","floor":4},{"not_picked":["Heatsinks","Gash"],"picked":"Leap","floor":5},{"not_picked":["Chaos","Hologram"],"picked":"Defragment","floor":6},{"not_picked":["Rebound","Stack","Tempest"],"picked":"Loop","floor":7},{"not_picked":["Gash","Ball Lightning","Biased Cognition"],"picked":"Electrodynamics","floor":8},{"not_picked":["Coolheaded","Barrage","Cold Snap"],"picked":"Redo","floor":12},{"not_picked":["Sunder","Streamline","Go for the Eyes","Compile Driver"],"picked":"SKIP","floor":13},{"not_picked":["Hello World","Buffer","Gash"],"picked":"Chill","floor":14},{"not_picked":["Seek","Creative AI","Electrodynamics"],"picked":"Echo Form","floor":16},{"not_picked":["Hologram","Conserve Battery","Recycle+1"],"picked":"Coolheaded","floor":18},{"not_picked":["Beam Cell","Ball Lightning+1","Auto Shields+1"],"picked":"Self Repair","floor":19},{"not_picked":["Blizzard","Rebound","Chaos"],"picked":"Thunder Strike","floor":24},{"not_picked":["Rebound+1","Stack+1","Sweeping Beam+1"],"picked":"White Noise","floor":25},{"not_picked":["Leap","Auto Shields+1","Sweeping Beam"],"picked":"Creative AI","floor":27},{"not_picked":["Ball Lightning+1","Cold Snap","Streamline+1"],"picked":"Redo+1","floor":28},{"not_picked":["Coolheaded","Aggregate","Machine Learning","White Noise"],"picked":"SKIP","floor":29},{"not_picked":["Fusion","Recycle","Leap"],"picked":"Chill","floor":30}],"player_experience":422430,"relics_obtained":[{"floor":6,"key":"Question Card"},{"floor":8,"key":"Turnip"},{"floor":9,"key":"Ornamental Fan"},{"floor":10,"key":"Happy Flower"},{"floor":14,"key":"PreservedInsect"},{"floor":24,"key":"Bag of Marbles"},{"floor":26,"key":"Darkstone Periapt"},{"floor":28,"key":"War Paint"}],"event_choices":[{"damage_healed":0,"gold_gain":0,"player_choice":"Bought 2 Potions","damage_taken":0,"max_hp_gain":0,"max_hp_loss":0,"event_name":"The Woman in Blue","floor":2,"gold_loss":0},{"damage_healed":0,"gold_gain":0,"cards_transformed":["Strike_B","Strike_B"],"player_choice":"Became Test Subject","damage_taken":0,"max_hp_gain":0,"max_hp_loss":0,"event_name":"Drug Dealer","floor":20,"gold_loss":0,"cards_obtained":["Storm","Scrape"]},{"damage_healed":0,"gold_gain":0,"cards_transformed":["Strike_B"],"player_choice":"Transformed","damage_taken":0,"max_hp_gain":0,"max_hp_loss":0,"event_name":"Transmorgrifier","floor":21,"gold_loss":0,"cards_obtained":["Hello World"]}],"is_beta":false,"boss_relics":[{"not_picked":["Fusion Hammer","Nuclear Battery"],"picked":"Cursed Key"}],"items_purged_floors":[],"is_endless":false,"potions_floor_spawned":[1,6,8,13,14,16,18,28,29,30],"killed_by":"Slavers","ascension_level":8}