{"gold_per_floor":[211,211,222,222,222,222,247,247,274,274,122,146,169,202,202,202],"floor_reached":16,"playtime":615,"items_purged":[],"score":211,"play_id":"fc3a0b32-566c-4362-bf11-6edc5e9eb3b4","local_time":"20190116122953","is_ascension_mode":true,"campfire_choices":[{"data":"Bash","floor":6,"key":"SMITH"},{"floor":8,"key":"REST"},{"floor":15,"key":"REST"}],"neow_cost":"NONE","seed_source_timestamp":6840798365148,"circlet_count":0,"master_deck":["AscendersBane","Strike_R","Strike_R","Strike_R","Strike_R","Strike_R","Defend_R","Defend_R","Defend_R","Defend_R","Bash+1","Thunderclap","Metallicize","Clash","Feed","Iron Wave"],"relics":["Burning Blood","Regal Pillow","Bag of Marbles","Golden Idol","Oddly Smooth Stone"],"potions_floor_usage":[7,16,16],"damage_taken":[{"damage":5,"enemies":"Small Slimes","floor":1,"turns":5},{"damage":12,"enemies":"Jaw Worm","floor":3,"turns":3},{"damage":67,"enemies":"3 Sentries","floor":7,"turns":15},{"damage":1,"enemies":"2 Louse","floor":12,"turns":2},{"damage":10,"enemies":"Blue Slaver","floor":13,"turns":3},{"damage":41,"enemies":"Lagavulin","floor":14,"turns":9},{"damage":66,"enemies":"Slime Boss","floor":16,"turns":11}],"seed_played":"-3400938697555589260","potions_obtained":[{"floor":3,"key":"GamblersBrew"},{"floor":7,"key":"BloodPotion"},{"floor":14,"key":"Explosive Potion"}],"is_trial":false,"path_per_floor":["M","?","M","?","$","R","E","R","T","?","$","M","M","E","R","B"],"character_chosen":"IRONCLAD","items_purchased":["Feed"],"campfire_rested":2,"item_purchase_floors":[11],"current_hp_per_floor":[69,69,63,68,68,68,7,46,46,46,46,54,50,15,52,0],"gold":202,"neow_bonus":"HUNDRED_GOLD","is_prod":false,"is_daily":false,"chose_seed":false,"campfire_upgraded":1,"win_rate":0,"timestamp":1547641793,"path_taken":["M","?","M","?","?","R","E","R","T","?","$","M","M","E","R","BOSS"],"build_version":"2019-01-10","purchased_purges":0,"victory":false,"max_hp_per_floor":[75,75,75,80,80,80,80,80,80,72,72,75,75,75,75,75],"card_choices":[{"not_picked":["Anger","Burning Pact"],"picked":"Thunderclap","floor":1},{"not_picked":["Carnage","Sword Boomerang"],"picked":"Metallicize","floor":3},{"not_picked":["Clothesline","Heavy Blade"],"picked":"Clash","floor":7},{"not_picked":["Twin Strike","Wild Strike","Power Through"],"picked":"SKIP","floor":12},{"not_picked":["Reckless Charge","Intimidate","Corruption"],"picked":"SKIP","floor":13},{"not_picked":["Bloodletting","Blood for Blood"],"picked":"Iron Wave","floor":14}],"player_experience":1148568,"relics_obtained":[{"floor":7,"key":"Regal Pillow"},{"floor":9,"key":"Bag of Marbles"},{"floor":14,"key":"Oddly Smooth Stone"}],"event_choices":[{"damage_healed":0,"gold_gain":0,"player_choice":"Ignored","damage_taken":0,"max_hp_gain":0,"max_hp_loss":0,"event_name":"Liars Game","floor":2,"gold_loss":0},{"damage_healed":0,"gold_gain":0,"player_choice":"Donut","damage_taken":0,"max_hp_gain":5,"max_hp_loss":0,"event_name":"Big Fish","floor":4,"gold_loss":0},{"damage_healed":0,"gold_gain":0,"player_choice":"Lose Max HP","damage_taken":0,"relics_obtained":["Golden Idol"],"max_hp_gain":0,"max_hp_loss":8,"event_name":"Golden Idol","floor":10,"gold_loss":0}],"is_beta":false,"boss_relics":[],"items_purged_floors":[],"is_endless":false,"potions_floor_spawned":[3,7,14],"killed_by":"Slime Boss","ascension_level":19}