{"gold_per_floor":[17,30,30,50,62,62,76,76,76,108,122,122,185,211,211,285,285,299,330,9,9,9,9,35,35,35,35,35,51,85,101,101,172,172,192,192,207,429,429,429,448,483,565,80,112,112,163,175,175,175,175],"floor_reached":52,"playtime":3105,"items_purged":[],"score":1937,"play_id":"74c48bd0-871a-4c8a-a300-30ca405f2560","local_time":"20190706234239","is_ascension_mode":true,"campfire_choices":[{"data":"Bash","floor":6,"key":"SMITH"},{"data":"Whirlwind","floor":8,"key":"SMITH"},{"data":"Body Slam","floor":12,"key":"SMITH"},{"data":"Rampage","floor":15,"key":"SMITH"},{"floor":23,"key":"REST"},{"floor":25,"key":"REST"},{"floor":27,"key":"RECALL"},{"floor":32,"key":"REST"},{"floor":40,"key":"REST"},{"floor":46,"key":"REST"},{"floor":49,"key":"REST"}],"neow_cost":"NO_GOLD","seed_source_timestamp":331756485969300,"circlet_count":0,"master_deck":["AscendersBane","Defend_R+1","Defend_R+1","Defend_R","Bash+1","Twin Strike","Pommel Strike","Rampage+1","Spot Weakness","Shrug It Off","Whirlwind+1","Body Slam+1","Reaper","Metallicize","Feed","Pummel","Shockwave+1","Bite","Bite","Bite","Bite","Bite","Body Slam","Demon Form","Madness","Madness","Parasite","Impervious","Ghostly Armor","Uppercut+1"],"relics":["Burning Blood","Orichalcum","PreservedInsect","Ornamental Fan","Fusion Hammer","Red Mask","Oddly Smooth Stone","Bag of Marbles","War Paint","Self Forming Clay","Lantern","Runic Pyramid","Strawberry","Singing Bowl","Lee\u0027s Waffle","The Courier","Torii"],"potions_floor_usage":[16,19,42,48,50,50],"damage_taken":[{"damage":7,"enemies":"Cultist","floor":1,"turns":4},{"damage":7,"enemies":"Jaw Worm","floor":2,"turns":3},{"damage":5,"enemies":"Small Slimes","floor":4,"turns":4},{"damage":16,"enemies":"Looter","floor":5,"turns":4},{"damage":9,"enemies":"Large Slime","floor":7,"turns":6},{"damage":8,"enemies":"3 Sentries","floor":10,"turns":4},{"damage":0,"enemies":"2 Fungi Beasts","floor":11,"turns":3},{"damage":9,"enemies":"3 Sentries","floor":13,"turns":3},{"damage":30,"enemies":"Lagavulin","floor":14,"turns":5},{"damage":45,"enemies":"The Guardian","floor":16,"turns":11},{"damage":0,"enemies":"3 Byrds","floor":18,"turns":4},{"damage":28,"enemies":"Masked Bandits","floor":19,"turns":4},{"damage":21,"enemies":"Slavers","floor":24,"turns":5},{"damage":14,"enemies":"Chosen","floor":29,"turns":5},{"damage":9,"enemies":"Book of Stabbing","floor":30,"turns":4},{"damage":19,"enemies":"Centurion and Healer","floor":31,"turns":7},{"damage":90,"enemies":"Automaton","floor":33,"turns":9},{"damage":38,"enemies":"3 Shapes","floor":35,"turns":5},{"damage":8,"enemies":"Orb Walker","floor":37,"turns":3},{"damage":27,"enemies":"Writhing Mass","floor":41,"turns":6},{"damage":77,"enemies":"Nemesis","floor":42,"turns":7},{"damage":38,"enemies":"Giant Head","floor":45,"turns":6},{"damage":67,"enemies":"2 Orb Walkers","floor":47,"turns":6},{"damage":30,"enemies":"4 Shapes","floor":48,"turns":4},{"damage":52,"enemies":"Time Eater","floor":50,"turns":11},{"damage":75,"enemies":"Awakened One","floor":51,"turns":12}],"seed_played":"-4602771829526928196","potions_obtained":[{"floor":1,"key":"Ancient Potion"},{"floor":2,"key":"Dexterity Potion"},{"floor":16,"key":"Weak Potion"},{"floor":24,"key":"FearPotion"},{"floor":36,"key":"PowerPotion"},{"floor":47,"key":"Explosive Potion"},{"floor":48,"key":"Poison Potion"}],"is_trial":false,"path_per_floor":["M","M","?","M","M","R","M","R","T","E","M","R","?","E","R","B",null,"M","?","$","?","?","R","E","R","T","R","?","M","E","M","R","B",null,"M","?","M","?","?","R","M","E","T","$","E","R","?","M","R","B","B",null],"character_chosen":"IRONCLAD","items_purchased":["Oddly Smooth Stone","Bag of Marbles","Lee\u0027s Waffle","Impervious","Ghostly Armor"],"campfire_rested":6,"item_purchase_floors":[20,20,44,44,44],"current_hp_per_floor":[81,80,80,81,71,71,68,68,68,66,72,72,89,72,72,41,77,92,73,73,45,45,75,87,103,103,103,103,97,98,97,103,35,86,85,85,90,90,70,102,96,57,57,129,132,132,81,92,133,133,86],"gold":175,"neow_bonus":"TWENTY_PERCENT_HP_BONUS","is_prod":false,"is_daily":false,"chose_seed":false,"campfire_upgraded":4,"win_rate":0,"timestamp":1562452959,"path_taken":["M","?","?","?","M","R","M","R","T","E","M","R","?","E","R","BOSS","M","?","$","?","?","R","E","R","T","R","?","M","E","M","R","BOSS","M","?","?","?","?","R","M","E","T","$","E","R","?","M","R","BOSS","BOSS"],"build_version":"2019-07-05","purchased_purges":0,"victory":true,"max_hp_per_floor":[89,89,89,89,89,89,89,89,89,89,89,89,89,89,89,89,89,92,95,95,100,100,100,103,103,103,103,103,103,103,103,103,103,103,106,106,109,109,109,109,112,122,122,129,132,132,134,139,139,139,139],"card_choices":[{"not_picked":["Rage","Headbutt"],"picked":"Twin Strike","floor":1},{"not_picked":["Bloodletting","Clash"],"picked":"Pommel Strike","floor":2},{"not_picked":["Havoc","Cleave"],"picked":"Spot Weakness","floor":4},{"not_picked":["Iron Wave","Cleave"],"picked":"Shrug It Off","floor":5},{"not_picked":["Evolve","Infernal Blade"],"picked":"Whirlwind","floor":7},{"not_picked":["Sentinel","Headbutt"],"picked":"Body Slam","floor":10},{"not_picked":["True Grit","Clash"],"picked":"Reaper","floor":11},{"not_picked":["Ghostly Armor","Second Wind"],"picked":"Metallicize","floor":14},{"not_picked":["Double Tap","Exhume"],"picked":"Feed","floor":16},{"not_picked":["Combust","Perfected Strike"],"picked":"Pummel","floor":18},{"not_picked":["Searing Blow","Twin Strike"],"picked":"Shockwave+1","floor":19},{"not_picked":["Flame Barrier","Twin Strike"],"picked":"Body Slam","floor":24},{"not_picked":["True Grit","Fiend Fire","Cleave"],"picked":"SKIP","floor":29},{"not_picked":["Blood for Blood+1","Battle Trance","Infernal Blade"],"picked":"SKIP","floor":30},{"not_picked":["Flame Barrier","Cleave+1","Havoc"],"picked":"SKIP","floor":31},{"not_picked":["Feed","Bludgeon"],"picked":"Demon Form","floor":33},{"not_picked":["Sword Boomerang","Perfected Strike","Burning Pact"],"picked":"SKIP","floor":35},{"not_picked":["Anger","Armaments","Rage"],"picked":"SKIP","floor":37},{"not_picked":["Cleave","Anger","Rupture+1"],"picked":"SKIP","floor":41},{"not_picked":["Bloodletting","Rage+1","Dropkick+1"],"picked":"SKIP","floor":42},{"not_picked":["Bloodletting","Iron Wave"],"picked":"Uppercut+1","floor":45},{"not_picked":["Intimidate","Sword Boomerang","Armaments"],"picked":"Singing Bowl","floor":47},{"not_picked":["Infernal Blade","Clothesline","Wild Strike"],"picked":"Singing Bowl","floor":48}],"player_experience":1316109,"relics_obtained":[{"floor":9,"key":"Orichalcum"},{"floor":10,"key":"PreservedInsect"},{"floor":13,"key":"Ornamental Fan"},{"floor":14,"key":"Blood Vial"},{"floor":19,"key":"Red Mask"},{"floor":24,"key":"War Paint"},{"floor":26,"key":"Self Forming Clay"},{"floor":30,"key":"Lantern"},{"floor":42,"key":"Strawberry"},{"floor":43,"key":"Singing Bowl"},{"floor":45,"key":"The Courier"},{"floor":47,"key":"Torii"}],"event_choices":[{"damage_healed":0,"gold_gain":0,"cards_transformed":["Strike_R"],"player_choice":"Transformed","damage_taken":0,"max_hp_gain":0,"max_hp_loss":0,"event_name":"Transmorgrifier","floor":3,"gold_loss":0,"cards_obtained":["Rampage"]},{"damage_healed":0,"gold_gain":0,"player_choice":"Searched \u00272\u0027 times","damage_taken":0,"max_hp_gain":0,"max_hp_loss":0,"event_name":"Dead Adventurer","floor":13,"gold_loss":0},{"damage_healed":0,"gold_gain":0,"player_choice":"Fought Bandits","damage_taken":0,"max_hp_gain":0,"max_hp_loss":0,"event_name":"Masked Bandits","floor":19,"gold_loss":0},{"damage_healed":0,"gold_gain":0,"player_choice":"Shed Blood","damage_taken":33,"max_hp_gain":5,"max_hp_loss":0,"event_name":"Forgotten Altar","floor":21,"gold_loss":0},{"damage_healed":0,"gold_gain":0,"player_choice":"Became a vampire (Vial)","damage_taken":0,"max_hp_gain":0,"max_hp_loss":0,"event_name":"Vampires","floor":22,"relics_lost":["Blood Vial"],"gold_loss":0,"cards_obtained":["Bite","Bite","Bite","Bite","Bite"]},{"cards_removed":["Defend_R"],"damage_healed":0,"gold_gain":0,"player_choice":"Elegance","damage_taken":0,"max_hp_gain":0,"max_hp_loss":0,"event_name":"Back to Basics","floor":28,"gold_loss":0},{"damage_healed":0,"gold_gain":0,"player_choice":"Got Potions","damage_taken":0,"max_hp_gain":0,"max_hp_loss":0,"event_name":"Lab","floor":36,"gold_loss":0},{"damage_healed":0,"gold_gain":222,"player_choice":"Wore Mask","damage_taken":0,"max_hp_gain":0,"max_hp_loss":0,"event_name":"Tomb of Lord Red Mask","floor":38,"gold_loss":0},{"damage_healed":0,"gold_gain":0,"player_choice":"Embrace Madness","damage_taken":20,"max_hp_gain":0,"max_hp_loss":0,"event_name":"Winding Halls","floor":39,"gold_loss":0,"cards_obtained":["Madness","Madness"]},{"damage_healed":0,"gold_gain":0,"player_choice":"Fight","damage_taken":0,"max_hp_gain":0,"max_hp_loss":0,"event_name":"Mysterious Sphere","floor":47,"gold_loss":0}],"is_beta":false,"boss_relics":[{"not_picked":["Black Star","Runic Cube"],"picked":"Fusion Hammer"},{"not_picked":["Mark of Pain","Eternal Feather"],"picked":"Runic Pyramid"}],"items_purged_floors":[],"is_endless":false,"potions_floor_spawned":[1,2,13,14,16,18,24,33,35,47,48],"ascension_level":20}