{"gold_per_floor":[140,150,225,238,251,251,279,279,279,292,320,368,384,384,384,488,488,455,471,471,482,482,482,500,511,562,224,224,224,298,310,310,410,410,424,434,460,471,471,471,86,86,86,86,98,98,111,125,125,125],"floor_reached":50,"playtime":2409,"items_purged":[],"score":481,"play_id":"febd365a-cf18-4d10-bdd7-89945ae6ddc9","local_time":"20190703034408","is_ascension_mode":false,"campfire_choices":[{"data":"Cloak And Dagger","floor":6,"key":"SMITH"},{"floor":8,"key":"REST"},{"floor":15,"key":"REST"},{"data":"Blade Dance","floor":23,"key":"SMITH"},{"floor":28,"key":"REST"},{"floor":32,"key":"REST"},{"floor":40,"key":"REST"},{"floor":44,"key":"DIG"},{"floor":46,"key":"DIG"},{"floor":49,"key":"REST"}],"neow_cost":"NONE","seed_source_timestamp":145473241768047,"circlet_count":0,"master_deck":["Strike_G+1","Strike_G+1","Strike_G+1","Strike_G+1","Strike_G+1","Defend_G+1","Defend_G+1","Defend_G+1","Defend_G+1","Defend_G+1","Survivor","Neutralize","Accuracy","Deadly Poison","Cloak And Dagger+1","Poisoned Stab","Storm of Steel","Leg Sweep","Well Laid Plans","Burst","Backflip+1","Blade Dance+1","A Thousand Cuts","Catalyst+1","Noxious Fumes","Accuracy","Quick Slash","Phantasmal Killer","Heel Hook+1","Distraction+1","Blade Dance+1","Infinite Blades","Terror+1","Parasite","Bouncing Flask+1"],"relics":["Ring of the Snake","Tiny Chest","Singing Bowl","Ornamental Fan","Pantograph","Bag of Preparation","Black Star","PreservedInsect","Mummified Hand","Shuriken","Philosopher\u0027s Stone","Juzu Bracelet","FossilizedHelix","Strawberry","Shovel","Regal Pillow","Ninja Scroll"],"potions_floor_usage":[7,11,16,33,50,50],"damage_taken":[{"damage":0,"enemies":"2 Louse","floor":1,"turns":3},{"damage":2,"enemies":"Cultist","floor":2,"turns":5},{"damage":13,"enemies":"Jaw Worm","floor":4,"turns":8},{"damage":9,"enemies":"Looter","floor":5,"turns":4},{"damage":20,"enemies":"Gremlin Nob","floor":7,"turns":5},{"damage":0,"enemies":"Blue Slaver","floor":10,"turns":4},{"damage":15,"enemies":"Lagavulin","floor":11,"turns":6},{"damage":5,"enemies":"Lots of Slimes","floor":13,"turns":4},{"damage":7,"enemies":"Hexaghost","floor":16,"turns":9},{"damage":4,"enemies":"2 Thieves","floor":18,"turns":5},{"damage":11,"enemies":"3 Byrds","floor":19,"turns":7},{"damage":20,"enemies":"Centurion and Healer","floor":21,"turns":9},{"damage":11,"enemies":"Snake Plant","floor":24,"turns":6},{"damage":20,"enemies":"Snecko","floor":25,"turns":6},{"damage":11,"enemies":"Chosen and Byrds","floor":31,"turns":6},{"damage":32,"enemies":"Champ","floor":33,"turns":12},{"damage":6,"enemies":"3 Shapes","floor":35,"turns":4},{"damage":44,"enemies":"3 Darklings","floor":36,"turns":7},{"damage":17,"enemies":"Jaw Worm Horde","floor":38,"turns":4},{"damage":0,"enemies":"Transient","floor":45,"turns":5},{"damage":8,"enemies":"Writhing Mass","floor":47,"turns":5},{"damage":8,"enemies":"Sphere and 2 Shapes","floor":48,"turns":4},{"damage":79,"enemies":"Time Eater","floor":50,"turns":5}],"seed_played":"-759846868476412105","potions_obtained":[{"floor":2,"key":"Weak Potion"},{"floor":10,"key":"Swift Potion"},{"floor":11,"key":"Weak Potion"},{"floor":13,"key":"EssenceOfSteel"},{"floor":24,"key":"SteroidPotion"},{"floor":31,"key":"Strength Potion"},{"floor":35,"key":"Dexterity Potion"},{"floor":47,"key":"SpeedPotion"}],"is_trial":false,"path_per_floor":["M","M","?","M","M","R","E","R","T","M","E","T","M","?","R","B",null,"M","M","$","M","?","R","M","M","T","$","R","?","T","M","R","B",null,"M","M","T","M","?","R","$","?","T","R","M","R","M","M","R","B"],"character_chosen":"THE_SILENT","items_purchased":["Mummified Hand","Accuracy","Infinite Blades","FossilizedHelix"],"campfire_rested":6,"item_purchase_floors":[27,27,41,41],"current_hp_per_floor":[70,68,61,48,39,39,19,40,40,40,25,25,20,43,64,63,70,66,55,55,35,35,35,24,4,4,4,25,25,25,14,35,28,70,64,20,20,3,3,24,24,31,31,31,31,31,23,17,55,0],"gold":125,"neow_bonus":"RANDOM_COMMON_RELIC","is_prod":false,"is_daily":false,"chose_seed":false,"campfire_upgraded":2,"win_rate":0,"timestamp":1562150648,"path_taken":["M","M","?","M","?","R","E","R","T","M","E","?","M","?","R","BOSS","M","M","$","M","?","R","?","M","T","$","R","?","?","?","R","BOSS","M","M","?","M","?","R","?","?","T","R","M","R","M","M","R","BOSS"],"build_version":"2019-07-01","purchased_purges":0,"victory":false,"max_hp_per_floor":[70,70,70,70,70,70,70,70,70,70,70,70,70,70,70,70,70,70,70,70,70,70,70,70,70,70,70,70,70,70,70,70,70,70,70,70,70,70,70,70,70,77,77,77,77,77,77,79,79,79],"card_choices":[{"not_picked":["Acrobatics","Bane"],"picked":"Tactician","floor":1},{"not_picked":["Dagger Throw","Dodge and Roll"],"picked":"Accuracy","floor":2},{"not_picked":["Deflect","Tactician"],"picked":"Deadly Poison","floor":4},{"not_picked":["Leg Sweep","Outmaneuver"],"picked":"Cloak And Dagger","floor":5},{"not_picked":["Outmaneuver","Prepared"],"picked":"Poisoned Stab","floor":7},{"not_picked":["All Out Attack","Bane"],"picked":"Storm of Steel","floor":10},{"not_picked":["Poisoned Stab","Storm of Steel"],"picked":"Leg Sweep","floor":11},{"not_picked":["Dagger Throw","Slice"],"picked":"Well Laid Plans","floor":13},{"not_picked":["Doppelganger","Venomology"],"picked":"Burst","floor":16},{"not_picked":["Deadly Poison+1","Dodge and Roll"],"picked":"Backstab","floor":18},{"not_picked":["Riddle With Holes","Sucker Punch"],"picked":"Backflip+1","floor":19},{"not_picked":["Slice","Prepared"],"picked":"Blade Dance","floor":21},{"not_picked":["Caltrops","Dash"],"picked":"Catalyst+1","floor":24},{"not_picked":["Bane","Finisher"],"picked":"Noxious Fumes","floor":25},{"not_picked":["Deadly Poison","Slice"],"picked":"Quick Slash","floor":31},{"not_picked":["Wraith Form v2","Malaise"],"picked":"Phantasmal Killer","floor":33},{"not_picked":["Masterful Stab+1","Prepared"],"picked":"Heel Hook+1","floor":35},{"not_picked":["Slice+1","Outmaneuver+1"],"picked":"Distraction+1","floor":36},{"not_picked":["Slice","Leg Sweep+1"],"picked":"Blade Dance+1","floor":38},{"not_picked":["Leg Sweep+1","Flechettes"],"picked":"Terror+1","floor":45},{"not_picked":["Cloak And Dagger+1","Backflip"],"picked":"Bouncing Flask+1","floor":47},{"not_picked":["Eviscerate","Outmaneuver+1","Expertise"],"picked":"Singing Bowl","floor":48}],"player_experience":472806,"relics_obtained":[{"floor":7,"key":"Singing Bowl"},{"floor":9,"key":"Ornamental Fan"},{"floor":11,"key":"Pantograph"},{"floor":12,"key":"Bag of Preparation"},{"floor":26,"key":"PreservedInsect"},{"floor":30,"key":"Shuriken"},{"floor":37,"key":"Juzu Bracelet"},{"floor":43,"key":"Shovel"},{"floor":44,"key":"Regal Pillow"},{"floor":46,"key":"Ninja Scroll"}],"event_choices":[{"damage_healed":0,"gold_gain":75,"player_choice":"Touch","damage_taken":7,"max_hp_gain":0,"max_hp_loss":0,"event_name":"FaceTrader","floor":3,"gold_loss":0},{"damage_healed":23,"gold_gain":0,"player_choice":"Banana","damage_taken":0,"max_hp_gain":0,"max_hp_loss":0,"event_name":"Big Fish","floor":14,"gold_loss":0},{"damage_healed":0,"gold_gain":0,"cards_transformed":["Tactician"],"player_choice":"Transformed","damage_taken":0,"max_hp_gain":0,"max_hp_loss":0,"event_name":"Transmorgrifier","floor":22,"gold_loss":0,"cards_obtained":["A Thousand Cuts"]},{"damage_healed":0,"gold_gain":0,"player_choice":"Simplicity","damage_taken":0,"max_hp_gain":0,"max_hp_loss":0,"event_name":"Back to Basics","floor":29,"gold_loss":0,"cards_upgraded":["Strike_G","Strike_G","Strike_G","Strike_G","Strike_G","Defend_G","Defend_G","Defend_G","Defend_G","Defend_G"]},{"cards_removed":["Backstab"],"damage_healed":0,"gold_gain":0,"player_choice":"Removed Attack","damage_taken":0,"max_hp_gain":0,"max_hp_loss":0,"event_name":"Falling","floor":39,"gold_loss":0},{"damage_healed":0,"gold_gain":0,"player_choice":"Gave Potion","damage_taken":0,"relics_obtained":["Strawberry"],"max_hp_gain":0,"max_hp_loss":0,"event_name":"WeMeetAgain","floor":42,"gold_loss":0}],"is_beta":false,"boss_relics":[{"not_picked":["Busted Crown","Eternal Feather"],"picked":"Black Star"},{"not_picked":["Calling Bell","Runic Dome"],"picked":"Philosopher\u0027s Stone"}],"items_purged_floors":[],"is_endless":false,"potions_floor_spawned":[2,10,11,13,24,31,35,47],"killed_by":"Time Eater","ascension_level":0}