{"gold_per_floor":[114,129,144,159,87,87,117,132,132,147,162,177,177,192,192,192],"floor_reached":16,"playtime":901,"items_purged":[],"score":133,"play_id":"fec76116-754a-4fdd-bf7b-157ff5a99fc3","local_time":"20190102225903","daily_mods":["Specialized","Diverse","DeadlyEvents"],"is_ascension_mode":false,"campfire_choices":[{"data":"Well Laid Plans","floor":6,"key":"SMITH"},{"floor":15,"key":"REST"}],"neow_cost":"","seed_source_timestamp":0,"circlet_count":0,"master_deck":["Strike_B","Strike_B","Strike_B","Strike_B","Defend_B","Defend_B","Defend_B","Defend_B","Zap","Dualcast","Shrug It Off","Shrug It Off","Shrug It Off","Shrug It Off","Shrug It Off","Cloak And Dagger","Acrobatics","Glacier","Well Laid Plans+1","Adrenaline","Blade Dance","Hologram","Chaos","Flying Knee","Setup"],"special_seed":17899,"relics":["Cracked Core","Sundial","The Courier"],"potions_floor_usage":[],"damage_taken":[{"damage":0,"enemies":"Jaw Worm","floor":1,"turns":4},{"damage":0,"enemies":"2 Louse","floor":2,"turns":3},{"damage":0,"enemies":"Small Slimes","floor":3,"turns":3},{"damage":0,"enemies":"Blue Slaver","floor":4,"turns":4},{"damage":57,"enemies":"Gremlin Nob","floor":7,"turns":6},{"damage":0,"enemies":"Red Slaver","floor":8,"turns":5},{"damage":0,"enemies":"Large Slime","floor":10,"turns":7},{"damage":0,"enemies":"3 Louse","floor":11,"turns":3},{"damage":0,"enemies":"Red Slaver","floor":12,"turns":4},{"damage":0,"enemies":"2 Fungi Beasts","floor":14,"turns":3},{"damage":43,"enemies":"Slime Boss","floor":16,"turns":8}],"seed_played":"6069031500032485637","potions_obtained":[{"floor":1,"key":"FocusPotion"},{"floor":4,"key":"Energy Potion"},{"floor":11,"key":"SkillPotion"}],"is_trial":false,"path_per_floor":["M","M","M","M","$","R","E","M","T","M","M","M","?","M","R","B"],"character_chosen":"DEFECT","items_purchased":["Well Laid Plans"],"campfire_rested":1,"item_purchase_floors":[5],"current_hp_per_floor":[75,75,75,75,75,75,18,18,18,18,18,18,11,11,33,0],"gold":192,"neow_bonus":"","is_prod":false,"is_daily":true,"chose_seed":false,"campfire_upgraded":1,"win_rate":0,"timestamp":1546498743,"path_taken":["M","M","M","M","$","R","E","M","T","M","M","M","?","M","R","BOSS"],"build_version":"2018-12-20","purchased_purges":0,"victory":false,"max_hp_per_floor":[75,75,75,75,75,75,75,75,75,75,75,75,75,75,75,75],"card_choices":[{"not_picked":["Steam","Go for the Eyes"],"picked":"Cloak And Dagger","floor":1},{"not_picked":["Dropkick","Cloak And Dagger"],"picked":"Entrench","floor":2},{"not_picked":["Twin Strike","Scrape"],"picked":"Acrobatics","floor":3},{"not_picked":["Wild Strike","Backstab"],"picked":"Glacier","floor":4},{"not_picked":["Dropkick","Expertise"],"picked":"Adrenaline","floor":7},{"not_picked":["Steam","Sucker Punch"],"picked":"Blade Dance","floor":8},{"not_picked":["Slice","Twin Strike"],"picked":"Hologram","floor":10},{"not_picked":["Steam Power","Go for the Eyes"],"picked":"Chaos","floor":11},{"not_picked":["Sever Soul","Ball Lightning"],"picked":"Flying Knee","floor":12},{"not_picked":["Leap","Wild Strike"],"picked":"Setup","floor":14}],"player_experience":149197,"relics_obtained":[{"floor":7,"key":"Sundial"},{"floor":9,"key":"The Courier"}],"event_choices":[{"cards_removed":["Entrench"],"damage_healed":0,"gold_gain":0,"player_choice":"Card Removal","damage_taken":7,"max_hp_gain":0,"max_hp_loss":0,"event_name":"Golden Wing","floor":13,"gold_loss":0}],"is_beta":false,"boss_relics":[],"items_purged_floors":[],"is_endless":false,"potions_floor_spawned":[1,4,11,12],"killed_by":"Slime Boss","ascension_level":0}