{"gold_per_floor":[109,284,297,372,372,398,398,431,431,431,442,19,19,19,19,114,114,132,132,143,143,158,193,207,207,207,219,140,154,169,194,194,290,290,309,309,321,301,313,345,345,377,377,377,377,377],"floor_reached":46,"playtime":2754,"items_purged":["Doubt"],"score":656,"play_id":"b8eaf765-baa1-4a94-a6b5-170dacbb3a66","local_time":"20190527160018","is_ascension_mode":true,"campfire_choices":[{"data":"Zap","floor":7.0,"key":"SMITH"},{"floor":10.0,"key":"REST"},{"data":"Fission","floor":15.0,"key":"SMITH"},{"data":"Consume","floor":25.0,"key":"SMITH"},{"floor":32,"key":"REST"},{"floor":41,"key":"REST"},{"data":"Coolheaded","floor":45,"key":"SMITH"}],"neow_cost":"NONE","seed_source_timestamp":0,"circlet_count":0,"master_deck":["Strike_B","Strike_B","Strike_B","Defend_B","Defend_B","Defend_B","Defend_B","Zap+1","Dualcast","Sweeping Beam","Coolheaded+1","Fission+1","Fusion","Conserve Battery+1","Doom and Gloom","Self Repair","Electrodynamics","Leap","Cold Snap","BootSequence+1","Consume+1","Hologram+1","Conserve Battery+1","Defragment+1","Double Energy+1","Multi-Cast+1","Steam","Reinforced Body+1","Rainbow+1","Self Repair+1"],"special_seed":0,"relics":["Cracked Core","Letter Opener","Bronze Scales","Happy Flower","Gremlin Horn","Velvet Choker","Frozen Egg 2","Gambling Chip","Dream Catcher","Busted Crown","CultistMask","War Paint","Symbiotic Virus","Pen Nib"],"potions_floor_usage":[35,40,42,42,42],"damage_taken":[{"damage":2.0,"enemies":"Jaw Worm","floor":1.0,"turns":4.0},{"damage":0.0,"enemies":"2 Louse","floor":3.0,"turns":2.0},{"damage":27.0,"enemies":"3 Sentries","floor":6.0,"turns":9.0},{"damage":36.0,"enemies":"Lagavulin","floor":8.0,"turns":7.0},{"damage":0.0,"enemies":"Cultist","floor":11.0,"turns":3.0},{"damage":5.0,"enemies":"The Guardian","floor":16.0,"turns":11.0},{"damage":23.0,"enemies":"Spheric Guardian","floor":18.0,"turns":4.0},{"damage":4.0,"enemies":"Shell Parasite","floor":20.0,"turns":5.0},{"damage":22.0,"enemies":"Snake Plant","floor":22.0,"turns":3.0},{"damage":21.0,"enemies":"Slavers","floor":23.0,"turns":3.0},{"damage":6.0,"enemies":"Snecko","floor":24.0,"turns":5.0},{"damage":24.0,"enemies":"Centurion and Healer","floor":27.0,"turns":6.0},{"damage":14.0,"enemies":"Shelled Parasite and Fungi","floor":29.0,"turns":6.0},{"damage":7.0,"enemies":"Snake Plant","floor":30.0,"turns":4.0},{"damage":12,"enemies":"Book of Stabbing","floor":31,"turns":3},{"damage":19,"enemies":"Champ","floor":33,"turns":10},{"damage":0,"enemies":"Orb Walker","floor":35,"turns":2},{"damage":19,"enemies":"3 Shapes","floor":37,"turns":4},{"damage":10,"enemies":"Writhing Mass","floor":39,"turns":4},{"damage":35,"enemies":"Nemesis","floor":40,"turns":9},{"damage":22,"enemies":"Reptomancer","floor":42,"turns":4},{"damage":129,"enemies":"Giant Head","floor":46,"turns":8}],"seed_played":"-7930870549545048155","potions_obtained":[{"floor":0.0,"key":"Fire Potion"},{"floor":0.0,"key":"Poison Potion"},{"floor":0.0,"key":"Regen Potion"},{"floor":5.0,"key":"Fruit Juice"},{"floor":5.0,"key":"AttackPotion"},{"floor":16.0,"key":"SpeedPotion"},{"floor":20.0,"key":"Poison Potion"},{"floor":22.0,"key":"Weak Potion"},{"floor":29.0,"key":"AttackPotion"},{"floor":38,"key":"PowerPotion"},{"floor":40,"key":"EssenceOfSteel"}],"is_trial":false,"path_per_floor":["M","?","M","?","?","E","R","E","T","R","M","$","?","$","R","B",null,"M","?","M","?","M","E","M","R","T","M","$","M","M","E","R","B",null,"M","?","M","?","M","E","R","E","T","?","R","E"],"character_chosen":"DEFECT","items_purchased":["Doom and Gloom","Gremlin Horn","Self Repair","Defragment+1"],"campfire_rested":3,"item_purchase_floors":[12,12,12,28],"current_hp_per_floor":[73,73,73,62,67,40,40,4,4,28,28,28,28,28,28,30,80,64,64,67,80,65,53,54,54,54,37,37,30,30,18,42,30,80,80,80,78,78,78,60,80,75,75,75,75,0],"gold":377,"neow_bonus":"THREE_SMALL_POTIONS","is_prod":false,"is_daily":false,"chose_seed":false,"campfire_upgraded":4,"win_rate":0,"timestamp":1558987218,"path_taken":["M","?","M","?","?","E","R","E","T","R","?","?","?","$","R","BOSS","M","?","?","?","M","E","M","R","T","M","$","?","M","E","R","BOSS","M","?","?","?","?","E","R","E","T","?","R","E"],"build_version":"2019-01-23","purchased_purges":1,"victory":false,"max_hp_per_floor":[75,75,75,75,80,80,80,80,80,80,80,80,80,80,80,80,80,80,80,80,80,80,80,80,80,80,80,80,80,80,80,80,80,80,80,80,80,80,80,80,80,80,80,80,80,80],"card_choices":[{"not_picked":["Leap","Barrage"],"picked":"Sweeping Beam","floor":1.0},{"not_picked":["Compile Driver","Hologram"],"picked":"Coolheaded","floor":3.0},{"not_picked":["Tempest","Aggregate"],"picked":"Fission","floor":6.0},{"not_picked":["Steam Power","Beam Cell"],"picked":"Fusion","floor":8.0},{"not_picked":["Barrage","Streamline"],"picked":"Conserve Battery","floor":11.0},{"not_picked":["Reboot","Core Surge"],"picked":"Electrodynamics","floor":16.0},{"not_picked":["Loop","Sweeping Beam"],"picked":"Leap","floor":18.0},{"not_picked":["Turbo","Reprogram"],"picked":"Cold Snap","floor":20.0},{"not_picked":["Self Repair","Steam"],"picked":"BootSequence+1","floor":22.0},{"not_picked":["Amplify","Beam Cell"],"picked":"Consume","floor":23.0},{"not_picked":["Coolheaded","Stack"],"picked":"Hologram+1","floor":24.0},{"not_picked":["Redo","Aggregate"],"picked":"Conserve Battery+1","floor":27.0},{"not_picked":["Coolheaded+1","Skim"],"picked":"Double Energy+1","floor":29.0},{"not_picked":["Storm+1","Heatsinks+1"],"picked":"Multi-Cast","floor":30.0},{"not_picked":["Stack+1","Hologram"],"picked":"Steam","floor":31},{"not_picked":["Rebound","Hello World+1"],"picked":"Reinforced Body+1","floor":32},{"not_picked":["Reboot","Hyperbeam"],"picked":"Rainbow","floor":33},{"not_picked":[],"picked":"Self Repair+1","floor":35},{"not_picked":["Go for the Eyes"],"picked":"SKIP","floor":37},{"not_picked":["Compile Driver"],"picked":"SKIP","floor":39},{"not_picked":["Genetic Algorithm+1"],"picked":"SKIP","floor":40},{"not_picked":["Rebound"],"picked":"SKIP","floor":42}],"player_experience":390720,"relics_obtained":[{"floor":6.0,"key":"Letter Opener"},{"floor":8.0,"key":"Bronze Scales"},{"floor":9.0,"key":"Happy Flower"},{"floor":23.0,"key":"Frozen Egg 2"},{"floor":26.0,"key":"Gambling Chip"},{"floor":31,"key":"Dream Catcher"},{"floor":40,"key":"War Paint"},{"floor":42,"key":"Symbiotic Virus"},{"floor":43,"key":"Pen Nib"}],"event_choices":[{"damage_healed":0.0,"max_hp_gain":0.0,"max_hp_loss":0.0,"gold_gain":175.0,"event_name":"Liars Game","player_choice":"AGREE","floor":2.0,"gold_loss":0.0,"damage_taken":0.0,"cards_obtained":["Doubt"]},{"damage_healed":0.0,"max_hp_gain":0.0,"max_hp_loss":0.0,"gold_gain":75.0,"event_name":"World of Goop","player_choice":"Gather Gold","floor":4.0,"gold_loss":0.0,"damage_taken":11.0},{"damage_healed":0.0,"max_hp_gain":0.0,"max_hp_loss":0.0,"gold_gain":0.0,"event_name":"Lab","player_choice":"Got Potions","floor":5.0,"gold_loss":0.0,"damage_taken":0.0},{"damage_healed":0.0,"max_hp_gain":0.0,"max_hp_loss":0.0,"gold_gain":0.0,"event_name":"The Cleric","player_choice":"Leave","floor":13.0,"gold_loss":0.0,"damage_taken":0.0},{"damage_healed":0.0,"max_hp_gain":0.0,"max_hp_loss":0.0,"gold_gain":0.0,"cards_transformed":["Strike_B"],"event_name":"Transmorgrifier","player_choice":"Transformed","floor":19.0,"gold_loss":0.0,"damage_taken":0.0,"cards_obtained":["Heatsinks"]},{"cards_removed":["Heatsinks"],"damage_healed":13.0,"max_hp_gain":0.0,"max_hp_loss":0.0,"gold_gain":0.0,"event_name":"Bonfire Elementals","player_choice":"Offered Uncommon","floor":21.0,"gold_loss":0.0,"damage_taken":0.0},{"damage_healed":0,"gold_gain":0,"player_choice":"Trade","damage_taken":0,"relics_obtained":["CultistMask"],"max_hp_gain":0,"max_hp_loss":0,"event_name":"FaceTrader","floor":36,"gold_loss":0},{"damage_healed":0,"gold_gain":0,"player_choice":"Bought 1 Potion","damage_taken":0,"max_hp_gain":0,"max_hp_loss":0,"event_name":"The Woman in Blue","floor":38,"gold_loss":0},{"damage_healed":0,"gold_gain":0,"player_choice":"Upgraded","damage_taken":0,"max_hp_gain":0,"max_hp_loss":0,"event_name":"Upgrade Shrine","floor":44,"gold_loss":0,"cards_upgraded":["Rainbow"]}],"is_beta":false,"boss_relics":[{"not_picked":["Black Star","Snecko Eye"],"picked":"Velvet Choker"},{"not_picked":["FrozenCore","Lizard Tail"],"picked":"Busted Crown"}],"items_purged_floors":[12],"is_endless":false,"potions_floor_spawned":[3,16,20,22,29,30,33,40],"killed_by":"Giant Head","ascension_level":4}