{"gold_per_floor":[217,230,105,115,115,149,161,183,195,222,251,263,288,300,312,324],"floor_reached":16,"playtime":457,"items_purged":["Defend_R"],"score":130,"play_id":"fb6b1f27-7a89-4f49-a7b5-aaa02f9cad80","local_time":"20180817224651","is_ascension_mode":true,"campfire_choices":[{"data":"Heavy Blade","floor":7,"key":"SMITH"},{"floor":12,"key":"REST"},{"floor":15,"key":"REST"}],"neow_cost":"NONE","seed_source_timestamp":129651402067860,"circlet_count":0,"master_deck":["Strike_R","Strike_R","Strike_R","Strike_R","Strike_R","Defend_R","Defend_R","Defend_R","Bash","Flex","Heavy Blade+1","Clash"],"relics":["Burning Blood","MawBank","Frozen Egg 2","Golden Idol"],"potions_floor_usage":[],"damage_taken":[{"damage":11,"enemies":"Small Slimes","floor":1,"turns":5},{"damage":2,"enemies":"2 Louse","floor":2,"turns":4},{"damage":9,"enemies":"Jaw Worm","floor":4,"turns":3},{"damage":45,"enemies":"Lagavulin","floor":6,"turns":8},{"damage":6,"enemies":"Looter","floor":8,"turns":2},{"damage":16,"enemies":"Blue Slaver","floor":10,"turns":3},{"damage":26,"enemies":"Large Slime","floor":11,"turns":5},{"damage":11,"enemies":"2 Fungi Beasts","floor":13,"turns":3},{"damage":56,"enemies":"The Guardian","floor":16,"turns":13}],"seed_played":"-497609689962788327","potions_obtained":[{"floor":2,"key":"Explosive Potion"},{"floor":10,"key":"Energy Potion"},{"floor":11,"key":"SkillPotion"}],"is_trial":false,"path_per_floor":["M","M","$","M","?","E","R","M","T","M","M","R","M","?","R"],"character_chosen":"IRONCLAD","items_purchased":["Flex"],"campfire_rested":2,"item_purchase_floors":[3],"current_hp_per_floor":[75,79,79,76,81,42,42,42,42,32,12,37,32,32,55,0],"gold":324,"neow_bonus":"HUNDRED_GOLD","is_prod":false,"is_daily":false,"chose_seed":false,"campfire_upgraded":1,"win_rate":0,"timestamp":1534571211,"path_taken":["M","M","$","M","?","E","R","M","T","M","M","R","M","?","R","BOSS"],"build_version":"2018-08-16","purchased_purges":1,"victory":false,"max_hp_per_floor":[80,80,80,80,85,85,85,85,85,85,85,85,85,79,79,79],"card_choices":[{"not_picked":["Iron Wave","Shrug It Off","Dual Wield"],"picked":"SKIP","floor":1},{"not_picked":["Shrug It Off","Twin Strike","True Grit"],"picked":"SKIP","floor":2},{"not_picked":["Flame Barrier","Havoc"],"picked":"Heavy Blade","floor":4},{"not_picked":["Corruption","Intimidate"],"picked":"Clash","floor":6},{"not_picked":["Metallicize","Headbutt","Wild Strike"],"picked":"SKIP","floor":8},{"not_picked":["Headbutt","Rupture+1","Impervious"],"picked":"SKIP","floor":10},{"not_picked":["Clothesline","Hemokinesis","Entrench"],"picked":"SKIP","floor":11},{"not_picked":["Anger","Ghostly Armor","Headbutt"],"picked":"SKIP","floor":13}],"player_experience":145327,"relics_obtained":[{"floor":6,"key":"MawBank"},{"floor":9,"key":"Frozen Egg 2"}],"event_choices":[{"event_name":"Big Fish","player_choice":"Donut","floor":5,"damage_taken":0},{"event_name":"Golden Idol","player_choice":"Lose Max HP","floor":14,"damage_taken":0}],"is_beta":false,"boss_relics":[],"items_purged_floors":[3],"is_endless":false,"potions_floor_spawned":[2,10,11],"killed_by":"The Guardian","ascension_level":5}