{"gold_per_floor":[109,124,141,156,156,190,190,219,219,219,174,44,58,58,58,137,137,155,175,90,46,46,46,373,389,414,427,427,447,447,292,292,292],"floor_reached":33,"playtime":1855,"items_purged":["Strike_G","Strike_G"],"score":495,"play_id":"10ae8f8f-9451-4213-a45c-6550ed96be0a","local_time":"20190705164353","is_ascension_mode":true,"campfire_choices":[{"data":"Bane","floor":7.0,"key":"SMITH"},{"data":"Caltrops","floor":10.0,"key":"SMITH"},{"data":"Cloak And Dagger","floor":15.0,"key":"SMITH"},{"floor":23.0,"key":"REST"},{"floor":28,"key":"REST"},{"floor":30,"key":"REST"},{"floor":32,"key":"REST"}],"neow_cost":"NONE","seed_source_timestamp":1151509983563274,"circlet_count":0,"master_deck":["AscendersBane","Strike_G","Strike_G","Strike_G","Defend_G","Defend_G","Defend_G","Defend_G","Defend_G","Survivor","Neutralize+1","Well Laid Plans","Poisoned Stab","Dagger Throw","Bane+1","Dagger Throw","Caltrops+1","Cloak And Dagger+1","Die Die Die","Cloak And Dagger","All Out Attack","Leg Sweep","Escape Plan+1","Backflip","PiercingWail"],"special_seed":0,"relics":["Ring of the Snake","Happy Flower","Pantograph","WingedGreaves","Runic Pyramid","Pocketwatch","Old Coin","Centennial Puzzle"],"potions_floor_usage":[25,27],"damage_taken":[{"damage":7.0,"enemies":"Jaw Worm","floor":1.0,"turns":6.0},{"damage":4.0,"enemies":"2 Louse","floor":2.0,"turns":3.0},{"damage":0.0,"enemies":"Small Slimes","floor":3.0,"turns":3.0},{"damage":0.0,"enemies":"2 Fungi Beasts","floor":4.0,"turns":3.0},{"damage":15.0,"enemies":"Gremlin Nob","floor":6.0,"turns":4.0},{"damage":22.0,"enemies":"Lagavulin","floor":8.0,"turns":4.0},{"damage":9.0,"enemies":"Exordium Wildlife","floor":13.0,"turns":5.0},{"damage":24.0,"enemies":"The Guardian","floor":16.0,"turns":10.0},{"damage":23.0,"enemies":"2 Thieves","floor":18.0,"turns":4.0},{"damage":22.0,"enemies":"Shell Parasite","floor":19.0,"turns":5.0},{"damage":8.0,"enemies":"Slavers","floor":24.0,"turns":5.0},{"damage":14,"enemies":"Snake Plant","floor":25,"turns":4},{"damage":0,"enemies":"Snecko","floor":27,"turns":5},{"damage":16,"enemies":"3 Cultists","floor":29,"turns":5},{"damage":69,"enemies":"Collector","floor":33,"turns":11}],"seed_played":"-2712622130820402270","potions_obtained":[{"floor":6.0,"key":"SkillPotion"},{"floor":13.0,"key":"FearPotion"},{"floor":16.0,"key":"GhostInAJar"},{"floor":25,"key":"PowerPotion"},{"floor":29,"key":"Weak Potion"}],"is_trial":false,"path_per_floor":["M","M","M","M","?","E","R","E","T","R","?","$","M","?","R","B",null,"M","M","?","$","?","R","E","M","T","M","R","M","R","$","R","B"],"character_chosen":"THE_SILENT","items_purchased":["Poison Potion","Leg Sweep","PiercingWail"],"campfire_rested":4,"item_purchase_floors":[12,21,31],"current_hp_per_floor":[52,48,48,48,66,51,51,29,29,29,29,29,20,20,20,21,55,32,10,10,10,10,29,21,7,7,7,26,10,29,29,48,0],"gold":292,"neow_bonus":"UPGRADE_CARD","is_prod":false,"is_daily":false,"chose_seed":false,"campfire_upgraded":3,"win_rate":0,"timestamp":1562363033,"path_taken":["M","M","M","M","?","E","R","E","T","R","?","$","M","?","R","BOSS","M","M","?","$","?","R","E","M","T","M","R","M","R","?","R","BOSS"],"build_version":"2019-07-01","purchased_purges":2,"victory":false,"max_hp_per_floor":[66,66,66,66,66,66,66,66,66,66,66,66,66,66,66,66,66,66,66,66,66,66,66,66,66,66,66,66,66,66,66,66,66],"card_choices":[{"not_picked":["Quick Slash","Dagger Spray"],"picked":"Well Laid Plans","floor":1.0},{"not_picked":["PiercingWail","Blur"],"picked":"Poisoned Stab","floor":2.0},{"not_picked":["After Image","Bane"],"picked":"Dagger Throw","floor":3.0},{"not_picked":["Underhanded Strike","Dodge and Roll"],"picked":"Bane","floor":4.0},{"not_picked":["Deflect","Acrobatics"],"picked":"Dagger Throw","floor":6.0},{"not_picked":["Terror","Concentrate"],"picked":"Caltrops","floor":8.0},{"not_picked":["Flying Knee","Quick Slash"],"picked":"Cloak And Dagger","floor":13.0},{"not_picked":["Bullet Time","Doppelganger"],"picked":"Die Die Die","floor":16.0},{"not_picked":["Dagger Spray","Dagger Throw"],"picked":"Cloak And Dagger","floor":18.0},{"not_picked":["Blade Dance","Caltrops"],"picked":"All Out Attack","floor":19.0},{"not_picked":["Wraith Form v2","Setup"],"picked":"Escape Plan+1","floor":24.0},{"not_picked":["Slice","Distraction","Bane"],"picked":"SKIP","floor":25},{"not_picked":["Bane","Underhanded Strike+1","Infinite Blades"],"picked":"SKIP","floor":27},{"not_picked":["Sucker Punch","Finisher"],"picked":"Backflip","floor":29}],"player_experience":143841,"relics_obtained":[{"floor":6.0,"key":"Happy Flower"},{"floor":8.0,"key":"Pantograph"},{"floor":9.0,"key":"WingedGreaves"},{"floor":24.0,"key":"Old Coin"},{"floor":26,"key":"Centennial Puzzle"}],"event_choices":[{"damage_healed":22.0,"max_hp_gain":0.0,"max_hp_loss":0.0,"gold_gain":0.0,"event_name":"Big Fish","player_choice":"Banana","floor":5.0,"gold_loss":0.0,"damage_taken":0.0},{"damage_healed":0.0,"max_hp_gain":0.0,"max_hp_loss":0.0,"gold_gain":0.0,"event_name":"World of Goop","player_choice":"Left Gold","floor":11.0,"gold_loss":45.0,"damage_taken":0.0},{"damage_healed":0.0,"max_hp_gain":0.0,"max_hp_loss":0.0,"gold_gain":0.0,"event_name":"Shining Light","player_choice":"Ignored","floor":14.0,"gold_loss":0.0,"damage_taken":0.0},{"damage_healed":0.0,"max_hp_gain":0.0,"max_hp_loss":0.0,"gold_gain":0.0,"event_name":"Addict","player_choice":"Obtained Relic","floor":20.0,"gold_loss":85.0,"damage_taken":0.0,"relics_obtained":["Pocketwatch"]},{"damage_healed":0.0,"max_hp_gain":0.0,"max_hp_loss":0.0,"gold_gain":0.0,"event_name":"Cursed Tome","player_choice":"Ignored","floor":22.0,"gold_loss":0.0,"damage_taken":0.0}],"is_beta":false,"boss_relics":[{"not_picked":["Busted Crown","Ring of the Serpent"],"picked":"Runic Pyramid"}],"items_purged_floors":[12,31],"is_endless":false,"potions_floor_spawned":[6,13,16,18,25,29],"killed_by":"Collector","ascension_level":16}