{"gold_per_floor":[362,71,88,53,328,353,353,373,373,373,387,7,23,34,34,135,135,150,5,16,36,54,54,2,28,52,52,82,94,109,144,144,245,245,256,272,112,130,144,144,155,155,155,155,190,190,208,208,208,208],"floor_reached":51,"playtime":9006,"items_purged":["Regret","Shame"],"score":802,"play_id":"d5a6482b-8b76-4405-8a41-0c8d7756062d","local_time":"20190613200127","is_ascension_mode":true,"campfire_choices":[{"floor":7,"key":"REST"},{"floor":10,"key":"REST"},{"data":"Well Laid Plans","floor":15,"key":"SMITH"},{"data":"Burst","floor":23,"key":"SMITH"},{"data":"Tactician","floor":27,"key":"SMITH"},{"data":"Footwork","floor":32,"key":"SMITH"},{"floor":40,"key":"REST"},{"floor":46,"key":"REST"},{"data":"Secret Technique","floor":49,"key":"SMITH"}],"neow_cost":"PERCENT_DAMAGE","seed_source_timestamp":102707786085911,"circlet_count":0,"master_deck":["Defend_G","Defend_G","Defend_G","Defend_G+1","Defend_G+1","Strike_G","Strike_G","Strike_G","Strike_G","Strike_G","Survivor","Neutralize","Acrobatics","Caltrops","PiercingWail","Backflip","Well Laid Plans+1","Prepared","Acrobatics","Secret Technique+1","Backflip","Dagger Throw","Burst+1","Parasite","Parasite","Prepared","After Image","Dodge and Roll","Tactician+1","Escape Plan","After Image","Footwork+1","Quick Slash","Eviscerate","Terror","Slice","Flying Knee","Unload","PiercingWail","Outmaneuver","Blur","Footwork","Acrobatics+1","Footwork","Underhanded Strike+1","Noxious Fumes"],"relics":["Ring of the Snake","Membership Card","Bronze Scales","PreservedInsect","Sundial","Thread and Needle","War Paint","Calling Bell","Blood Vial","Gremlin Horn","Unceasing Top","Tough Bandages","Regal Pillow","Snake Skull","Ninja Scroll","Lizard Tail","Frozen Eye","Bottled Flame","Bag of Marbles"],"potions_floor_usage":[6,11,16,22,22,25,31,31,33,33,38,38,41,45],"damage_taken":[{"damage":4,"enemies":"Cultist","floor":1,"turns":5},{"damage":11,"enemies":"Jaw Worm","floor":3,"turns":4},{"damage":35,"enemies":"Gremlin Nob","floor":6,"turns":5},{"damage":3,"enemies":"Small Slimes","floor":8,"turns":4},{"damage":6,"enemies":"Exordium Wildlife","floor":11,"turns":5},{"damage":0,"enemies":"3 Louse","floor":13,"turns":2},{"damage":6,"enemies":"Large Slime","floor":14,"turns":9},{"damage":10,"enemies":"The Guardian","floor":16,"turns":15},{"damage":20,"enemies":"Spheric Guardian","floor":18,"turns":9},{"damage":0,"enemies":"Chosen","floor":20,"turns":10},{"damage":7,"enemies":"Snake Plant","floor":21,"turns":6},{"damage":5,"enemies":"Centurion and Healer","floor":22,"turns":14},{"damage":7,"enemies":"Book of Stabbing","floor":25,"turns":6},{"damage":6,"enemies":"Gremlin Leader","floor":28,"turns":6},{"damage":0,"enemies":"Shelled Parasite and Fungi","floor":29,"turns":6},{"damage":0,"enemies":"Chosen and Byrds","floor":30,"turns":7},{"damage":0,"enemies":"Slavers","floor":31,"turns":4},{"damage":32,"enemies":"Automaton","floor":33,"turns":14},{"damage":0,"enemies":"3 Shapes","floor":35,"turns":8},{"damage":0,"enemies":"3 Darklings","floor":36,"turns":8},{"damage":46,"enemies":"Transient","floor":38,"turns":5},{"damage":18,"enemies":"Spire Growth","floor":39,"turns":9},{"damage":9,"enemies":"Writhing Mass","floor":41,"turns":7},{"damage":11,"enemies":"Reptomancer","floor":45,"turns":7},{"damage":7,"enemies":"4 Shapes","floor":47,"turns":6},{"damage":75,"enemies":"Awakened One","floor":50,"turns":24}],"seed_played":"8922035976247295920","potions_obtained":[{"floor":1,"key":"SteroidPotion"},{"floor":6,"key":"PowerPotion"},{"floor":8,"key":"Regen Potion"},{"floor":13,"key":"FearPotion"},{"floor":14,"key":"Strength Potion"},{"floor":21,"key":"Strength Potion"},{"floor":22,"key":"Regen Potion"},{"floor":25,"key":"Strength Potion"},{"floor":29,"key":"Block Potion"},{"floor":31,"key":"Weak Potion"},{"floor":33,"key":"FearPotion"},{"floor":36,"key":"AttackPotion"},{"floor":38,"key":"Strength Potion"},{"floor":39,"key":"Weak Potion"},{"floor":45,"key":"Fire Potion"}],"is_trial":false,"path_per_floor":["M","$","M","?","?","E","R","M","T","R","M","$","M","M","R","B",null,"M","$","M","M","M","R","$","E","T","R","E","M","M","E","R","B",null,"M","M","$","M","M","R","M","$","T","?","E","R","M","?","R","B",null],"character_chosen":"THE_SILENT","items_purchased":["Membership Card","Caltrops","Bronze Scales","Thread and Needle","Acrobatics","Secret Technique","War Paint","After Image","Dodge and Roll","Footwork","Quick Slash","Frozen Eye","Blur","Footwork"],"campfire_rested":4,"item_purchase_floors":[2,2,2,12,12,12,12,19,19,24,24,37,37,37],"current_hp_per_floor":[45,45,34,51,51,16,37,34,34,55,63,63,63,57,57,47,70,50,50,52,47,44,44,44,54,54,54,50,52,54,56,56,26,70,70,70,70,24,8,44,37,37,37,37,28,64,59,59,59,30],"gold":208,"neow_bonus":"TWO_FIFTY_GOLD","is_prod":false,"is_daily":false,"chose_seed":false,"campfire_upgraded":5,"win_rate":0,"timestamp":1560481287,"path_taken":["M","$","M","?","?","E","R","M","T","R","M","$","M","M","R","BOSS","M","$","M","M","?","R","$","E","T","R","E","M","M","E","R","BOSS","M","M","$","M","M","R","M","$","T","?","E","R","M","?","R","BOSS"],"build_version":"2019-01-23","purchased_purges":2,"victory":true,"max_hp_per_floor":[70,70,70,70,70,70,70,70,70,70,70,70,70,70,70,70,70,70,70,70,70,70,70,70,70,70,70,70,70,70,70,70,70,70,70,70,70,70,70,70,70,70,70,70,70,70,70,70,70,70],"card_choices":[{"not_picked":["Sucker Punch","Flying Knee"],"picked":"Acrobatics","floor":1},{"not_picked":["Prepared","Distraction"],"picked":"PiercingWail","floor":3},{"not_picked":["Dodge and Roll","Dagger Spray"],"picked":"Backflip","floor":6},{"not_picked":["Caltrops","Backflip"],"picked":"Well Laid Plans","floor":8},{"not_picked":["Flying Knee","Slice"],"picked":"Prepared","floor":11},{"not_picked":["Poisoned Stab","Underhanded Strike"],"picked":"Backflip","floor":13},{"not_picked":["Deflect","Backstab"],"picked":"Dagger Throw","floor":14},{"not_picked":["Doppelganger","Wraith Form v2"],"picked":"Burst","floor":16},{"not_picked":["PiercingWail","All Out Attack"],"picked":"Prepared","floor":18},{"not_picked":["Backflip","Terror"],"picked":"Tactician","floor":20},{"not_picked":["Poisoned Stab+1","Deflect"],"picked":"Escape Plan","floor":21},{"not_picked":["Underhanded Strike","Calculated Gamble"],"picked":"After Image","floor":22},{"not_picked":["Finisher","Deadly Poison"],"picked":"Eviscerate","floor":25},{"not_picked":["Masterful Stab+1","Cloak And Dagger"],"picked":"Terror","floor":28},{"not_picked":["Outmaneuver","Sucker Punch"],"picked":"Flechettes","floor":29},{"not_picked":["Poisoned Stab","Sucker Punch"],"picked":"Slice","floor":30},{"not_picked":["Bane","Terror"],"picked":"Flying Knee","floor":31},{"not_picked":["Glass Knife","Corpse Explosion"],"picked":"Unload","floor":33},{"not_picked":["Flechettes","Riddle With Holes"],"picked":"PiercingWail","floor":35},{"not_picked":["Crippling Poison","Dagger Spray"],"picked":"Outmaneuver","floor":36},{"not_picked":["Finisher+1","Infinite Blades"],"picked":"Acrobatics+1","floor":38},{"not_picked":["Setup","Expertise"],"picked":"Footwork","floor":39},{"not_picked":["Terror+1","Backflip","Deadly Poison"],"picked":"SKIP","floor":41},{"not_picked":["Acrobatics","Deflect+1"],"picked":"Underhanded Strike+1","floor":45},{"not_picked":["Leg Sweep","Distraction"],"picked":"Noxious Fumes","floor":47}],"player_experience":227955,"relics_obtained":[{"floor":6,"key":"PreservedInsect"},{"floor":9,"key":"Sundial"},{"floor":17,"key":"Blood Vial"},{"floor":17,"key":"Gremlin Horn"},{"floor":17,"key":"Unceasing Top"},{"floor":25,"key":"Tough Bandages"},{"floor":26,"key":"Regal Pillow"},{"floor":28,"key":"Snake Skull"},{"floor":31,"key":"Ninja Scroll"},{"floor":43,"key":"Bottled Flame"},{"floor":45,"key":"Bag of Marbles"}],"event_choices":[{"damage_healed":17,"gold_gain":0,"player_choice":"Healed","damage_taken":0,"max_hp_gain":0,"max_hp_loss":0,"event_name":"The Cleric","floor":4,"gold_loss":35},{"damage_healed":0,"gold_gain":275,"player_choice":"Desecrate","damage_taken":0,"max_hp_gain":0,"max_hp_loss":0,"event_name":"Golden Shrine","floor":5,"gold_loss":0,"cards_obtained":["Regret"]},{"cards_removed":["Flechettes"],"damage_healed":0,"gold_gain":0,"player_choice":"Removed Attack","damage_taken":0,"max_hp_gain":0,"max_hp_loss":0,"event_name":"Falling","floor":44,"gold_loss":0},{"damage_healed":0,"gold_gain":0,"player_choice":"Ignored","damage_taken":0,"max_hp_gain":0,"max_hp_loss":0,"event_name":"Tomb of Lord Red Mask","floor":48,"gold_loss":0}],"is_beta":false,"boss_relics":[{"not_picked":["Runic Dome","Fusion Hammer"],"picked":"Calling Bell"},{"not_picked":["HoveringKite","Philosopher\u0027s Stone"],"picked":"Lizard Tail"}],"items_purged_floors":[12,19],"is_endless":false,"potions_floor_spawned":[1,6,8,13,14,21,22,25,29,31,33,36,38,39,45],"ascension_level":1}