{"path_per_floor":["M","M","?","$","M","R","E","M","T","R","?","$","E","M","R","B",null,"M","M","?","$","T","R","E","$","T","M","R","E","R","E","R","B",null,"M","?","M","?","T","R","E","R","T","E","M","R","M","M","R"],"character_chosen":"THE_SILENT","items_purchased":["Ninja Scroll","Cloak And Dagger","Footwork"],"gold_per_floor":[364,377,327,7,19,19,45,57,57,57,78,32,62,78,78,173,173,189,201,201,31,31,31,63,63,87,98,98,129,129,160,160,264,264,279,279,290,290,290,290,315,315,315,341,360,360,371,383,383],"floor_reached":50,"campfire_rested":3,"playtime":4173,"current_hp_per_floor":[61,61,61,61,59,59,33,33,33,33,29,29,22,22,40,26,63,63,57,57,57,57,57,48,48,48,34,34,15,15,10,28,21,63,63,53,42,42,42,42,42,42,42,41,35,35,33,23,41],"items_purged":["Defend_G","Strike_G"],"gold":383,"play_id":"717d7ae2-b748-45bc-baa8-2f11c27c8a10","is_prod":false,"is_daily":false,"campfire_rituals":0,"campfire_upgraded":5,"is_hardmode":false,"path_taken":["M","?","?","$","M","R","E","M","T","R","?","$","E","?","R","BOSS","M","M","?","$","?","R","E","?","T","M","R","E","R","E","R","BOSS","M","?","?","?","?","R","E","R","T","E","M","R","?","M","R","BOSS"],"build_version":"2018-01-18-PROD4","purchased_purges":2,"victory":false,"master_deck":["Defend_G","Defend_G","Defend_G","Defend_G","Strike_G","Strike_G","Strike_G","Neutralize","Leg Sweep","Outmaneuver","Accuracy","Quick Slash","Cloak And Dagger","Escape Plan","Flying Knee","Bullet Time","Predator","Footwork","Slice","Backflip","Blade Dance","Cloak And Dagger","Cloak And Dagger","Madness","Madness","Adrenaline","Prepared","Prepared"],"max_hp_per_floor":[63,63,63,63,63,63,63,63,63,63,63,63,63,63,63,63,63,63,63,63,63,63,63,63,63,63,63,63,63,63,63,63,63,63,63,63,63,63,63,63,63,63,63,63,63,63,63,63,63],"relics":["Ring of the Snake","Ninja Scroll","Lantern","Ginger","Odd Mushroom","Ornamental Fan","Philosopher\u0027s Stone","Dream Catcher","Shuriken","Bronze Scales","Art of War","Shovel","Sozu","The Courier","Oddly Smooth Stone","Vajra","Du-Vu Doll","Prayer Wheel","Thread and Needle"],"campfire_meditates":0,"card_choices":[{"not_picked":["Underhanded Strike","Finisher"],"picked":"Leg Sweep"},{"not_picked":["Backstab","Choke"],"picked":"Outmaneuver"},{"not_picked":["Slice","Cloak And Dagger"],"picked":"Accuracy"},{"not_picked":["Prepared","Concentrate"],"picked":"Quick Slash"},{"not_picked":["Quick Slash","Choke"],"picked":"Escape Plan"},{"not_picked":["Bane","Caltrops"],"picked":"Flying Knee"},{"not_picked":["Phantasmal Killer","Die Die Die"],"picked":"Bullet Time"},{"not_picked":["Crippling Poison","Masterful Stab"],"picked":"Predator"},{"not_picked":["All Out Attack","Flying Knee"],"picked":"Slice"},{"not_picked":["Distraction","Slice"],"picked":"Backflip"},{"not_picked":["Choke","Crippling Poison"],"picked":"Blade Dance"},{"not_picked":["Prepared","Noxious Fumes"],"picked":"Cloak And Dagger"},{"not_picked":["Grand Finale","PiercingWail"],"picked":"Cloak And Dagger"},{"not_picked":["Concentrate","Bouncing Flask"],"picked":"Adrenaline"},{"not_picked":["Backflip","Crippling Poison"],"picked":"Prepared"},{"not_picked":["Dodge and Roll","Outmaneuver"],"picked":"Prepared"}],"player_experience":252637,"potions_floor_usage":[11,16,16,31,31,33,33],"damage_taken":[{"damage":2,"enemies":"Blue Slaver","floor":1,"turns":7},{"damage":0,"enemies":"Small Slimes","floor":2,"turns":5},{"damage":2,"enemies":"2 Louse","floor":5,"turns":4},{"damage":26,"enemies":"Lagavulin","floor":7,"turns":10},{"damage":0,"enemies":"Lots of Slimes","floor":8,"turns":3},{"damage":4,"enemies":"The Mushroom Lair","floor":11,"turns":3},{"damage":7,"enemies":"Gremlin Nob","floor":13,"turns":4},{"damage":0,"enemies":"Looter","floor":14,"turns":3},{"damage":14,"enemies":"Slime Boss","floor":16,"turns":12},{"damage":0,"enemies":"Shell Parasite","floor":18,"turns":5},{"damage":6,"enemies":"3 Byrds","floor":19,"turns":5},{"damage":9,"enemies":"Book of Stabbing","floor":24,"turns":6},{"damage":14,"enemies":"Centurion and Healer","floor":27,"turns":5},{"damage":19,"enemies":"Gremlin Leader","floor":29,"turns":7},{"damage":5,"enemies":"Slavers","floor":31,"turns":4},{"damage":7,"enemies":"Automaton","floor":33,"turns":9},{"damage":0,"enemies":"3 Darklings","floor":35,"turns":5},{"damage":11,"enemies":"Orb Walker","floor":37,"turns":3},{"damage":0,"enemies":"Giant Head","floor":41,"turns":7},{"damage":1,"enemies":"Nemesis","floor":44,"turns":7},{"damage":6,"enemies":"Maw","floor":45,"turns":6},{"damage":2,"enemies":"3 Darklings","floor":47,"turns":5},{"damage":10,"enemies":"Sphere and 2 Shapes","floor":48,"turns":3},{"damage":46,"enemies":"Time Eater","floor":50,"turns":9}],"event_choices":[{"event_name":"The Cleric","player_choice":"Card Removal","floor":3,"damage_taken":0},{"event_name":"Mushrooms","player_choice":"Fought Mushrooms","floor":11,"damage_taken":0},{"event_name":"Back to Basics","player_choice":"Simplicity","floor":20,"damage_taken":0},{"event_name":"Winding Halls","player_choice":"Embrace Madness","floor":36,"damage_taken":0}],"boss_relics":[{"not_picked":["Runic Pyramid","Astrolabe"],"picked":"Philosopher\u0027s Stone"},{"not_picked":["Calling Bell","Runic Dome"],"picked":"Sozu"}],"potions_floor_spawned":[1,8,14,16,24,27,31,44,47,48],"seed_played":"3400169074786795808","killed_by":"Time Eater","is_trial":false}