{"gold_per_floor":[116,133,133,152,37,65,65,91,140,152,171,190,218,232,232,332,332,350,363,633,645,659,659,693,693,769,769,769,769,785,45,45,150,150,164,164,39,56,70,99,99,199,199,213,213,230,230,256,256,256,256,256,13,43,43],"floor_reached":56,"playtime":2863,"items_purged":["Strike_R","Strike_R+1","Writhe"],"score":1349,"play_id":"24455cc0-6261-41ed-b48b-369f4d744424","local_time":"20190706224317","is_ascension_mode":false,"campfire_choices":[{"data":"Inflame","floor":7,"key":"SMITH"},{"data":"Heavy Blade","floor":15,"key":"SMITH"},{"data":"Double Tap","floor":23,"key":"SMITH"},{"data":"Inflame","floor":25,"key":"SMITH"},{"data":"Body Slam","floor":27,"key":"SMITH"},{"data":"Iron Wave","floor":32,"key":"SMITH"},{"floor":41,"key":"RECALL"},{"data":"Offering","floor":45,"key":"SMITH"},{"data":"Shrug It Off","floor":47,"key":"SMITH"},{"data":"Flame Barrier","floor":49,"key":"SMITH"},{"data":"Shrug It Off","floor":52,"key":"SMITH"}],"neow_cost":"NONE","seed_source_timestamp":328422864922700,"circlet_count":0,"master_deck":["Strike_R+1","Strike_R+1","Strike_R+1","Defend_R+1","Defend_R+1","Defend_R+1","Defend_R+1","Bash+1","Heavy Blade+1","Inflame+1","Iron Wave+1","Carnage","Flame Barrier+1","Shrug It Off+1","Twin Strike","Shrug It Off+1","Double Tap+1","Body Slam+1","Evolve+1","Clothesline+1","Inflame+1","Shrug It Off+1","Metallicize+1","Offering+1","Wild Strike+1","Body Slam+1","Clumsy","Impervious","Heavy Blade+1","Juggernaut+1","Infernal Blade+1"],"relics":["Burning Blood","NeowsBlessing","Kunai","Dream Catcher","Regal Pillow","War Paint","Cursed Key","Darkstone Periapt","Frozen Egg 2","Enchiridion","Tiny Chest","Gremlin Horn","OrangePellets","Snecko Eye","Oddly Smooth Stone","Nunchaku","Ancient Tea Set","Orichalcum"],"potions_floor_usage":[13,16,22,24,33,33,44,50,50,53,55,55],"damage_taken":[{"damage":0,"enemies":"Cultist","floor":1,"turns":1},{"damage":0,"enemies":"Small Slimes","floor":2,"turns":1},{"damage":0,"enemies":"Jaw Worm","floor":4,"turns":1},{"damage":22,"enemies":"Gremlin Nob","floor":6,"turns":4},{"damage":19,"enemies":"Lagavulin","floor":8,"turns":5},{"damage":5,"enemies":"Looter","floor":10,"turns":2},{"damage":0,"enemies":"Blue Slaver","floor":11,"turns":4},{"damage":0,"enemies":"2 Fungi Beasts","floor":12,"turns":3},{"damage":6,"enemies":"3 Sentries","floor":13,"turns":7},{"damage":6,"enemies":"3 Louse","floor":14,"turns":4},{"damage":8,"enemies":"Slime Boss","floor":16,"turns":9},{"damage":0,"enemies":"3 Byrds","floor":18,"turns":6},{"damage":0,"enemies":"Chosen","floor":19,"turns":4},{"damage":4,"enemies":"Shelled Parasite and Fungi","floor":21,"turns":5},{"damage":0,"enemies":"Centurion and Healer","floor":22,"turns":5},{"damage":21,"enemies":"Book of Stabbing","floor":24,"turns":5},{"damage":5,"enemies":"Sentry and Sphere","floor":30,"turns":5},{"damage":4,"enemies":"Collector","floor":33,"turns":5},{"damage":8,"enemies":"3 Darklings","floor":35,"turns":3},{"damage":6,"enemies":"3 Shapes","floor":38,"turns":3},{"damage":0,"enemies":"Sphere and 2 Shapes","floor":39,"turns":4},{"damage":35,"enemies":"Giant Head","floor":40,"turns":7},{"damage":6,"enemies":"Mind Bloom Boss Battle","floor":42,"turns":4},{"damage":12,"enemies":"Writhing Mass","floor":44,"turns":4},{"damage":7,"enemies":"Spire Growth","floor":46,"turns":5},{"damage":6,"enemies":"Reptomancer","floor":48,"turns":3},{"damage":26,"enemies":"Awakened One","floor":50,"turns":6},{"damage":6,"enemies":"Shield and Spear","floor":54,"turns":3},{"damage":88,"enemies":"The Heart","floor":55,"turns":8}],"seed_played":"-4586595509565699015","potions_obtained":[{"floor":2,"key":"Explosive Potion"},{"floor":8,"key":"SteroidPotion"},{"floor":10,"key":"FearPotion"},{"floor":13,"key":"FearPotion"},{"floor":14,"key":"BloodPotion"},{"floor":19,"key":"SpeedPotion"},{"floor":21,"key":"PowerPotion"},{"floor":22,"key":"PowerPotion"},{"floor":24,"key":"AttackPotion"},{"floor":39,"key":"BloodPotion"},{"floor":42,"key":"SteroidPotion"},{"floor":46,"key":"GamblersBrew"},{"floor":48,"key":"BloodPotion"},{"floor":54,"key":"AttackPotion"}],"is_trial":false,"path_per_floor":["M","M","?","M","$","E","R","E","T","M","M","M","E","M","R","B",null,"M","M","?","M","M","R","E","R","T","R","?","?","M","$","R","B",null,"M","?","$","M","M","E","R","?","T","M","R","M","R","E","R","B",null,"R","$","E","B",null],"character_chosen":"IRONCLAD","items_purchased":["Carnage","Metallicize+1","Tiny Chest","Gremlin Horn","OrangePellets","Juggernaut+1","Fruit Juice"],"campfire_rested":0,"item_purchase_floors":[5,31,31,31,31,53,53],"current_hp_per_floor":[80,80,80,80,80,64,64,51,51,52,58,64,64,64,64,62,80,80,80,48,50,76,76,61,61,67,67,67,51,52,52,52,54,86,84,82,82,82,82,53,53,53,59,75,75,74,74,74,74,54,88,88,93,93,28],"gold":43,"neow_bonus":"THREE_ENEMY_KILL","is_prod":false,"is_daily":false,"chose_seed":false,"campfire_upgraded":10,"win_rate":0,"timestamp":1562449397,"path_taken":["M","?","?","M","$","E","R","E","T","M","M","?","E","M","R","BOSS","M","M","?","?","M","R","E","R","T","R","?","?","M","?","R","BOSS","M","?","$","M","M","E","R","?","T","M","R","M","R","E","R","BOSS","R","$","E","BOSS"],"build_version":"2019-07-05","purchased_purges":3,"victory":true,"max_hp_per_floor":[80,80,80,80,80,80,80,80,80,80,80,80,80,80,80,80,80,80,80,80,80,80,80,80,80,86,86,86,86,86,86,86,86,86,86,82,82,82,82,82,82,82,88,88,88,88,88,88,88,88,88,88,93,93,93],"card_choices":[{"not_picked":["Clash","Seeing Red"],"picked":"Heavy Blade","floor":1},{"not_picked":["Burning Pact","Searing Blow"],"picked":"Inflame","floor":2},{"not_picked":["Carnage","Headbutt"],"picked":"Iron Wave","floor":4},{"not_picked":["Combust","Sentinel"],"picked":"Flame Barrier","floor":6},{"not_picked":["Headbutt","Dual Wield","Infernal Blade"],"picked":"SKIP","floor":8},{"not_picked":["Body Slam","Armaments"],"picked":"Shrug It Off","floor":10},{"not_picked":["Pommel Strike","Clash"],"picked":"Twin Strike","floor":11},{"not_picked":["Metallicize","Heavy Blade"],"picked":"Shrug It Off","floor":12},{"not_picked":["Bloodletting","Headbutt","Infernal Blade"],"picked":"SKIP","floor":13},{"not_picked":["Burning Pact","Iron Wave","Battle Trance"],"picked":"SKIP","floor":14},{"not_picked":["Brutality","Fiend Fire"],"picked":"Double Tap","floor":16},{"not_picked":["Warcry","Hemokinesis"],"picked":"Body Slam","floor":18},{"not_picked":["Rupture","Intimidate"],"picked":"Evolve+1","floor":19},{"not_picked":["Shockwave","Headbutt"],"picked":"Clothesline+1","floor":21},{"not_picked":["Ghostly Armor","Thunderclap+1"],"picked":"Inflame","floor":22},{"not_picked":["Flex","Power Through+1"],"picked":"Shrug It Off","floor":24},{"not_picked":["Warcry","Heavy Blade","Twin Strike"],"picked":"SKIP","floor":30},{"not_picked":["Immolate","Fiend Fire"],"picked":"Offering","floor":33},{"not_picked":["Sentinel","Seeing Red","Armaments"],"picked":"SKIP","floor":35},{"not_picked":["Warcry","Iron Wave+1","Bloodletting+1"],"picked":"SKIP","floor":38},{"not_picked":["Dropkick+1","Burning Pact+1"],"picked":"Wild Strike+1","floor":39},{"not_picked":["Second Wind+1","Pommel Strike+1"],"picked":"Body Slam+1","floor":40},{"not_picked":["Armaments+1","Second Wind+1"],"picked":"Impervious","floor":44},{"not_picked":["Flex+1","Sever Soul","Shockwave"],"picked":"SKIP","floor":46},{"not_picked":["Perfected Strike","Sword Boomerang"],"picked":"Heavy Blade+1","floor":48},{"not_picked":["Pommel Strike","Anger"],"picked":"Infernal Blade+1","floor":54}],"player_experience":1313246,"relics_obtained":[{"floor":6,"key":"Kunai"},{"floor":8,"key":"Dream Catcher"},{"floor":9,"key":"Regal Pillow"},{"floor":13,"key":"War Paint"},{"floor":24,"key":"Darkstone Periapt"},{"floor":26,"key":"Frozen Egg 2"},{"floor":29,"key":"Enchiridion"},{"floor":40,"key":"Oddly Smooth Stone"},{"floor":42,"key":"Nunchaku"},{"floor":48,"key":"Ancient Tea Set"},{"floor":54,"key":"Orichalcum"}],"event_choices":[{"damage_healed":0,"gold_gain":0,"player_choice":"Upgraded","damage_taken":0,"max_hp_gain":0,"max_hp_loss":0,"event_name":"Upgrade Shrine","floor":3,"gold_loss":0,"cards_upgraded":["Bash"]},{"damage_healed":0,"gold_gain":270,"player_choice":"GOLD GOLD GOLD ","damage_taken":32,"max_hp_gain":0,"max_hp_loss":0,"event_name":"Knowing Skull","floor":20,"potions_obtained":[],"gold_loss":0,"cards_obtained":[]},{"damage_healed":0,"gold_gain":0,"player_choice":"Simplicity","damage_taken":0,"max_hp_gain":0,"max_hp_loss":0,"event_name":"Back to Basics","floor":28,"gold_loss":0,"cards_upgraded":["Strike_R","Strike_R","Strike_R","Strike_R","Defend_R","Defend_R","Defend_R"]},{"damage_healed":0,"gold_gain":0,"player_choice":"Obtained Book","damage_taken":16,"max_hp_gain":0,"max_hp_loss":0,"event_name":"Cursed Tome","floor":29,"gold_loss":0},{"damage_healed":0,"gold_gain":0,"player_choice":"Max HP","damage_taken":0,"max_hp_gain":0,"max_hp_loss":4,"event_name":"Winding Halls","floor":36,"gold_loss":0},{"damage_healed":0,"gold_gain":0,"player_choice":"Fight","damage_taken":0,"max_hp_gain":0,"max_hp_loss":0,"event_name":"MindBloom","floor":42,"gold_loss":0}],"is_beta":false,"boss_relics":[{"not_picked":["Runic Dome","Runic Pyramid"],"picked":"Cursed Key"},{"not_picked":["Runic Cube","Coffee Dripper"],"picked":"Snecko Eye"}],"items_purged_floors":[5,31,37],"is_endless":false,"potions_floor_spawned":[2,8,10,13,14,19,21,22,24,39,42,46,48,54],"ascension_level":0}