{"gold_per_floor":[144,189,234,279,324,324,369,414,464,554,599,644,689,734,734,1034,1034,1079,427,427,3,48,48,138,183,238,283,283,283,308,48,48,48,48,93,138,138,183,183,273,318,363,363,453,453,498,543,1,1,1],"floor_reached":51,"playtime":6019,"items_purged":["Regret","Clumsy","Writhe","Parasite"],"score":814,"play_id":"54717f8c-4185-4e01-8587-fb06bacb3627","local_time":"20190618193413","daily_mods":["Shiny","Time Dilation","Midas"],"is_ascension_mode":false,"campfire_choices":[{"floor":6.0,"key":"REST"},{"floor":15.0,"key":"REST"},{"floor":23,"key":"REST"},{"floor":29,"key":"REST"},{"floor":32,"key":"REST"},{"floor":45,"key":"REST"},{"floor":49,"key":"REST"}],"neow_cost":"","seed_source_timestamp":0,"circlet_count":0,"master_deck":["Venomology","Corpse Explosion","Malaise+1","Phantasmal Killer+1","Die Die Die","Adrenaline","Envenom","Doppelganger","Burst","Wraith Form v2","Tools of the Trade","Night Terror","Unload","After Image","Bullet Time","Storm of Steel","Glass Knife","A Thousand Cuts","Grand Finale","All Out Attack","Cloak And Dagger","Cloak And Dagger","Dagger Spray","Well Laid Plans","Backflip","Backflip","Poisoned Stab","Flying Knee","Dash","Backstab","Accuracy","Bullet Time","Dagger Throw+1","Footwork","Noxious Fumes","Acrobatics","Backstab+1","Crippling Poison","Endless Agony+1","Outmaneuver","Well Laid Plans","Bandage Up","Blur","Die Die Die","Blade Dance","Terror+1","Bandage Up","Secret Weapon","Dramatic Entrance","Setup","Outmaneuver+1","Outmaneuver+1","Backflip","Tactician+1","Setup+1","Cloak And Dagger+1","Footwork","Mind Blast","Accuracy"],"special_seed":18063,"relics":["Ring of the Snake","Strawberry","Bag of Marbles","Calling Bell","Anchor","Sundial","Thread and Needle","Ginger","HandDrill","Matryoshka","Boot","Tiny Chest","Dream Catcher","Bag of Preparation","Meat on the Bone","Ancient Tea Set","Black Star","Pen Nib","War Paint","Happy Flower","Pantograph","Bottled Lightning","Toxic Egg 2","Ice Cream"],"potions_floor_usage":[16,18,24,33,33,40,40,47,50,50],"damage_taken":[{"damage":0.0,"enemies":"Cultist","floor":1.0,"turns":2.0},{"damage":1.0,"enemies":"Jaw Worm","floor":2.0,"turns":3.0},{"damage":0.0,"enemies":"Small Slimes","floor":3.0,"turns":1.0},{"damage":5.0,"enemies":"Looter","floor":4.0,"turns":2.0},{"damage":10.0,"enemies":"Large Slime","floor":5.0,"turns":4.0},{"damage":0.0,"enemies":"Exordium Wildlife","floor":7.0,"turns":2.0},{"damage":0.0,"enemies":"Exordium Thugs","floor":8.0,"turns":3.0},{"damage":5.0,"enemies":"3 Sentries","floor":10.0,"turns":5.0},{"damage":0.0,"enemies":"Red Slaver","floor":11.0,"turns":1.0},{"damage":0.0,"enemies":"3 Louse","floor":12.0,"turns":1.0},{"damage":0.0,"enemies":"Blue Slaver","floor":13.0,"turns":1.0},{"damage":0.0,"enemies":"2 Fungi Beasts","floor":14.0,"turns":1.0},{"damage":34,"enemies":"Hexaghost","floor":16,"turns":6},{"damage":0,"enemies":"Spheric Guardian","floor":18,"turns":2},{"damage":0,"enemies":"3 Byrds","floor":22,"turns":2},{"damage":0,"enemies":"Slavers","floor":24,"turns":2},{"damage":0,"enemies":"Centurion and Healer","floor":25,"turns":5},{"damage":0,"enemies":"Shelled Parasite and Fungi","floor":27,"turns":3},{"damage":33,"enemies":"Collector","floor":33,"turns":7},{"damage":0,"enemies":"Orb Walker","floor":35,"turns":1},{"damage":0,"enemies":"3 Shapes","floor":36,"turns":1},{"damage":0,"enemies":"3 Darklings","floor":38,"turns":1},{"damage":23,"enemies":"Giant Head","floor":40,"turns":9},{"damage":0,"enemies":"Writhing Mass","floor":41,"turns":2},{"damage":0,"enemies":"Sphere and 2 Shapes","floor":42,"turns":3},{"damage":15,"enemies":"Reptomancer","floor":44,"turns":4},{"damage":0,"enemies":"3 Darklings","floor":46,"turns":1},{"damage":3,"enemies":"Writhing Mass","floor":47,"turns":4},{"damage":11,"enemies":"Awakened One","floor":50,"turns":9}],"seed_played":"-4255218080682064028","potions_obtained":[{"floor":1.0,"key":"Weak Potion"},{"floor":2.0,"key":"SmokeBomb"},{"floor":4.0,"key":"EssenceOfSteel"},{"floor":5.0,"key":"GamblersBrew"},{"floor":11.0,"key":"EssenceOfSteel"},{"floor":12.0,"key":"PowerPotion"},{"floor":13.0,"key":"SteroidPotion"},{"floor":14.0,"key":"Fruit Juice"},{"floor":22,"key":"FearPotion"},{"floor":24,"key":"FearPotion"},{"floor":35,"key":"Block Potion"},{"floor":40,"key":"GhostInAJar"},{"floor":46,"key":"Ancient Potion"}],"is_trial":false,"path_per_floor":["M","M","M","M","M","R","M","M","T","E","M","M","M","M","R","B",null,"M","$","?","$","M","R","E","M","T","M","?","R","T","$","R","B",null,"M","M","?","M","T","E","M","M","T","E","R","M","M","$","R","B",null],"character_chosen":"THE_SILENT","items_purchased":["Ginger","HandDrill","Footwork","Matryoshka","Noxious Fumes","Well Laid Plans","Bandage Up","Ice Cream","Mind Blast"],"campfire_rested":7,"item_purchase_floors":[19,19,19,21,21,31,31,48,48],"current_hp_per_floor":[70,69,69,64,54,70,70,70,77,72,72,72,72,72,77,48,82,82,82,82,82,82,82,82,82,82,82,82,82,82,82,82,49,82,82,82,72,72,72,57,61,61,61,54,78,78,79,79,79,76],"gold":1,"neow_bonus":"","is_prod":false,"is_daily":true,"chose_seed":false,"campfire_upgraded":0,"win_rate":0,"timestamp":1560911653,"path_taken":["M","M","M","M","M","R","?","M","T","E","M","M","M","M","R","BOSS","M","$","?","$","M","R","E","M","T","M","?","R","?","$","R","BOSS","M","M","?","M","?","E","M","?","T","E","R","M","M","$","R","BOSS"],"build_version":"2019-01-23","purchased_purges":4,"victory":true,"max_hp_per_floor":[70,70,70,70,70,70,70,70,77,77,77,77,77,77,77,82,82,82,82,82,82,82,82,82,82,82,82,82,82,82,82,82,82,82,82,82,82,82,82,82,82,82,82,82,82,82,82,79,79,79],"card_choices":[{"not_picked":["Slice","Setup"],"picked":"All Out Attack","floor":1.0},{"not_picked":["Crippling Poison","Outmaneuver"],"picked":"Cloak And Dagger","floor":2.0},{"not_picked":["Sucker Punch","Skewer"],"picked":"Cloak And Dagger","floor":3.0},{"not_picked":["Crippling Poison","Acrobatics"],"picked":"Dagger Spray","floor":4.0},{"not_picked":["Phantasmal Killer","Deadly Poison"],"picked":"Well Laid Plans","floor":5.0},{"not_picked":["Underhanded Strike","Sucker Punch"],"picked":"Backflip","floor":7.0},{"not_picked":["Flying Knee","Dodge and Roll"],"picked":"Backflip","floor":8.0},{"not_picked":["Grand Finale","Deflect"],"picked":"Poisoned Stab","floor":10.0},{"not_picked":["Bane","Poisoned Stab"],"picked":"Flying Knee","floor":11.0},{"not_picked":["Dodge and Roll","Expertise"],"picked":"Dash","floor":12.0},{"not_picked":["Prepared","Slice"],"picked":"Backstab","floor":13.0},{"not_picked":["Dash","Setup"],"picked":"Accuracy","floor":14.0},{"not_picked":["After Image","Unload"],"picked":"Bullet Time","floor":16},{"not_picked":["Concentrate","Underhanded Strike"],"picked":"Dagger Throw+1","floor":18},{"not_picked":["Poisoned Stab","Sucker Punch"],"picked":"Acrobatics","floor":22},{"not_picked":["Skewer+1","Outmaneuver"],"picked":"Backstab+1","floor":24},{"not_picked":["Sucker Punch","Corpse Explosion"],"picked":"Crippling Poison","floor":25},{"not_picked":["Backflip","Leg Sweep+1"],"picked":"Endless Agony+1","floor":27},{"not_picked":["Poisoned Stab","Masterful Stab"],"picked":"Outmaneuver","floor":29},{"not_picked":["Poisoned Stab","Dash"],"picked":"Blur","floor":32},{"not_picked":["Malaise","A Thousand Cuts"],"picked":"Die Die Die","floor":33},{"not_picked":["Crippling Poison","Quick Slash+1"],"picked":"Blade Dance","floor":35},{"not_picked":["Backflip+1","Deadly Poison+1"],"picked":"Terror+1","floor":36},{"not_picked":["Sadistic Nature","Dark Shackles"],"picked":"Bandage Up","floor":37},{"not_picked":["Madness","Trip"],"picked":"Secret Weapon","floor":37},{"not_picked":["Flash of Steel","Finesse"],"picked":"Dramatic Entrance","floor":37},{"not_picked":["Backflip","Caltrops"],"picked":"Setup","floor":38},{"not_picked":["Dash","Slice+1"],"picked":"Outmaneuver+1","floor":40},{"not_picked":["Dodge and Roll","Prepared"],"picked":"Outmaneuver+1","floor":41},{"not_picked":["Riddle With Holes+1","Flying Knee+1"],"picked":"Backflip","floor":42},{"not_picked":["Well Laid Plans+1","Deflect"],"picked":"Tactician+1","floor":44},{"not_picked":["Acrobatics+1","Outmaneuver+1"],"picked":"Setup+1","floor":45},{"not_picked":["Escape Plan+1","Flying Knee+1"],"picked":"Cloak And Dagger+1","floor":46},{"not_picked":["Deadly Poison+1","Heel Hook+1"],"picked":"Footwork","floor":47},{"not_picked":["Grand Finale","Acrobatics+1"],"picked":"Accuracy","floor":49}],"player_experience":290850,"relics_obtained":[{"floor":9.0,"key":"Strawberry"},{"floor":10.0,"key":"Bag of Marbles"},{"floor":17,"key":"Anchor"},{"floor":17,"key":"Sundial"},{"floor":17,"key":"Thread and Needle"},{"floor":24,"key":"Boot"},{"floor":26,"key":"Tiny Chest"},{"floor":26,"key":"Dream Catcher"},{"floor":30,"key":"Meat on the Bone"},{"floor":30,"key":"Ancient Tea Set"},{"floor":39,"key":"Pen Nib"},{"floor":40,"key":"War Paint"},{"floor":40,"key":"Happy Flower"},{"floor":43,"key":"Pantograph"},{"floor":44,"key":"Bottled Lightning"},{"floor":44,"key":"Toxic Egg 2"}],"event_choices":[{"cards_removed":["Decay"],"damage_healed":0,"gold_gain":0,"player_choice":"Elegance","damage_taken":0,"max_hp_gain":0,"max_hp_loss":0,"event_name":"Back to Basics","floor":20,"gold_loss":0},{"damage_healed":0,"gold_gain":0,"player_choice":"Opened","damage_taken":0,"relics_obtained":["Bag of Preparation"],"max_hp_gain":0,"max_hp_loss":0,"event_name":"The Mausoleum","floor":28,"gold_loss":0,"cards_obtained":["Writhe"]},{"damage_healed":0,"gold_gain":0,"player_choice":"Memory 3","damage_taken":10,"max_hp_gain":0,"max_hp_loss":0,"event_name":"SensoryStone","floor":37,"gold_loss":0}],"is_beta":false,"boss_relics":[{"not_picked":["Ectoplasm","Astrolabe"],"picked":"Calling Bell"},{"not_picked":["Busted Crown","Eternal Feather"],"picked":"Black Star"}],"items_purged_floors":[19,21,31,48],"is_endless":false,"potions_floor_spawned":[1,2,4,5,11,12,13,14,22,24,35,40,44,46],"ascension_level":0}