{"gold_per_floor":[116,131,131,151,151,182,195,195,195,211,211,244,261,280,280,355,355,355,355,355,355,355,355,355,355,355,355,355,355,355,355,355,355,355,355,355,355,355,355,355,355,355],"floor_reached":42,"playtime":2418,"items_purged":[],"score":961,"play_id":"0743769d-aede-4071-bc58-8d99a91ffbd2","local_time":"20190616000200","is_ascension_mode":true,"campfire_choices":[{"data":"Metallicize","floor":8,"key":"SMITH"},{"data":"Whirlwind","floor":11,"key":"SMITH"},{"data":"Disarm","floor":15,"key":"SMITH"},{"data":"Inflame","floor":24,"key":"SMITH"},{"data":"Armaments","floor":29,"key":"SMITH"},{"data":"Bite","floor":32,"key":"SMITH"},{"data":"Double Tap","floor":40,"key":"SMITH"}],"neow_cost":"NONE","seed_source_timestamp":157656085518000,"circlet_count":0,"master_deck":["AscendersBane","Defend_R","Defend_R","Defend_R","Defend_R","Bash+1","Panacea","Headbutt","Inflame+1","Heavy Blade+1","Metallicize+1","Whirlwind+1","Disarm+1","Pummel","Shrug It Off","Clothesline","Offering","Bite+1","Bite+1","Bite","Bite","Bite","Inflame+1","Shrug It Off","Armaments+1","Double Tap+1","Shrug It Off+1"],"relics":["Burning Blood","PreservedInsect","Meat on the Bone","StoneCalendar","Ectoplasm","Nilry\u0027s Codex","Whetstone","Blue Candle","Singing Bowl","Old Coin","Centennial Puzzle","Snecko Eye"],"potions_floor_usage":[4,16,25,33,41],"damage_taken":[{"damage":9,"enemies":"Jaw Worm","floor":1,"turns":3},{"damage":17,"enemies":"2 Louse","floor":2,"turns":3},{"damage":2,"enemies":"Cultist","floor":4,"turns":5},{"damage":50,"enemies":"3 Sentries","floor":6,"turns":8},{"damage":10,"enemies":"Blue Slaver","floor":7,"turns":4},{"damage":17,"enemies":"Exordium Thugs","floor":10,"turns":4},{"damage":20,"enemies":"Gremlin Nob","floor":12,"turns":4},{"damage":12,"enemies":"Looter","floor":13,"turns":4},{"damage":2,"enemies":"Blue Slaver","floor":14,"turns":4},{"damage":16,"enemies":"Hexaghost","floor":16,"turns":10},{"damage":6,"enemies":"Chosen","floor":18,"turns":2},{"damage":29,"enemies":"Spheric Guardian","floor":21,"turns":6},{"damage":14,"enemies":"Cultist and Chosen","floor":22,"turns":4},{"damage":26,"enemies":"Gremlin Leader","floor":23,"turns":6},{"damage":18,"enemies":"Book of Stabbing","floor":25,"turns":3},{"damage":31,"enemies":"Gremlin Leader","floor":30,"turns":6},{"damage":24,"enemies":"Chosen and Byrds","floor":31,"turns":5},{"damage":95,"enemies":"Automaton","floor":33,"turns":11},{"damage":33,"enemies":"3 Shapes","floor":35,"turns":5},{"damage":32,"enemies":"3 Darklings","floor":37,"turns":4},{"damage":30,"enemies":"4 Shapes","floor":41,"turns":7},{"damage":58,"enemies":"Transient","floor":42,"turns":5}],"seed_played":"4871687903593836864","potions_obtained":[{"floor":1,"key":"SkillPotion"},{"floor":2,"key":"FairyPotion"},{"floor":13,"key":"Weak Potion"},{"floor":14,"key":"AttackPotion"},{"floor":16,"key":"PowerPotion"},{"floor":25,"key":"Energy Potion"},{"floor":35,"key":"Swift Potion"}],"is_trial":false,"path_per_floor":["M","M","?","M","?","E","M","R","T","M","R","E","M","M","R","B",null,"M","?","?","M","M","E","R","E","T","?","T","R","E","M","R","B",null,"M","?","M","?","?","R","M","M"],"character_chosen":"IRONCLAD","items_purchased":[],"campfire_rested":0,"item_purchase_floors":[],"current_hp_per_floor":[65,54,54,58,75,31,27,27,27,28,28,26,32,48,48,50,69,69,48,48,33,33,38,38,33,33,33,33,33,36,43,43,26,49,38,38,36,36,36,36,34,0],"gold":355,"neow_bonus":"RANDOM_COLORLESS","is_prod":false,"is_daily":false,"chose_seed":false,"campfire_upgraded":7,"win_rate":0,"timestamp":1560639720,"path_taken":["M","M","?","M","?","E","?","R","T","M","R","E","M","M","R","BOSS","M","?","?","?","M","E","R","E","T","?","?","R","E","M","R","BOSS","M","?","?","?","?","R","M","M"],"build_version":"2019-01-23","purchased_purges":0,"victory":false,"max_hp_per_floor":[75,75,75,75,75,75,75,75,75,75,75,75,75,75,75,75,75,75,75,52,52,52,52,52,52,52,52,52,52,54,56,56,56,56,58,58,60,60,57,57,57,57],"card_choices":[{"not_picked":["Perfected Strike","Evolve"],"picked":"Headbutt","floor":1},{"not_picked":["Flex","Bloodletting"],"picked":"Inflame","floor":2},{"not_picked":["Anger","Bloodletting"],"picked":"Heavy Blade","floor":4},{"not_picked":["Pommel Strike","Wild Strike"],"picked":"Metallicize","floor":6},{"not_picked":["Warcry","Ghostly Armor"],"picked":"Whirlwind","floor":7},{"not_picked":["Wild Strike","Cleave"],"picked":"Disarm","floor":10},{"not_picked":["Cleave","Bloodletting"],"picked":"Pummel","floor":12},{"not_picked":["Clash","Blood for Blood"],"picked":"Shrug It Off","floor":13},{"not_picked":["Rupture","Pummel"],"picked":"Clothesline","floor":14},{"not_picked":["Immolate","Berserk"],"picked":"Offering","floor":16},{"not_picked":["Searing Blow+1","Warcry","Sentinel+1"],"picked":"SKIP","floor":18},{"not_picked":["Havoc","Clothesline+1"],"picked":"Inflame+1","floor":21},{"not_picked":["Fire Breathing","Rupture+1"],"picked":"Shrug It Off","floor":22},{"not_picked":["Exhume","Armaments","Burning Pact"],"picked":"SKIP","floor":23},{"not_picked":["Heavy Blade","Corruption"],"picked":"Armaments","floor":25},{"not_picked":["Pommel Strike","Headbutt","Clothesline"],"picked":"Singing Bowl","floor":30},{"not_picked":["Searing Blow","Spot Weakness","Twin Strike"],"picked":"Singing Bowl","floor":31},{"not_picked":["Bludgeon","Fiend Fire"],"picked":"Double Tap","floor":33},{"not_picked":["Corruption","Shrug It Off","Clothesline"],"picked":"Singing Bowl","floor":35},{"not_picked":["Anger","Flex+1","Havoc"],"picked":"Singing Bowl","floor":37},{"not_picked":["Cleave","Sentinel"],"picked":"Shrug It Off+1","floor":41}],"player_experience":1298613,"relics_obtained":[{"floor":6,"key":"PreservedInsect"},{"floor":9,"key":"Meat on the Bone"},{"floor":12,"key":"StoneCalendar"},{"floor":19,"key":"Nilry\u0027s Codex"},{"floor":23,"key":"Whetstone"},{"floor":25,"key":"Blue Candle"},{"floor":26,"key":"Singing Bowl"},{"floor":28,"key":"Old Coin"},{"floor":30,"key":"Centennial Puzzle"}],"event_choices":[{"damage_healed":0,"gold_gain":0,"player_choice":"Grow","damage_taken":0,"max_hp_gain":0,"max_hp_loss":0,"event_name":"Living Wall","floor":3,"gold_loss":0,"cards_upgraded":["Bash"]},{"damage_healed":17,"gold_gain":0,"player_choice":"Full Heal","damage_taken":0,"max_hp_gain":0,"max_hp_loss":0,"event_name":"Wheel of Change","floor":5,"gold_loss":0},{"damage_healed":0,"gold_gain":0,"player_choice":"Obtained Book","damage_taken":21,"max_hp_gain":0,"max_hp_loss":0,"event_name":"Cursed Tome","floor":19,"gold_loss":0},{"damage_healed":0,"gold_gain":0,"player_choice":"Became a vampire","damage_taken":0,"max_hp_gain":0,"max_hp_loss":23,"event_name":"Vampires","floor":20,"gold_loss":0,"cards_obtained":["Bite","Bite","Bite","Bite","Bite"]},{"damage_healed":0,"gold_gain":50,"player_choice":"Stole From Cult","damage_taken":0,"max_hp_gain":0,"max_hp_loss":0,"event_name":"Nest","floor":27,"gold_loss":0},{"damage_healed":0,"gold_gain":0,"player_choice":"Ignored","damage_taken":0,"max_hp_gain":0,"max_hp_loss":0,"event_name":"SecretPortal","floor":36,"gold_loss":0},{"damage_healed":0,"gold_gain":0,"player_choice":"Ignored","damage_taken":0,"max_hp_gain":0,"max_hp_loss":0,"event_name":"Mysterious Sphere","floor":38,"gold_loss":0},{"damage_healed":0,"gold_gain":0,"player_choice":"Max HP","damage_taken":0,"max_hp_gain":0,"max_hp_loss":3,"event_name":"Winding Halls","floor":39,"gold_loss":0}],"is_beta":false,"boss_relics":[{"not_picked":["Coffee Dripper","Eternal Feather"],"picked":"Ectoplasm"},{"not_picked":["White Beast Statue","Lizard Tail"],"picked":"Snecko Eye"}],"items_purged_floors":[],"is_endless":false,"potions_floor_spawned":[1,2,13,14,16,18,23,25,35],"killed_by":"Transient","ascension_level":20}