{"gold_per_floor":[118,118,131,145,245,245,276,289,336,301,327,327,54,54,54,150,150,166,50,95,111,17,17,17,30,84,101,134,146,146],"floor_reached":30,"playtime":1815,"items_purged":[],"score":298,"play_id":"9e35b0a1-76d9-48d7-ac55-bf3ac4bfaa59","local_time":"20181226135735","is_ascension_mode":true,"campfire_choices":[{"data":"Chaos","floor":6,"key":"SMITH"},{"data":"Coolheaded","floor":12,"key":"SMITH"},{"data":"Dualcast","floor":15,"key":"SMITH"},{"data":"Loop","floor":23,"key":"SMITH"}],"neow_cost":"NONE","seed_source_timestamp":141026216683050,"circlet_count":0,"master_deck":["Strike_B","Strike_B","Defend_B","Defend_B","Defend_B","Defend_B","Zap","Dualcast+1","Genetic Algorithm","Double Energy","Chaos+1","Coolheaded+1","Aggregate","Reprogram","Hologram","Conserve Battery","Hologram","Turbo","Multi-Cast","Cold Snap","Biased Cognition","Turbo+1","Self Repair","Loop+1","Defragment","Leap","Chill","Amplify"],"relics":["Cracked Core","Anchor","The Courier","Bronze Scales","Orichalcum","DataDisk","Black Star","Vajra","Smiling Mask","PreservedInsect","Symbiotic Virus"],"potions_floor_usage":[25,28,30,30],"damage_taken":[{"damage":0,"enemies":"2 Louse","floor":1,"turns":3},{"damage":9,"enemies":"Small Slimes","floor":3,"turns":3},{"damage":0,"enemies":"Cultist","floor":4,"turns":4},{"damage":34,"enemies":"3 Sentries","floor":7,"turns":14},{"damage":0,"enemies":"Exordium Wildlife","floor":8,"turns":4},{"damage":43,"enemies":"Hexaghost","floor":16,"turns":10},{"damage":0,"enemies":"3 Byrds","floor":18,"turns":2},{"damage":15,"enemies":"Spheric Guardian","floor":21,"turns":5},{"damage":0,"enemies":"Centurion and Healer","floor":25,"turns":6},{"damage":16,"enemies":"Snake Plant","floor":27,"turns":3},{"damage":6,"enemies":"Book of Stabbing","floor":28,"turns":6},{"damage":13,"enemies":"3 Cultists","floor":29,"turns":4},{"damage":67,"enemies":"Gremlin Leader","floor":30,"turns":10}],"seed_played":"-9159758983801208891","potions_obtained":[{"floor":3,"key":"Weak Potion"},{"floor":8,"key":"EssenceOfSteel"},{"floor":18,"key":"Fire Potion"},{"floor":25,"key":"Energy Potion"},{"floor":28,"key":"Energy Potion"}],"is_trial":false,"path_per_floor":["M","?","M","M","?","R","E","M","T","?","T","R","$","?","R","B",null,"M","$","T","M","$","R","$","M","T","M","E","M","E"],"character_chosen":"DEFECT","items_purchased":["DataDisk","Hologram","Conserve Battery","Hologram","Turbo","Biased Cognition","Self Repair","Loop"],"campfire_rested":0,"item_purchase_floors":[13,13,13,13,13,19,22,22],"current_hp_per_floor":[75,75,66,66,66,66,32,32,32,50,50,50,50,50,50,7,75,75,75,75,60,60,60,60,67,67,58,59,53,0],"gold":146,"neow_bonus":"RANDOM_COMMON_RELIC","is_prod":false,"is_daily":false,"chose_seed":false,"campfire_upgraded":4,"win_rate":0,"timestamp":1545861455,"path_taken":["M","?","M","M","?","R","E","?","T","?","?","R","$","?","R","BOSS","M","$","?","M","?","R","?","?","T","M","E","M","E"],"build_version":"2018-12-20","purchased_purges":0,"victory":false,"max_hp_per_floor":[75,75,75,75,75,75,75,75,75,75,75,75,75,75,75,75,75,75,75,75,75,75,75,75,75,75,75,75,75,75],"card_choices":[{"not_picked":["Hologram","Steam"],"picked":"Genetic Algorithm","floor":1},{"not_picked":["Rip and Tear","Streamline"],"picked":"Chaos","floor":3},{"not_picked":["Steam","Static Discharge"],"picked":"Coolheaded","floor":4},{"not_picked":["FTL","Hello World"],"picked":"Aggregate","floor":7},{"not_picked":["Barrage","Turbo"],"picked":"Reprogram","floor":8},{"not_picked":["Rainbow","Core Surge"],"picked":"Multi-Cast","floor":16},{"not_picked":["Sweeping Beam","Rip and Tear"],"picked":"Cold Snap","floor":18},{"not_picked":["Hologram","Beam Cell"],"picked":"Turbo+1","floor":21},{"not_picked":["Gash","Streamline"],"picked":"Defragment","floor":25},{"not_picked":["Rip and Tear","Turbo"],"picked":"Leap","floor":27},{"not_picked":["Static Discharge","Go for the Eyes"],"picked":"Chill","floor":28},{"not_picked":["Lockon","Redo"],"picked":"Amplify","floor":29}],"player_experience":127950,"relics_obtained":[{"floor":7,"key":"The Courier"},{"floor":9,"key":"Bronze Scales"},{"floor":11,"key":"Orichalcum"},{"floor":20,"key":"Vajra"},{"floor":26,"key":"Smiling Mask"},{"floor":28,"key":"PreservedInsect"},{"floor":28,"key":"Symbiotic Virus"}],"event_choices":[{"damage_healed":0,"gold_gain":0,"cards_transformed":["Strike_B"],"player_choice":"Change","damage_taken":0,"max_hp_gain":0,"max_hp_loss":0,"event_name":"Living Wall","floor":2,"gold_loss":0,"cards_obtained":["Double Energy"]},{"damage_healed":0,"gold_gain":100,"player_choice":"Pray","damage_taken":0,"max_hp_gain":0,"max_hp_loss":0,"event_name":"Golden Shrine","floor":5,"gold_loss":0},{"damage_healed":18,"gold_gain":0,"player_choice":"Healed","damage_taken":0,"max_hp_gain":0,"max_hp_loss":0,"event_name":"The Cleric","floor":10,"gold_loss":35},{"cards_removed":["Strike_B"],"damage_healed":0,"gold_gain":0,"player_choice":"Offered Basic","damage_taken":0,"max_hp_gain":0,"max_hp_loss":0,"event_name":"Bonfire Elementals","floor":14,"gold_loss":0}],"is_beta":false,"boss_relics":[{"not_picked":["Calling Bell","Ectoplasm"],"picked":"Black Star"}],"items_purged_floors":[],"is_endless":false,"potions_floor_spawned":[3,8,18,25,28],"killed_by":"Gremlin Leader","ascension_level":4}