{"gold_per_floor":[113,129,129,139,139,174,174,174,174,189,189,204,222,252,252,357,357,370,370,383,403,403,432,443,443,443,455,455,488,488,58,58,156,156,170,195,195,22,41,41,52,52,79,98,98,151,151,164,164,164],"floor_reached":50,"playtime":2537,"items_purged":["Defend_B"],"score":517,"play_id":"582ba3b9-8816-41ce-841e-c89f42ced057","local_time":"20190514102209","is_ascension_mode":false,"campfire_choices":[{"data":"Go for the Eyes","floor":7,"key":"SMITH"},{"data":"Dualcast","floor":11,"key":"SMITH"},{"data":"Scrape","floor":15,"key":"SMITH"},{"floor":25,"key":"RECALL"},{"data":"Scrape","floor":28,"key":"SMITH"},{"data":"Go for the Eyes","floor":30,"key":"SMITH"},{"data":"Cold Snap","floor":32,"key":"SMITH"},{"data":"Steam","floor":40,"key":"SMITH"},{"data":"Gash","floor":45,"key":"SMITH"},{"floor":49,"key":"REST"}],"neow_cost":"NONE","seed_source_timestamp":804739060679300,"circlet_count":0,"master_deck":["Defend_B","Defend_B+1","Defend_B+1","Zap+1","Dualcast+1","Cold Snap+1","Scrape+1","FTL+1","Go for the Eyes+1","Steam+1","Go for the Eyes+1","Core Surge","White Noise+1","Bite","Bite","Bite","Bite","Bite","Chaos+1","Redo+1","Scrape+1","Gash+1","Leap+1","Seek+1","Madness+1","Madness+1","Master of Strategy+1","Gash"],"relics":["Cracked Core","NeowsBlessing","Symbiotic Virus","Pen Nib","Toxic Egg 2","Sozu","Bottled Flame","Singing Bowl","Happy Flower","Torii","Busted Crown","War Paint","Girya","Regal Pillow"],"potions_floor_usage":[14,16,50,50],"damage_taken":[{"damage":0,"enemies":"Jaw Worm","floor":1,"turns":1},{"damage":0,"enemies":"Small Slimes","floor":2,"turns":1},{"damage":0,"enemies":"2 Louse","floor":4,"turns":1},{"damage":19,"enemies":"Lagavulin","floor":6,"turns":6},{"damage":3,"enemies":"Exordium Thugs","floor":10,"turns":3},{"damage":0,"enemies":"Looter","floor":12,"turns":2},{"damage":8,"enemies":"Red Slaver","floor":13,"turns":2},{"damage":4,"enemies":"3 Sentries","floor":14,"turns":7},{"damage":3,"enemies":"Hexaghost","floor":16,"turns":9},{"damage":0,"enemies":"3 Byrds","floor":18,"turns":4},{"damage":2,"enemies":"Shell Parasite","floor":20,"turns":3},{"damage":8,"enemies":"Chosen and Byrds","floor":21,"turns":5},{"damage":8,"enemies":"Gremlin Leader","floor":23,"turns":6},{"damage":0,"enemies":"Centurion and Healer","floor":24,"turns":5},{"damage":15,"enemies":"3 Cultists","floor":27,"turns":5},{"damage":19,"enemies":"Slavers","floor":29,"turns":5},{"damage":71,"enemies":"Champ","floor":33,"turns":11},{"damage":10,"enemies":"3 Darklings","floor":35,"turns":7},{"damage":12,"enemies":"3 Shapes","floor":39,"turns":4},{"damage":0,"enemies":"Spire Growth","floor":41,"turns":4},{"damage":11,"enemies":"Sphere and 2 Shapes","floor":44,"turns":4},{"damage":42,"enemies":"2 Orb Walkers","floor":46,"turns":5},{"damage":0,"enemies":"Transient","floor":48,"turns":5},{"damage":101,"enemies":"Time Eater","floor":50,"turns":9}],"seed_played":"-5535960410436878227","potions_obtained":[{"floor":4,"key":"LiquidBronze"},{"floor":12,"key":"EssenceOfSteel"},{"floor":13,"key":"SkillPotion"},{"floor":14,"key":"PowerPotion"}],"is_trial":false,"path_per_floor":["M","M","?","M","?","E","R","?","T","M","R","M","M","E","R","B",null,"M","?","M","M","?","E","M","R","T","M","R","E","R","$","R","B",null,"M","T","?","$","M","R","M","?","T","M","R","?","T","M","R","B"],"character_chosen":"DEFECT","items_purchased":["Leap+1","Torii","Master of Strategy+1"],"campfire_rested":1,"item_purchase_floors":[31,31,38],"current_hp_per_floor":[75,75,68,68,53,34,34,39,39,36,36,36,28,31,31,35,80,80,56,56,56,47,60,61,61,61,61,61,55,55,55,55,13,61,63,63,55,55,60,60,65,65,65,58,58,26,26,42,71,0],"gold":164,"neow_bonus":"THREE_ENEMY_KILL","is_prod":false,"is_daily":false,"chose_seed":false,"campfire_upgraded":8,"win_rate":0,"timestamp":1557825729,"path_taken":["M","M","?","M","?","E","R","?","T","?","R","M","M","E","R","BOSS","M","?","M","M","?","E","?","R","T","M","R","E","R","$","R","BOSS","M","?","?","$","M","R","M","?","T","M","R","?","?","?","R","BOSS"],"build_version":"2019-01-23","purchased_purges":1,"victory":false,"max_hp_per_floor":[75,75,75,75,75,75,75,80,80,80,80,80,80,80,80,80,80,80,56,56,56,61,61,61,61,61,61,61,61,61,61,61,61,61,63,63,63,63,65,65,65,65,65,67,67,69,69,71,71,71],"card_choices":[{"not_picked":["Stack","Barrage"],"picked":"Cold Snap","floor":1},{"not_picked":["Steam","Self Repair"],"picked":"Scrape","floor":2},{"not_picked":["Chill","Heatsinks"],"picked":"FTL","floor":4},{"not_picked":["Doom and Gloom","Hologram"],"picked":"Go for the Eyes","floor":6},{"not_picked":["Cold Snap","Rebound","Barrage"],"picked":"SKIP","floor":10},{"not_picked":["Skim","Aggregate"],"picked":"Steam","floor":12},{"not_picked":["Storm","Hologram"],"picked":"Self Repair","floor":13},{"not_picked":["Storm","Recycle"],"picked":"Go for the Eyes","floor":14},{"not_picked":["Buffer","Hyperbeam"],"picked":"Core Surge","floor":16},{"not_picked":["Undo+1","Double Energy+1"],"picked":"White Noise+1","floor":18},{"not_picked":["Compile Driver","Rebound","Blizzard"],"picked":"SKIP","floor":20},{"not_picked":["Compile Driver","Creative AI","Steam Power+1"],"picked":"SKIP","floor":21},{"not_picked":["Tempest+1","Static Discharge"],"picked":"Chaos+1","floor":23},{"not_picked":["Sweeping Beam","Barrage"],"picked":"Redo+1","floor":24},{"not_picked":["Rebound+1","Compile Driver"],"picked":"Scrape","floor":27},{"not_picked":["Beam Cell","Steam+1"],"picked":"Gash","floor":29},{"not_picked":["Thunder Strike","Meteor Strike"],"picked":"Seek+1","floor":33},{"not_picked":["Streamline"],"picked":"Singing Bowl","floor":35},{"not_picked":["Turbo+1"],"picked":"Singing Bowl","floor":39},{"not_picked":[],"picked":"Gash","floor":41},{"not_picked":["Cold Snap"],"picked":"Singing Bowl","floor":44},{"not_picked":["Capacitor"],"picked":"Singing Bowl","floor":46},{"not_picked":["Coolheaded+1"],"picked":"Singing Bowl","floor":48}],"player_experience":1262746,"relics_obtained":[{"floor":6,"key":"Symbiotic Virus"},{"floor":9,"key":"Pen Nib"},{"floor":14,"key":"Toxic Egg 2"},{"floor":23,"key":"Bottled Flame"},{"floor":26,"key":"Singing Bowl"},{"floor":29,"key":"Happy Flower"},{"floor":43,"key":"War Paint"},{"floor":46,"key":"Girya"},{"floor":47,"key":"Regal Pillow"}],"event_choices":[{"cards_removed":["Strike_B"],"damage_healed":0,"gold_gain":0,"player_choice":"Card Removal","damage_taken":7,"max_hp_gain":0,"max_hp_loss":0,"event_name":"Golden Wing","floor":3,"gold_loss":0},{"damage_healed":0,"gold_gain":0,"player_choice":"Entered Light","damage_taken":15,"max_hp_gain":0,"max_hp_loss":0,"event_name":"Shining Light","floor":5,"gold_loss":0,"cards_upgraded":["FTL","Zap"]},{"damage_healed":0,"gold_gain":0,"player_choice":"Donut","damage_taken":0,"max_hp_gain":5,"max_hp_loss":0,"event_name":"Big Fish","floor":8,"gold_loss":0},{"damage_healed":0,"gold_gain":0,"player_choice":"Became a vampire","damage_taken":0,"max_hp_gain":0,"max_hp_loss":24,"event_name":"Vampires","floor":19,"gold_loss":0,"cards_obtained":["Bite","Bite","Bite","Bite","Bite"]},{"damage_healed":0,"gold_gain":0,"player_choice":"Shed Blood","damage_taken":14,"max_hp_gain":5,"max_hp_loss":0,"event_name":"Forgotten Altar","floor":22,"gold_loss":0},{"damage_healed":0,"gold_gain":0,"player_choice":"Embrace Madness","damage_taken":8,"max_hp_gain":0,"max_hp_loss":0,"event_name":"Winding Halls","floor":37,"gold_loss":0,"cards_obtained":["Madness","Madness"]},{"cards_removed":["Self Repair"],"damage_healed":0,"gold_gain":0,"player_choice":"Removed Power","damage_taken":0,"max_hp_gain":0,"max_hp_loss":0,"event_name":"Falling","floor":42,"gold_loss":0},{"damage_healed":0,"gold_gain":0,"player_choice":"Fight","damage_taken":0,"max_hp_gain":0,"max_hp_loss":0,"event_name":"Mysterious Sphere","floor":46,"gold_loss":0}],"is_beta":false,"boss_relics":[{"not_picked":["Philosopher\u0027s Stone","Black Star"],"picked":"Sozu"},{"not_picked":["Runic Dome","White Beast Statue"],"picked":"Busted Crown"}],"items_purged_floors":[31],"is_endless":false,"potions_floor_spawned":[4,12,13,14,20,24,27,29,35,41,48],"killed_by":"Time Eater","ascension_level":0}