{"path_per_floor":["M","?","M","?","T","E","M","R","T","M","E","M","M","M","R","B",null,"M","M","?","M","M","E","R","E","T","$","R","?","?","E","R","B",null,"M","M","?","?","$","E","R","M","T","E","?","T","R","M","R"],"character_chosen":"DEFECT","items_purchased":["FTL","Lockon","Ancient Tea Set","Strawberry","Thunder Strike"],"gold_per_floor":[117,67,86,86,86,119,138,138,217,230,259,276,290,300,300,403,403,419,433,433,443,458,485,485,519,546,135,135,50,50,79,79,178,178,191,206,206,254,126,158,158,168,223,256,256,338,338,350,350,350],"floor_reached":50,"campfire_rested":2,"playtime":3058,"item_purchase_floors":[],"current_hp_per_floor":[68,68,68,68,68,51,51,51,51,46,44,27,27,25,25,6,75,66,66,66,56,49,49,49,32,32,39,39,39,39,31,31,4,82,82,71,71,49,49,10,49,48,48,63,63,63,63,45,82,0],"items_purged":["Strike_B"],"gold":350,"score":620,"play_id":"0578f9f3-1a14-41cf-aa60-ebc2ba1dd5a6","local_time":"20180602110826","is_prod":false,"is_daily":false,"chose_seed":false,"is_ascension_mode":false,"campfire_upgraded":6,"win_rate":0.0,"timestamp":1527934106,"campfire_choices":[{"data":"Zap","floor":8.0,"key":"SMITH"},{"data":"Streamline","floor":15.0,"key":"SMITH"},{"data":"Dualcast","floor":24.0,"key":"SMITH"},{"data":"FTL","floor":28.0,"key":"SMITH"},{"data":"Storm","floor":32.0,"key":"SMITH"},{"floor":41,"key":"REST"},{"data":"Machine Learning","floor":47,"key":"SMITH"},{"floor":49,"key":"REST"}],"path_taken":["M","?","M","?","?","E","M","R","T","?","E","M","M","M","R","BOSS","M","M","?","M","M","E","R","E","T","$","R","?","?","E","R","BOSS","M","M","?","?","$","E","R","M","T","E","?","?","R","M","R","BOSS"],"build_version":"2018-05-31","seed_source_timestamp":0,"purchased_purges":1,"victory":false,"master_deck":["Strike_B","Strike_B+1","Defend_B+1","Defend_B+1","Zap+1","Dualcast+1","Leap","Ball Lightning+1","Glacier","Storm+1","Leap","Streamline+1","Sweeping Beam","Chill","Machine Learning+1","Consume","Steam+1","Ball Lightning+1","Go for the Eyes+1","Leap+1","Ball Lightning+1","FTL+1","Lockon","Writhe","Echo Form","Seek","BootSequence+1","Thunder Strike","Steam+1"],"max_hp_per_floor":[75,75,75,75,75,75,75,75,75,75,75,75,75,75,75,75,75,75,75,75,75,75,75,75,75,75,82,82,82,82,82,82,82,82,82,82,82,82,82,82,82,82,82,82,82,82,82,82,82,82],"relics":["Cracked Core","Mercury Hourglass","Whetstone","The Courier","Gambling Chip","Inserter","War Paint","Matryoshka","Anchor","Orichalcum","Ancient Tea Set","Strawberry","Boot","Regal Pillow","Potion Belt","Philosopher\u0027s Stone","Du-Vu Doll","Bag of Marbles","Letter Opener","Tiny Chest","Bottled Flame","Gremlin Horn"],"card_choices":[{"not_picked":["Stack","Rebound"],"picked":"Leap","floor":1.0},{"not_picked":["Genetic Algorithm","Fusion"],"picked":"Ball Lightning","floor":3.0},{"not_picked":["All For One","Steam"],"picked":"Glacier","floor":6.0},{"not_picked":["Doom and Gloom","Undo"],"picked":"Storm","floor":7.0},{"not_picked":["Gash","Turbo"],"picked":"Leap","floor":10.0},{"not_picked":["Beam Cell","Cold Snap"],"picked":"Streamline","floor":11.0},{"not_picked":["Ball Lightning","Darkness"],"picked":"Sweeping Beam","floor":12.0},{"not_picked":["Turbo","Melter"],"picked":"Chill","floor":13.0},{"not_picked":["Steam Power","Turbo","Sweeping Beam"],"picked":"SKIP","floor":14.0},{"not_picked":["Echo Form","Biased Cognition"],"picked":"Machine Learning","floor":16.0},{"not_picked":["Capacitor","Ball Lightning+1"],"picked":"Consume","floor":18.0},{"not_picked":["Stack","Turbo"],"picked":"Steam+1","floor":19.0},{"not_picked":["Hello World+1","Rebound"],"picked":"Go for the Eyes+1","floor":21.0},{"not_picked":["Compile Driver","Cold Snap"],"picked":"Leap+1","floor":22.0},{"not_picked":["Barrage","Conserve Battery","Turbo"],"picked":"SKIP","floor":23.0},{"not_picked":["Rainbow","Reprogram"],"picked":"Ball Lightning+1","floor":25.0},{"not_picked":["Stack+1","Amplify"],"picked":"Echo Form","floor":31.0},{"not_picked":["Meteor Strike","Buffer"],"picked":"Seek","floor":33.0},{"not_picked":["Darkness+1","Compile Driver+1","Hologram"],"picked":"SKIP","floor":35},{"not_picked":["BootSequence","Coolheaded","Stack"],"picked":"SKIP","floor":36},{"not_picked":["Sweeping Beam+1","Barrage"],"picked":"BootSequence+1","floor":38},{"not_picked":["Conserve Battery+1","Go for the Eyes+1"],"picked":"Steam+1","floor":40},{"not_picked":["BootSequence","Cold Snap+1"],"picked":"Fusion+1","floor":42},{"not_picked":["Hologram+1","Sweeping Beam","Beam Cell"],"picked":"SKIP","floor":44},{"not_picked":["Sweeping Beam","Hologram","Go for the Eyes"],"picked":"SKIP","floor":48}],"player_experience":592278,"potions_floor_usage":[44,44,50],"damage_taken":[{"damage":7.0,"enemies":"Small Slimes","floor":1.0,"turns":3.0},{"damage":0.0,"enemies":"Cultist","floor":3.0,"turns":3.0},{"damage":17.0,"enemies":"Lagavulin","floor":6.0,"turns":5.0},{"damage":0.0,"enemies":"2 Louse","floor":7.0,"turns":1.0},{"damage":5.0,"enemies":"Gremlin Gang","floor":10.0,"turns":2.0},{"damage":2.0,"enemies":"Gremlin Nob","floor":11.0,"turns":3.0},{"damage":17.0,"enemies":"Exordium Thugs","floor":12.0,"turns":3.0},{"damage":0.0,"enemies":"Blue Slaver","floor":13.0,"turns":2.0},{"damage":2.0,"enemies":"Exordium Wildlife","floor":14.0,"turns":2.0},{"damage":19.0,"enemies":"Hexaghost","floor":16.0,"turns":9.0},{"damage":9.0,"enemies":"3 Byrds","floor":18.0,"turns":4.0},{"damage":0.0,"enemies":"Shell Parasite","floor":19.0,"turns":6.0},{"damage":10.0,"enemies":"3 Cultists","floor":21.0,"turns":5.0},{"damage":7.0,"enemies":"Snake Plant","floor":22.0,"turns":4.0},{"damage":0.0,"enemies":"Book of Stabbing","floor":23.0,"turns":6.0},{"damage":17.0,"enemies":"Slavers","floor":25.0,"turns":7.0},{"damage":8.0,"enemies":"Book of Stabbing","floor":31.0,"turns":5.0},{"damage":27.0,"enemies":"Collector","floor":33.0,"turns":7.0},{"damage":0,"enemies":"3 Shapes","floor":35,"turns":4},{"damage":11,"enemies":"Orb Walker","floor":36,"turns":3},{"damage":22,"enemies":"Mysterious Sphere","floor":38,"turns":4},{"damage":39,"enemies":"2 Orb Walkers","floor":40,"turns":4},{"damage":1,"enemies":"4 Shapes","floor":42,"turns":4},{"damage":0,"enemies":"Giant Head","floor":44,"turns":7},{"damage":18,"enemies":"Sphere and 2 Shapes","floor":48,"turns":4},{"damage":89,"enemies":"Donu and Deca","floor":50,"turns":7}],"relics_obtained":[{"floor":5.0,"key":"Mercury Hourglass"},{"floor":6.0,"key":"Whetstone"},{"floor":9.0,"key":"The Courier"},{"floor":11.0,"key":"Gambling Chip"},{"floor":23.0,"key":"War Paint"},{"floor":25.0,"key":"Matryoshka"},{"floor":26.0,"key":"Anchor"},{"floor":26.0,"key":"Orichalcum"},{"floor":31.0,"key":"Potion Belt"},{"floor":38,"key":"Du-Vu Doll"},{"floor":40,"key":"Bag of Marbles"},{"floor":43,"key":"Letter Opener"},{"floor":43,"key":"Tiny Chest"},{"floor":44,"key":"Bottled Flame"},{"floor":46,"key":"Gremlin Horn"}],"event_choices":[{"event_name":"The Cleric","player_choice":"Card Removal","floor":2.0,"damage_taken":0.0},{"event_name":"Bonfire Elementals","player_choice":"BASIC","floor":4.0,"damage_taken":0.0},{"event_name":"Duplicator","player_choice":"One dupe","floor":20.0,"damage_taken":0.0},{"event_name":"Addict","player_choice":"Obtained Relic","floor":29.0,"damage_taken":0.0},{"event_name":"The Mausoleum","player_choice":"Yes","floor":30.0,"damage_taken":0.0},{"event_name":"Tomb of Lord Red Mask","player_choice":"Ignored","floor":37,"damage_taken":0},{"event_name":"Mysterious Sphere","player_choice":"Fight","floor":38,"damage_taken":0}],"boss_relics":[{"not_picked":["Calling Bell","Black Star"],"picked":"Philosopher\u0027s Stone"}],"items_purged_floors":[],"potions_floor_spawned":[3,7,10,11,13,22,23,25,33,35,42,44],"seed_played":"628838204855684256","killed_by":"Donu and Deca","ascension_level":0,"potions_obtained":[{"floor":3.0,"key":"Swift Potion"},{"floor":7.0,"key":"Block Potion"},{"floor":10.0,"key":"Swift Potion"},{"floor":11.0,"key":"EssenceOfSteel"},{"floor":13.0,"key":"Strength Potion"},{"floor":22.0,"key":"SteroidPotion"},{"floor":23.0,"key":"Swift Potion"},{"floor":25.0,"key":"LiquidBronze"},{"floor":33.0,"key":"Regen Potion"},{"floor":35,"key":"Swift Potion"},{"floor":42,"key":"Fire Potion"},{"floor":44,"key":"SteroidPotion"}],"is_trial":false}