{"gold_per_floor":[161,161,174,191,191,191,208,208,234,234,264,314,334,347,347,422,422,422,422,422,422,422,422,422,422,422,422,422,422,422,422,422,422,422,422,422,422,422,422,422,422,422,422,34,34,34,34,34,34,34,34],"floor_reached":52,"playtime":3333,"items_purged":["Strike_G"],"score":1691,"play_id":"214e1030-3d5f-4eaf-bf31-52149ba46f29","local_time":"20190127182836","is_ascension_mode":true,"campfire_choices":[{"data":"Blur","floor":6,"key":"SMITH"},{"data":"Dagger Spray","floor":8,"key":"SMITH"},{"data":"Deadly Poison","floor":10,"key":"SMITH"},{"data":"Bouncing Flask","floor":15,"key":"SMITH"},{"data":"Catalyst","floor":23,"key":"SMITH"},{"floor":28,"key":"REST"},{"floor":32,"key":"REST"},{"data":"Bane","floor":40,"key":"SMITH"},{"floor":42,"key":"REST"},{"floor":49,"key":"REST"}],"neow_cost":"NONE","seed_source_timestamp":307102725815500,"circlet_count":0,"master_deck":["AscendersBane","Defend_G","Defend_G","Defend_G","Defend_G","Defend_G","Strike_G","Strike_G","Survivor+1","Neutralize+1","Blur+1","Deadly Poison+1","Dagger Spray+1","Escape Plan","Well Laid Plans","Backstab","Bouncing Flask+1","Leg Sweep+1","Adrenaline","PiercingWail","RitualDagger","Blur+1","Catalyst+1","Backflip","Leg Sweep","Escape Plan","Backflip","Adrenaline","Escape Plan","Bane+1","Footwork","Apotheosis"],"relics":["Tiny House","Bronze Scales","Strawberry","Ectoplasm","Red Mask","Bag of Preparation","Empty Cage","Vajra","Paper Crane"],"potions_floor_usage":[11,22,25,33,37,38,50,51],"damage_taken":[{"damage":1,"enemies":"2 Louse","floor":1,"turns":3},{"damage":2,"enemies":"Cultist","floor":3,"turns":5},{"damage":2,"enemies":"Small Slimes","floor":4,"turns":3},{"damage":1,"enemies":"Red Slaver","floor":7,"turns":6},{"damage":13,"enemies":"Lagavulin","floor":11,"turns":8},{"damage":2,"enemies":"Blue Slaver","floor":13,"turns":3},{"damage":0,"enemies":"2 Fungi Beasts","floor":14,"turns":3},{"damage":12,"enemies":"The Guardian","floor":16,"turns":10},{"damage":7,"enemies":"3 Byrds","floor":18,"turns":3},{"damage":19,"enemies":"Spheric Guardian","floor":21,"turns":5},{"damage":0,"enemies":"Masked Bandits","floor":22,"turns":3},{"damage":0,"enemies":"Snake Plant","floor":24,"turns":3},{"damage":28,"enemies":"3 Cultists","floor":25,"turns":6},{"damage":7,"enemies":"Cultist and Chosen","floor":29,"turns":3},{"damage":12,"enemies":"Centurion and Healer","floor":30,"turns":8},{"damage":0,"enemies":"Snake Plant","floor":31,"turns":4},{"damage":31,"enemies":"Champ","floor":33,"turns":14},{"damage":0,"enemies":"Orb Walker","floor":35,"turns":4},{"damage":17,"enemies":"3 Shapes","floor":37,"turns":5},{"damage":27,"enemies":"Spire Growth","floor":38,"turns":6},{"damage":0,"enemies":"Writhing Mass","floor":39,"turns":6},{"damage":14,"enemies":"Jaw Worm Horde","floor":41,"turns":5},{"damage":3,"enemies":"Maw","floor":45,"turns":7},{"damage":13,"enemies":"Awakened One","floor":50,"turns":24},{"damage":20,"enemies":"Donu and Deca","floor":51,"turns":21}],"seed_played":"6037048911688923785","potions_obtained":[{"floor":0,"key":"EssenceOfSteel"},{"floor":1,"key":"EssenceOfSteel"},{"floor":7,"key":"Fire Potion"},{"floor":18,"key":"FearPotion"},{"floor":22,"key":"Block Potion"},{"floor":25,"key":"Energy Potion"},{"floor":33,"key":"Regen Potion"},{"floor":38,"key":"GhostInAJar"},{"floor":39,"key":"SteroidPotion"}],"is_trial":false,"path_per_floor":["M","$","M","M","?","R","M","R","T","R","E","?","M","M","R","B",null,"M","$","?","M","?","R","M","M","T","?","R","M","M","M","R","B",null,"M","?","M","M","M","R","M","R","T","$","M","$","?","$","R","B","B",null],"character_chosen":"THE_SILENT","items_purchased":["Paper Crane","Footwork"],"campfire_rested":4,"item_purchase_floors":[44,44],"current_hp_per_floor":[63,63,61,59,59,59,58,58,58,58,52,52,50,50,50,38,68,61,61,55,36,36,36,36,8,8,8,31,24,12,12,35,4,60,60,60,43,31,31,31,17,40,40,40,37,37,37,37,60,47,27],"gold":34,"neow_bonus":"BOSS_RELIC","is_prod":false,"is_daily":false,"chose_seed":false,"campfire_upgraded":6,"win_rate":0,"timestamp":1548613716,"path_taken":["M","$","M","M","?","R","?","R","T","R","E","?","M","?","R","BOSS","M","$","?","M","?","R","M","M","T","?","R","M","?","M","R","BOSS","M","?","?","M","M","R","M","R","T","$","M","?","?","?","R","BOSS","BOSS"],"build_version":"2019-01-23","purchased_purges":1,"victory":true,"max_hp_per_floor":[71,71,71,71,71,71,71,71,71,71,78,78,78,78,78,78,78,78,78,78,78,78,78,78,78,78,78,78,78,78,78,78,78,78,78,78,78,78,78,78,78,78,78,78,78,78,78,78,78,78,78],"card_choices":[{"not_picked":["Concentrate","Leg Sweep"],"picked":"Blur","floor":0},{"not_picked":["Acrobatics","Prepared"],"picked":"Deadly Poison","floor":1},{"not_picked":["Flechettes","Sucker Punch"],"picked":"Dagger Spray","floor":3},{"not_picked":["Outmaneuver","Blade Dance"],"picked":"Escape Plan","floor":4},{"not_picked":["Catalyst","Bane"],"picked":"Well Laid Plans","floor":7},{"not_picked":["Deadly Poison","Escape Plan"],"picked":"Backstab","floor":11},{"not_picked":["All Out Attack","Dagger Spray"],"picked":"Bouncing Flask","floor":13},{"not_picked":["Dagger Throw","Poisoned Stab"],"picked":"Leg Sweep","floor":14},{"not_picked":["Storm of Steel","Night Terror"],"picked":"Adrenaline","floor":16},{"not_picked":["Distraction","Blade Dance"],"picked":"PiercingWail","floor":18},{"not_picked":["Masterful Stab","Finisher"],"picked":"Blur","floor":21},{"not_picked":["Expertise","Slice"],"picked":"Catalyst","floor":22},{"not_picked":["Blade Dance","Escape Plan"],"picked":"Backflip","floor":24},{"not_picked":["Riddle With Holes","Heel Hook"],"picked":"Leg Sweep","floor":25},{"not_picked":["Well Laid Plans","Underhanded Strike"],"picked":"Escape Plan","floor":29},{"not_picked":["Quick Slash","Dagger Spray"],"picked":"Backflip","floor":30},{"not_picked":["Quick Slash","Blade Dance","Crippling Poison"],"picked":"SKIP","floor":31},{"not_picked":["Phantasmal Killer","Corpse Explosion"],"picked":"Adrenaline","floor":33},{"not_picked":["Heel Hook","Acrobatics+1","Blade Dance+1"],"picked":"SKIP","floor":35},{"not_picked":["Endless Agony","Flying Knee"],"picked":"Escape Plan","floor":37},{"not_picked":["Acrobatics","Night Terror","Tactician"],"picked":"SKIP","floor":38},{"not_picked":["Bane","Riddle With Holes","Tactician+1"],"picked":"SKIP","floor":39},{"not_picked":["Riddle With Holes","Tactician+1"],"picked":"Bane","floor":39},{"not_picked":["Cloak And Dagger+1","Quick Slash","Leg Sweep"],"picked":"SKIP","floor":41},{"not_picked":["Dagger Throw","Bane+1","Finisher+1"],"picked":"SKIP","floor":45},{"not_picked":["Magnetism","Mind Blast"],"picked":"Apotheosis","floor":47}],"player_experience":1230711,"relics_obtained":[{"floor":9,"key":"Bronze Scales"},{"floor":11,"key":"Strawberry"},{"floor":22,"key":"Red Mask"},{"floor":26,"key":"Bag of Preparation"},{"floor":43,"key":"Vajra"}],"event_choices":[{"damage_healed":0,"gold_gain":0,"player_choice":"Forge","damage_taken":0,"max_hp_gain":0,"max_hp_loss":0,"event_name":"Accursed Blacksmith","floor":5,"gold_loss":0,"cards_upgraded":["Neutralize"]},{"damage_healed":0,"gold_gain":50,"player_choice":"Pray","damage_taken":0,"max_hp_gain":0,"max_hp_loss":0,"event_name":"Golden Shrine","floor":12,"gold_loss":0},{"damage_healed":0,"gold_gain":0,"player_choice":"Joined the Cult","damage_taken":6,"max_hp_gain":0,"max_hp_loss":0,"event_name":"Nest","floor":20,"gold_loss":0,"cards_obtained":["RitualDagger"]},{"damage_healed":0,"gold_gain":0,"player_choice":"Fought Bandits","damage_taken":0,"max_hp_gain":0,"max_hp_loss":0,"event_name":"Masked Bandits","floor":22,"gold_loss":0},{"damage_healed":0,"gold_gain":0,"player_choice":"Upgraded","damage_taken":0,"max_hp_gain":0,"max_hp_loss":0,"event_name":"Upgrade Shrine","floor":27,"gold_loss":0,"cards_upgraded":["Leg Sweep"]},{"damage_healed":0,"gold_gain":0,"player_choice":"Upgraded","damage_taken":0,"max_hp_gain":0,"max_hp_loss":0,"event_name":"Upgrade Shrine","floor":36,"gold_loss":0,"cards_upgraded":["Blur"]},{"damage_healed":0,"gold_gain":0,"player_choice":"Memory 1","damage_taken":0,"max_hp_gain":0,"max_hp_loss":0,"event_name":"SensoryStone","floor":47,"gold_loss":0}],"is_beta":false,"boss_relics":[{"not_picked":["Pandora\u0027s Box","White Beast Statue"],"picked":"Ectoplasm"},{"not_picked":["Runic Pyramid","Calling Bell"],"picked":"Empty Cage"}],"items_purged_floors":[44],"is_endless":false,"potions_floor_spawned":[1,4,7,18,22,25,33,38,39],"ascension_level":20}