{"gold_per_floor":[117,46,60,76,93,122,122,122,175,202,202,218,218,247,247,351,351,362,381,393,409,409,438,438,353,380,394,411,411,423,433,433,536,536,554,567,276,276,287,316,328,328,381,396,414,430,430,440,440,440],"floor_reached":51,"playtime":3553,"items_purged":[],"score":787,"play_id":"8cb23c35-e25e-4758-b188-1076c4bf1fed","local_time":"20181228013415","is_ascension_mode":true,"campfire_choices":[{"data":"Armaments","floor":7,"key":"SMITH"},{"data":"Body Slam","floor":11,"key":"SMITH"},{"data":"Warcry","floor":15,"key":"SMITH"},{"data":"Limit Break","floor":32,"key":"SMITH"},{"data":"Barricade","floor":42,"key":"SMITH"},{"floor":49,"key":"REST"}],"neow_cost":"NONE","seed_source_timestamp":267482356865971,"circlet_count":0,"master_deck":["Strike_R","Strike_R","Strike_R","Strike_R","Strike_R","Defend_R","Defend_R","Defend_R","Defend_R","Bash","Spot Weakness","Armaments+1","Armaments+1","Inflame","Shrug It Off","Body Slam+1","Warcry+1","Rage","Barricade+1","Shrug It Off","Thunderclap+1","Body Slam","Pummel+1","Intimidate+1","RitualDagger","Heavy Blade+1","Burning Pact","Juggernaut","Battle Trance","Limit Break+1","Anger+1","Anger+1","Bloodletting+1","Body Slam","Entrench+1","Shockwave","Spot Weakness+1"],"relics":["Burning Blood","Meat on the Bone","Potion Belt","Ancient Tea Set","Pen Nib","Ornamental Fan","Sozu","Bottled Tornado","Question Card","Red Skull","Runic Pyramid","Ice Cream","Bottled Lightning","Juzu Bracelet"],"potions_floor_usage":[4,6,17,19],"damage_taken":[{"damage":2,"enemies":"Cultist","floor":1,"turns":5},{"damage":7,"enemies":"2 Louse","floor":3,"turns":3},{"damage":1,"enemies":"Jaw Worm","floor":4,"turns":5},{"damage":6,"enemies":"3 Louse","floor":5,"turns":4},{"damage":22,"enemies":"3 Sentries","floor":6,"turns":7},{"damage":56,"enemies":"Gremlin Nob","floor":10,"turns":5},{"damage":0,"enemies":"Exordium Wildlife","floor":12,"turns":2},{"damage":23,"enemies":"Lagavulin","floor":14,"turns":8},{"damage":11,"enemies":"Slime Boss","floor":16,"turns":8},{"damage":12,"enemies":"Shell Parasite","floor":18,"turns":5},{"damage":37,"enemies":"3 Byrds","floor":19,"turns":7},{"damage":17,"enemies":"Centurion and Healer","floor":20,"turns":6},{"damage":16,"enemies":"Snake Plant","floor":21,"turns":5},{"damage":47,"enemies":"Slavers","floor":23,"turns":5},{"damage":0,"enemies":"Snecko","floor":27,"turns":4},{"damage":5,"enemies":"Shelled Parasite and Fungi","floor":28,"turns":3},{"damage":14,"enemies":"Centurion and Healer","floor":30,"turns":7},{"damage":1,"enemies":"Snecko","floor":31,"turns":5},{"damage":36,"enemies":"Automaton","floor":33,"turns":14},{"damage":23,"enemies":"3 Shapes","floor":35,"turns":4},{"damage":18,"enemies":"Orb Walker","floor":36,"turns":3},{"damage":11,"enemies":"Spire Growth","floor":39,"turns":4},{"damage":27,"enemies":"Giant Head","floor":40,"turns":7},{"damage":18,"enemies":"Writhing Mass","floor":41,"turns":2},{"damage":26,"enemies":"3 Darklings","floor":44,"turns":4},{"damage":4,"enemies":"Maw","floor":45,"turns":5},{"damage":35,"enemies":"Transient","floor":46,"turns":5},{"damage":17,"enemies":"Spire Growth","floor":48,"turns":3},{"damage":29,"enemies":"Time Eater","floor":50,"turns":5}],"seed_played":"2007727267780682588","potions_obtained":[{"floor":3,"key":"SkillPotion"},{"floor":5,"key":"AttackPotion"},{"floor":14,"key":"Fruit Juice"},{"floor":16,"key":"AttackPotion"}],"is_trial":false,"path_per_floor":["M","$","M","M","M","E","R","?","T","E","R","M","?","E","R","B",null,"M","M","M","M","?","E","?","?","T","M","M","?","M","M","R","B",null,"M","M","$","?","M","E","M","R","T","M","M","M","?","M","R","B",null],"character_chosen":"IRONCLAD","items_purchased":["Spot Weakness","Ice Cream"],"campfire_rested":1,"item_purchase_floors":[2,37],"current_hp_per_floor":[88,88,87,88,88,72,72,72,72,34,34,52,52,47,47,54,93,87,56,57,59,59,30,24,24,24,42,55,55,59,64,64,46,93,76,64,64,64,59,50,50,50,50,42,56,39,39,40,67,56],"gold":440,"neow_bonus":"TEN_PERCENT_HP_BONUS","is_prod":false,"is_daily":false,"chose_seed":false,"campfire_upgraded":5,"win_rate":0,"timestamp":1545989655,"path_taken":["M","$","?","M","M","E","R","?","T","E","R","M","?","E","R","BOSS","M","M","M","M","?","E","?","?","T","?","M","?","M","M","R","BOSS","M","M","$","?","M","E","?","R","T","M","M","M","?","M","R","BOSS"],"build_version":"2018-12-20","purchased_purges":0,"victory":true,"max_hp_per_floor":[88,88,88,88,88,88,88,88,88,88,88,88,88,88,88,88,93,93,93,93,93,93,93,93,93,93,93,93,93,93,93,93,93,93,93,93,93,93,93,93,93,93,93,93,93,93,93,93,93,93],"card_choices":[{"not_picked":["Rampage","Warcry"],"picked":"Pommel Strike","floor":1},{"not_picked":["Rupture","Thunderclap"],"picked":"Armaments","floor":3},{"not_picked":["Bloodletting","Wild Strike"],"picked":"Armaments","floor":4},{"not_picked":["Rage","Reckless Charge"],"picked":"Inflame","floor":5},{"not_picked":["Twin Strike","Clothesline"],"picked":"Shrug It Off","floor":6},{"not_picked":["Flame Barrier","Disarm"],"picked":"Body Slam","floor":10},{"not_picked":["Flex","True Grit"],"picked":"Warcry","floor":12},{"not_picked":["Heavy Blade","Flame Barrier"],"picked":"Rage","floor":14},{"not_picked":["Bludgeon","Fiend Fire"],"picked":"Barricade","floor":16},{"not_picked":["Iron Wave","Warcry"],"picked":"Shrug It Off","floor":18},{"not_picked":["Clothesline","Iron Wave"],"picked":"Thunderclap+1","floor":19},{"not_picked":["Spot Weakness","Flex"],"picked":"Body Slam","floor":20},{"not_picked":["Inflame","Sword Boomerang+1"],"picked":"Pummel+1","floor":21},{"not_picked":["True Grit","Wild Strike"],"picked":"Intimidate+1","floor":23},{"not_picked":["Cleave+1","Clash","Thunderclap+1"],"picked":"Heavy Blade","floor":27},{"not_picked":["Heavy Blade","Sword Boomerang","Perfected Strike"],"picked":"Burning Pact","floor":28},{"not_picked":["Cleave","Heavy Blade","Pommel Strike"],"picked":"Battle Trance","floor":30},{"not_picked":["Anger+1","Sword Boomerang+1","Warcry"],"picked":"Limit Break","floor":31},{"not_picked":["Clothesline","Iron Wave","Armaments+1"],"picked":"Anger+1","floor":35},{"not_picked":["Cleave+1","Shrug It Off+1","Reckless Charge"],"picked":"Headbutt","floor":36},{"not_picked":["Heavy Blade+1","Headbutt","Perfected Strike+1"],"picked":"Anger+1","floor":39},{"not_picked":["Clothesline+1","Twin Strike+1","Evolve+1"],"picked":"Bloodletting+1","floor":40},{"not_picked":["Armaments","Cleave","Headbutt+1"],"picked":"Body Slam","floor":41},{"not_picked":["Body Slam","Thunderclap","Sever Soul"],"picked":"Entrench+1","floor":44},{"not_picked":["Clothesline","Sword Boomerang","Shrug It Off"],"picked":"Shockwave","floor":45},{"not_picked":["True Grit+1","Sword Boomerang+1","Anger+1","Searing Blow"],"picked":"SKIP","floor":46},{"not_picked":["Reckless Charge+1","Burning Pact","Battle Trance+1"],"picked":"Spot Weakness+1","floor":48}],"player_experience":130364,"relics_obtained":[{"floor":6,"key":"Meat on the Bone"},{"floor":9,"key":"Potion Belt"},{"floor":10,"key":"Ancient Tea Set"},{"floor":14,"key":"Ornamental Fan"},{"floor":23,"key":"Bottled Tornado"},{"floor":26,"key":"Red Skull"},{"floor":40,"key":"Bottled Lightning"},{"floor":43,"key":"Juzu Bracelet"}],"event_choices":[{"damage_healed":0,"gold_gain":0,"player_choice":"Grow","damage_taken":0,"max_hp_gain":0,"max_hp_loss":0,"event_name":"Living Wall","floor":8,"gold_loss":0,"cards_upgraded":["Armaments"]},{"cards_removed":["Pommel Strike"],"damage_healed":0,"gold_gain":0,"player_choice":"Gave Card","damage_taken":0,"relics_obtained":["Pen Nib"],"max_hp_gain":0,"max_hp_loss":0,"event_name":"WeMeetAgain","floor":13,"gold_loss":0},{"damage_healed":0,"gold_gain":0,"player_choice":"Ignored","damage_taken":0,"max_hp_gain":0,"max_hp_loss":0,"event_name":"Beggar","floor":22,"gold_loss":0},{"damage_healed":0,"gold_gain":0,"player_choice":"Joined the Cult","damage_taken":6,"max_hp_gain":0,"max_hp_loss":0,"event_name":"Nest","floor":24,"gold_loss":0,"cards_obtained":["RitualDagger"]},{"damage_healed":0,"gold_gain":0,"player_choice":"Obtained Relic","damage_taken":0,"relics_obtained":["Question Card"],"max_hp_gain":0,"max_hp_loss":0,"event_name":"Addict","floor":25,"gold_loss":85},{"damage_healed":0,"gold_gain":0,"player_choice":"Read","damage_taken":0,"max_hp_gain":0,"max_hp_loss":0,"event_name":"The Library","floor":29,"gold_loss":0,"cards_obtained":["Juggernaut"]},{"cards_removed":["Headbutt"],"damage_healed":0,"gold_gain":0,"player_choice":"Purged","damage_taken":0,"max_hp_gain":0,"max_hp_loss":0,"event_name":"Purifier","floor":38,"gold_loss":0},{"damage_healed":0,"gold_gain":0,"player_choice":"Upgraded","damage_taken":0,"max_hp_gain":0,"max_hp_loss":0,"event_name":"Upgrade Shrine","floor":47,"gold_loss":0,"cards_upgraded":["Heavy Blade"]}],"is_beta":false,"boss_relics":[{"not_picked":["Cursed Key","Ectoplasm"],"picked":"Sozu"},{"not_picked":["Eternal Feather","Philosopher\u0027s Stone"],"picked":"Runic Pyramid"}],"items_purged_floors":[],"is_endless":false,"potions_floor_spawned":[3,5,14,16,18,19,21,28,35,40,44,45,46],"ascension_level":1}