{"gold_per_floor":[110,110,126,140,222,222,247,247,271,286,286,318,330,356,368,380],"floor_reached":16,"playtime":534,"items_purged":[],"score":220,"play_id":"8f03e46d-2088-40d8-a174-33b4a1d36077","local_time":"20190127165016","is_ascension_mode":true,"campfire_choices":[{"data":"Neutralize","floor":6,"key":"SMITH"},{"data":"After Image","floor":8,"key":"SMITH"},{"data":"Deadly Poison","floor":13,"key":"SMITH"},{"floor":15,"key":"REST"}],"neow_cost":"NONE","seed_source_timestamp":304018268254700,"circlet_count":0,"master_deck":["AscendersBane","Defend_G","Defend_G","Defend_G","Defend_G","Defend_G","Strike_G","Strike_G","Strike_G","Strike_G","Survivor","Neutralize+1","Dash","After Image+1","Dagger Spray","Deadly Poison+1","Slice","Deflect","Prepared"],"relics":["Ring of the Snake","NeowsBlessing","Kunai","Blood Vial","Smiling Mask","MawBank"],"potions_floor_usage":[16],"damage_taken":[{"damage":0,"enemies":"Small Slimes","floor":1,"turns":1},{"damage":0,"enemies":"Cultist","floor":3,"turns":1},{"damage":0,"enemies":"Jaw Worm","floor":4,"turns":1},{"damage":21,"enemies":"Lagavulin","floor":7,"turns":12},{"damage":3,"enemies":"2 Fungi Beasts","floor":10,"turns":3},{"damage":13,"enemies":"3 Sentries","floor":12,"turns":11},{"damage":16,"enemies":"3 Louse","floor":14,"turns":2},{"damage":46,"enemies":"Slime Boss","floor":16,"turns":8}],"seed_played":"9131276162812076278","potions_obtained":[{"floor":1,"key":"GamblersBrew"},{"floor":4,"key":"Swift Potion"},{"floor":14,"key":"Explosive Potion"}],"is_trial":false,"path_per_floor":["M","?","M","M","T","R","E","R","T","M","?","E","R","M","R","B"],"character_chosen":"THE_SILENT","items_purchased":[],"campfire_rested":1,"item_purchase_floors":[],"current_hp_per_floor":[59,59,59,59,59,59,38,38,38,37,42,31,31,17,38,0],"gold":380,"neow_bonus":"THREE_ENEMY_KILL","is_prod":false,"is_daily":false,"chose_seed":false,"campfire_upgraded":3,"win_rate":0,"timestamp":1548607816,"path_taken":["M","?","M","?","?","R","E","R","T","M","?","E","R","M","R","BOSS"],"build_version":"2019-01-23","purchased_purges":0,"victory":false,"max_hp_per_floor":[66,66,66,66,66,66,66,66,66,66,71,71,71,71,71,71],"card_choices":[{"not_picked":["Heel Hook","PiercingWail"],"picked":"Dash","floor":1},{"not_picked":["PiercingWail","Sucker Punch"],"picked":"Dagger Spray","floor":3},{"not_picked":["Well Laid Plans","Blade Dance"],"picked":"Deadly Poison","floor":4},{"not_picked":["Sucker Punch","Dagger Throw"],"picked":"Slice","floor":7},{"not_picked":["Night Terror","Bane"],"picked":"Deflect","floor":10},{"not_picked":["PiercingWail","Deadly Poison","Riddle With Holes"],"picked":"SKIP","floor":12},{"not_picked":["Eviscerate","Masterful Stab"],"picked":"Prepared","floor":14}],"player_experience":1227700,"relics_obtained":[{"floor":5,"key":"Kunai"},{"floor":7,"key":"Blood Vial"},{"floor":9,"key":"Smiling Mask"},{"floor":12,"key":"MawBank"}],"event_choices":[{"damage_healed":0,"gold_gain":0,"cards_transformed":["Strike_G"],"player_choice":"Transformed","damage_taken":0,"max_hp_gain":0,"max_hp_loss":0,"event_name":"Transmorgrifier","floor":2,"gold_loss":0,"cards_obtained":["After Image"]},{"damage_healed":0,"gold_gain":0,"player_choice":"Donut","damage_taken":0,"max_hp_gain":5,"max_hp_loss":0,"event_name":"Big Fish","floor":11,"gold_loss":0}],"is_beta":false,"boss_relics":[],"items_purged_floors":[],"is_endless":false,"potions_floor_spawned":[1,4,14],"killed_by":"Slime Boss","ascension_level":20}