{"gold_per_floor":[119,294,294,3,23,56,56,56,56,84,9,41,53,53,53,149,149,164,175,175,175,193,193,211,211,257,257,257,291,37,48,48,146,146,159,208,58,69,69,69,99,99,99,125,135,58,58,73,73,73],"floor_reached":51,"playtime":2871,"items_purged":["Strike_B"],"score":1171,"play_id":"9996c93c-4371-42f0-a468-a13045e01618","local_time":"20190623182820","is_ascension_mode":true,"campfire_choices":[{"data":"Chaos","floor":7,"key":"SMITH"},{"floor":15,"key":"REST"},{"data":"Hologram","floor":23,"key":"SMITH"},{"floor":27,"key":"REST"},{"floor":32,"key":"REST"},{"data":"Sweeping Beam","floor":40,"key":"SMITH"},{"data":"Conserve Battery","floor":42,"key":"SMITH"},{"data":"Glacier","floor":49,"key":"SMITH"}],"neow_cost":"NONE","seed_source_timestamp":19043432416790,"circlet_count":0,"master_deck":["AscendersBane","Strike_B","Strike_B","Defend_B","Defend_B","Defend_B","Defend_B","Zap+1","Dualcast+1","Sweeping Beam+1","Conserve Battery+1","Chaos+1","Hologram+1","Doom and Gloom","Glacier+1","Echo Form+1","Conserve Battery+1","Hologram+1","BootSequence+1","Machine Learning+1","Compile Driver+1","Buffer+1","Defragment+1"],"relics":["Cracked Core","NeowsBlessing","Mango","Mercury Hourglass","Gremlin Horn","Bag of Preparation","Sundial","Frozen Egg 2","Inserter","Nilry\u0027s Codex","Happy Flower","Mummified Hand","Meat on the Bone","White Beast Statue","Omamori","Oddly Smooth Stone","Molten Egg 2","Bird Faced Urn","Unceasing Top"],"potions_floor_usage":[10,29,31,41,41,48,48,50],"damage_taken":[{"damage":0,"enemies":"Jaw Worm","floor":1,"turns":1},{"damage":0,"enemies":"2 Louse","floor":5,"turns":1},{"damage":0,"enemies":"Gremlin Nob","floor":6,"turns":1},{"damage":23,"enemies":"3 Sentries","floor":10,"turns":5},{"damage":20,"enemies":"Lagavulin","floor":12,"turns":7},{"damage":0,"enemies":"Cultist","floor":13,"turns":2},{"damage":4,"enemies":"The Guardian","floor":16,"turns":12},{"damage":6,"enemies":"3 Byrds","floor":18,"turns":3},{"damage":9,"enemies":"Spheric Guardian","floor":19,"turns":3},{"damage":4,"enemies":"Chosen and Byrds","floor":22,"turns":5},{"damage":22,"enemies":"Snake Plant","floor":24,"turns":4},{"damage":21,"enemies":"Book of Stabbing","floor":29,"turns":7},{"damage":0,"enemies":"Sentry and Sphere","floor":31,"turns":4},{"damage":4,"enemies":"Champ","floor":33,"turns":13},{"damage":6,"enemies":"3 Shapes","floor":35,"turns":4},{"damage":9,"enemies":"Orb Walker","floor":38,"turns":4},{"damage":0,"enemies":"Giant Head","floor":41,"turns":12},{"damage":20,"enemies":"Reptomancer","floor":44,"turns":7},{"damage":0,"enemies":"Sphere and 2 Shapes","floor":45,"turns":4},{"damage":19,"enemies":"Spire Growth","floor":48,"turns":5},{"damage":25,"enemies":"Time Eater","floor":50,"turns":12}],"seed_played":"1265127186446758656","potions_obtained":[{"floor":6,"key":"SkillPotion"},{"floor":10,"key":"FearPotion"},{"floor":16,"key":"FearPotion"},{"floor":19,"key":"SteroidPotion"},{"floor":33,"key":"SkillPotion"},{"floor":35,"key":"Regen Potion"},{"floor":41,"key":"FairyPotion"},{"floor":44,"key":"Swift Potion"},{"floor":45,"key":"Regen Potion"},{"floor":48,"key":"Ancient Potion"}],"is_trial":false,"path_per_floor":["M","?","?","$","M","E","R","?","T","E","$","E","M","T","R","B",null,"M","M","?","$","M","R","M","?","T","R","?","E","$","M","R","B",null,"M","T","$","M","?","R","E","R","T","E","M","$","?","M","R","B",null],"character_chosen":"DEFECT","items_purchased":["Mango","Meat on the Bone","Oddly Smooth Stone","Defragment+1"],"campfire_rested":3,"item_purchase_floors":[4,30,37,46],"current_hp_per_floor":[68,68,61,75,75,75,75,75,75,52,52,32,32,32,58,54,80,74,65,49,49,45,45,23,23,23,49,49,28,28,40,66,62,82,76,76,76,67,67,67,82,82,82,70,78,78,78,77,77,76],"gold":73,"neow_bonus":"THREE_ENEMY_KILL","is_prod":false,"is_daily":false,"chose_seed":false,"campfire_upgraded":5,"win_rate":0,"timestamp":1561328900,"path_taken":["M","?","?","$","M","E","R","?","T","E","$","E","M","?","R","BOSS","M","M","?","$","M","R","M","?","T","R","?","E","$","M","R","BOSS","M","?","$","?","?","R","E","R","T","E","?","$","?","M","R","BOSS"],"build_version":"2019-01-23","purchased_purges":1,"victory":true,"max_hp_per_floor":[75,75,75,89,89,89,89,89,89,89,89,89,89,89,89,89,89,89,89,89,89,89,89,89,89,89,89,89,89,89,89,89,89,89,89,89,89,89,89,89,89,89,89,89,89,89,85,85,85,85],"card_choices":[{"not_picked":["Redo","Steam"],"picked":"Sweeping Beam","floor":1},{"not_picked":["Redo","Storm"],"picked":"Conserve Battery","floor":5},{"not_picked":["Go for the Eyes","Sweeping Beam"],"picked":"Chaos","floor":6},{"not_picked":["Amplify","Conserve Battery"],"picked":"Hologram","floor":10},{"not_picked":["Gash","Barrage"],"picked":"Doom and Gloom","floor":12},{"not_picked":["Gash","Stack"],"picked":"Glacier","floor":13},{"not_picked":["Amplify","Core Surge"],"picked":"Echo Form+1","floor":16},{"not_picked":["Leap+1","Doom and Gloom"],"picked":"Conserve Battery+1","floor":18},{"not_picked":["Conserve Battery+1","Barrage"],"picked":"Hologram+1","floor":19},{"not_picked":["Steam","Redo","Streamline"],"picked":"SKIP","floor":22},{"not_picked":["Stack+1","Heatsinks+1"],"picked":"BootSequence+1","floor":24},{"not_picked":["Hologram","Hello World+1"],"picked":"Machine Learning+1","floor":29},{"not_picked":["Ball Lightning+1","Barrage"],"picked":"Compile Driver+1","floor":31},{"not_picked":["Core Surge","Seek"],"picked":"Buffer+1","floor":33},{"not_picked":["Compile Driver+1","Hologram","Genetic Algorithm+1"],"picked":"SKIP","floor":35},{"not_picked":["Lockon","Leap","Ball Lightning+1"],"picked":"SKIP","floor":38},{"not_picked":["Beam Cell","Ball Lightning","Heatsinks+1"],"picked":"SKIP","floor":41},{"not_picked":["Beam Cell+1","Lockon+1","Scrape+1"],"picked":"SKIP","floor":44},{"not_picked":["Static Discharge+1","Turbo+1","Stack+1"],"picked":"SKIP","floor":45},{"not_picked":["Redo","Ball Lightning+1","Compile Driver+1"],"picked":"SKIP","floor":48}],"player_experience":438091,"relics_obtained":[{"floor":6,"key":"Mercury Hourglass"},{"floor":9,"key":"Gremlin Horn"},{"floor":10,"key":"Bag of Preparation"},{"floor":12,"key":"Sundial"},{"floor":14,"key":"Frozen Egg 2"},{"floor":20,"key":"Nilry\u0027s Codex"},{"floor":26,"key":"Happy Flower"},{"floor":29,"key":"Mummified Hand"},{"floor":36,"key":"Omamori"},{"floor":41,"key":"Molten Egg 2"},{"floor":43,"key":"Bird Faced Urn"},{"floor":44,"key":"Unceasing Top"}],"event_choices":[{"damage_healed":0,"gold_gain":175,"player_choice":"AGREE","damage_taken":0,"max_hp_gain":0,"max_hp_loss":0,"event_name":"Liars Game","floor":2,"gold_loss":0,"cards_obtained":["Doubt"]},{"cards_removed":["Doubt"],"damage_healed":0,"gold_gain":0,"player_choice":"Card Removal","damage_taken":7,"max_hp_gain":0,"max_hp_loss":0,"event_name":"Golden Wing","floor":3,"gold_loss":0},{"damage_healed":0,"gold_gain":0,"player_choice":"Grow","damage_taken":0,"max_hp_gain":0,"max_hp_loss":0,"event_name":"Living Wall","floor":8,"gold_loss":0,"cards_upgraded":["Zap"]},{"damage_healed":0,"gold_gain":0,"player_choice":"Obtained Book","damage_taken":16,"max_hp_gain":0,"max_hp_loss":0,"event_name":"Cursed Tome","floor":20,"gold_loss":0},{"damage_healed":0,"gold_gain":0,"player_choice":"Ignored","damage_taken":0,"max_hp_gain":0,"max_hp_loss":0,"event_name":"Ghosts","floor":25,"gold_loss":0},{"cards_removed":["Strike_B"],"damage_healed":0,"gold_gain":0,"player_choice":"Purged","damage_taken":0,"max_hp_gain":0,"max_hp_loss":0,"event_name":"Purifier","floor":28,"gold_loss":0},{"damage_healed":0,"gold_gain":0,"player_choice":"Forge","damage_taken":0,"max_hp_gain":0,"max_hp_loss":0,"event_name":"Accursed Blacksmith","floor":39,"gold_loss":0,"cards_upgraded":["Dualcast"]},{"damage_healed":0,"gold_gain":0,"player_choice":"Max HP","damage_taken":0,"max_hp_gain":0,"max_hp_loss":4,"event_name":"Winding Halls","floor":47,"gold_loss":0}],"is_beta":false,"boss_relics":[{"not_picked":["Nuclear Battery","Runic Pyramid"],"picked":"Inserter"},{"not_picked":["Astrolabe","Eternal Feather"],"picked":"White Beast Statue"}],"items_purged_floors":[11],"is_endless":false,"potions_floor_spawned":[6,10,16,19,24,33,35,38,41,44,45,48],"ascension_level":10}