{"gold_per_floor":[112,130,146,157,169,183,183,208,258,333,347,347,366,383,383,488,488,503,483,503,522,539,539],"floor_reached":23,"playtime":2321,"items_purged":[],"score":203,"play_id":"2ea3ab27-c680-4cc8-bb42-d212656c7a3a","local_time":"20190629184151","is_ascension_mode":false,"campfire_choices":[{"floor":7,"key":"REST"},{"floor":12,"key":"REST"},{"floor":15,"key":"REST"}],"neow_cost":"NONE","seed_source_timestamp":81401041586500,"circlet_count":0,"master_deck":["Strike_B","Strike_B","Strike_B","Strike_B","Defend_B","Defend_B","Defend_B","Defend_B","Zap","Dualcast","Coolheaded","Rip and Tear","Streamline","Self Repair","Redo","Cold Snap","Static Discharge","Genetic Algorithm","White Noise","Storm","Echo Form","Leap","Beam Cell","Cold Snap","Defragment","Compile Driver+1"],"relics":["Fusion Hammer","Bottled Flame","Centennial Puzzle","Inserter"],"potions_floor_usage":[16,19,21],"damage_taken":[{"damage":1,"enemies":"Jaw Worm","floor":1,"turns":4},{"damage":0,"enemies":"Cultist","floor":2,"turns":4},{"damage":5,"enemies":"Small Slimes","floor":3,"turns":4},{"damage":0,"enemies":"Blue Slaver","floor":4,"turns":3},{"damage":0,"enemies":"Large Slime","floor":5,"turns":4},{"damage":1,"enemies":"2 Fungi Beasts","floor":6,"turns":3},{"damage":16,"enemies":"Gremlin Nob","floor":8,"turns":5},{"damage":2,"enemies":"Gremlin Gang","floor":11,"turns":5},{"damage":10,"enemies":"Looter","floor":13,"turns":3},{"damage":11,"enemies":"2 Fungi Beasts","floor":14,"turns":4},{"damage":40,"enemies":"The Guardian","floor":16,"turns":11},{"damage":13,"enemies":"Chosen","floor":18,"turns":5},{"damage":26,"enemies":"2 Thieves","floor":19,"turns":4},{"damage":20,"enemies":"Snake Plant","floor":20,"turns":4},{"damage":20,"enemies":"Cultist and Chosen","floor":21,"turns":7},{"damage":14,"enemies":"Snecko","floor":22,"turns":6},{"damage":25,"enemies":"Book of Stabbing","floor":23,"turns":6}],"seed_played":"-2260086983316329221","potions_obtained":[{"floor":3,"key":"Regen Potion"},{"floor":4,"key":"Strength Potion"},{"floor":8,"key":"Fruit Juice"},{"floor":16,"key":"Fire Potion"},{"floor":20,"key":"Weak Potion"},{"floor":22,"key":"Block Potion"}],"is_trial":false,"path_per_floor":["M","M","M","M","M","M","R","E","T","?","M","R","M","M","R","B",null,"M","M","M","M","M","E"],"character_chosen":"DEFECT","items_purchased":[],"campfire_rested":3,"item_purchase_floors":[],"current_hp_per_floor":[74,74,69,69,75,75,75,66,66,59,64,75,72,68,75,47,80,67,53,40,27,20,0],"gold":539,"neow_bonus":"BOSS_RELIC","is_prod":false,"is_daily":false,"chose_seed":false,"campfire_upgraded":0,"win_rate":0.0,"timestamp":1561804911,"path_taken":["M","M","M","M","M","M","R","E","T","?","M","R","M","M","R","BOSS","M","M","M","M","M","E"],"build_version":"2019-01-23","purchased_purges":0,"victory":false,"max_hp_per_floor":[75,75,75,75,75,75,75,75,75,75,75,75,75,75,75,80,80,80,80,80,80,80,80],"card_choices":[{"not_picked":["Reprogram","Scrape"],"picked":"Coolheaded","floor":1},{"not_picked":["Compile Driver","Reprogram"],"picked":"Rip and Tear","floor":2},{"not_picked":["Melter","Redo"],"picked":"Streamline","floor":3},{"not_picked":["Sweeping Beam","Streamline"],"picked":"Self Repair","floor":4},{"not_picked":["Doom and Gloom","Thunder Strike"],"picked":"Redo","floor":5},{"not_picked":["Coolheaded","Leap"],"picked":"Cold Snap","floor":6},{"not_picked":["Turbo","Capacitor"],"picked":"Static Discharge","floor":8},{"not_picked":["Sweeping Beam","Leap"],"picked":"Genetic Algorithm","floor":11},{"not_picked":["Conserve Battery","Fusion"],"picked":"White Noise","floor":13},{"not_picked":["Amplify","Steam Power"],"picked":"Storm","floor":14},{"not_picked":["All For One","Multi-Cast"],"picked":"Echo Form","floor":16},{"not_picked":["Conserve Battery+1","Reprogram"],"picked":"Leap","floor":18},{"not_picked":["Stack+1","Undo"],"picked":"Beam Cell","floor":19},{"not_picked":["Gash","Rebound"],"picked":"Cold Snap","floor":20},{"not_picked":["Rebound","Electrodynamics"],"picked":"Defragment","floor":21},{"not_picked":["Turbo+1","Go for the Eyes"],"picked":"Compile Driver+1","floor":22}],"player_experience":40628,"relics_obtained":[{"floor":8,"key":"Bottled Flame"},{"floor":9,"key":"Centennial Puzzle"}],"event_choices":[{"damage_healed":0,"gold_gain":75,"player_choice":"Touch","damage_taken":7,"max_hp_gain":0,"max_hp_loss":0,"event_name":"FaceTrader","floor":10,"gold_loss":0}],"is_beta":false,"boss_relics":[{"not_picked":["Cursed Key","Black Star"],"picked":"Inserter"}],"items_purged_floors":[],"is_endless":false,"potions_floor_spawned":[3,4,8,16,18,20,22],"killed_by":"Book of Stabbing","ascension_level":0}