{"path_per_floor":["M","?","M","?","M","E","M","E","T","M","$","R","M","M","R","B",null,"M","?","M","?","?","E","R","E","T","M","M","$","M","M","R","B",null,"M","M","$","M","T","E","R","M","T","R","?","E","$","M","R","B"],"character_chosen":"THE_SILENT","items_purchased":["Paper Crane","Flash of Steel","Sucker Punch","Caltrops","Outmaneuver","Dash","Envenom"],"gold_per_floor":[110,110,121,121,134,163,178,211,258,269,10,10,30,41,41,137,137,149,74,92,92,92,123,123,154,154,170,189,46,57,76,76,180,180,190,210,50,63,63,126,126,146,146,146,146,174,36,49,49,49],"floor_reached":51,"campfire_rested":4,"playtime":6027,"current_hp_per_floor":[70,70,68,68,68,52,52,37,37,37,37,37,37,30,30,30,70,52,52,43,34,34,2,24,16,16,16,14,14,5,5,27,8,75,65,57,57,43,57,28,54,49,49,49,39,20,20,7,33,21],"items_purged":[],"gold":49,"play_id":"70610319-b597-41bc-b48b-c86fdc8bd9e4","is_prod":false,"is_daily":false,"campfire_rituals":0,"campfire_upgraded":2,"is_hardmode":false,"path_taken":["M","?","M","?","M","E","M","E","T","M","?","R","M","M","R","BOSS","M","?","M","?","?","E","R","E","T","M","M","?","M","M","R","BOSS","M","?","?","?","?","E","R","M","T","R","?","E","?","M","R","BOSS"],"build_version":"2018-01-11-PROD2","purchased_purges":0,"victory":true,"master_deck":["Defend_G","Defend_G","Defend_G","Defend_G","Strike_G","Strike_G","Strike_G","Strike_G","Strike_G","Survivor","Neutralize","Blade Dance","Quick Slash","Backstab","Cloak And Dagger","Backflip","Acrobatics","Prepared","Flying Knee","Leg Sweep","Adrenaline","Burst","Quick Slash","Acrobatics","Distraction","Bullet Time","Flying Knee","Blur","Flash of Steel","Sucker Punch","Infinite Blades","PiercingWail","Noxious Fumes","Storm of Steel","PiercingWail","Predator","Caltrops","Outmaneuver","Dash","Sucker Punch","Well Laid Plans","Choke","Madness","Madness","Blur","Envenom","Noxious Fumes"],"max_hp_per_floor":[70,70,70,70,70,70,70,70,70,70,70,70,70,70,70,70,70,70,70,70,75,75,75,75,75,75,75,75,75,75,75,75,75,75,75,75,75,75,89,89,89,89,89,89,89,89,89,89,89,89],"relics":["Ring of the Snake","Ice Cream","Ginger","Dream Catcher","Paper Crane","Black Star","Pantograph","Mercury Hourglass","Ninja Scroll","Letter Opener","Peace Pipe","Sozu","Mango","Bag of Marbles","Tiny Chest","Girya","Sundial","Tingsha"],"campfire_meditates":0,"card_choices":[{"not_picked":["Prepared","Dagger Throw"],"picked":"Blade Dance"},{"not_picked":["Slice","Prepared"],"picked":"Quick Slash"},{"not_picked":["Blur","Poisoned Stab"],"picked":"Backstab"},{"not_picked":["Acrobatics","Sucker Punch"],"picked":"Cloak And Dagger"},{"not_picked":["Sucker Punch","Die Die Die"],"picked":"Backflip"},{"not_picked":["Dagger Throw","Terror"],"picked":"Acrobatics"},{"not_picked":["Leg Sweep","Poisoned Stab"],"picked":"Prepared"},{"not_picked":["Flechettes","Deadly Poison"],"picked":"Flying Knee"},{"not_picked":["Dagger Throw","Blur"],"picked":"Leg Sweep"},{"not_picked":["Poisoned Stab","Cloak And Dagger"],"picked":"Adrenaline"},{"not_picked":["Phantasmal Killer","Tactician"],"picked":"Burst"},{"not_picked":["Slice","Deadly Poison"],"picked":"Quick Slash"},{"not_picked":["PiercingWail","Dagger Spray"],"picked":"Acrobatics"},{"not_picked":["Dagger Throw","Deadly Poison"],"picked":"Distraction"},{"not_picked":["Bouncing Flask","Distraction"],"picked":"Bullet Time"},{"not_picked":["Venomology","Calculated Gamble"],"picked":"Flying Knee"},{"not_picked":["Backflip","Bane"],"picked":"Blur"},{"not_picked":["Backflip","Deflect"],"picked":"Infinite Blades"},{"not_picked":["Eviscerate","Bane"],"picked":"PiercingWail"},{"not_picked":["Bane","Caltrops"],"picked":"Noxious Fumes"},{"not_picked":["Night Terror","Tactician"],"picked":"Storm of Steel"},{"not_picked":["Deflect","Reflex"],"picked":"PiercingWail"},{"not_picked":["Bane","Backflip"],"picked":"Predator"},{"not_picked":["Deadly Poison","Masterful Stab"],"picked":"Sucker Punch"},{"not_picked":["Phantasmal Killer","Dagger Throw"],"picked":"Well Laid Plans"},{"not_picked":["Bouncing Flask","Footwork"],"picked":"Choke"},{"not_picked":["Phantasmal Killer","Well Laid Plans"],"picked":"Blur"},{"not_picked":["Slice","Bane"],"picked":"Noxious Fumes"}],"player_experience":106889,"potions_floor_usage":[3,6,8,10,14,16,23,25,27,28,31,31],"damage_taken":[{"damage":0,"enemies":"2 Louse","floor":1,"turns":3},{"damage":2,"enemies":"Blue Slaver","floor":3,"turns":3},{"damage":0,"enemies":"Small Slimes","floor":5,"turns":2},{"damage":16,"enemies":"Gremlin Nob","floor":6,"turns":4},{"damage":0,"enemies":"Exordium Wildlife","floor":7,"turns":2},{"damage":15,"enemies":"Lagavulin","floor":8,"turns":8},{"damage":0,"enemies":"Large Slime","floor":10,"turns":3},{"damage":0,"enemies":"3 Louse","floor":13,"turns":3},{"damage":7,"enemies":"Exordium Wildlife","floor":14,"turns":5},{"damage":0,"enemies":"Slime Boss","floor":16,"turns":15},{"damage":18,"enemies":"Chosen","floor":18,"turns":6},{"damage":9,"enemies":"2 Thieves","floor":20,"turns":5},{"damage":32,"enemies":"Book of Stabbing","floor":23,"turns":10},{"damage":8,"enemies":"Slavers","floor":25,"turns":8},{"damage":0,"enemies":"Snecko","floor":27,"turns":4},{"damage":2,"enemies":"Sentry and Sphere","floor":28,"turns":4},{"damage":9,"enemies":"Slaver and Parasite","floor":30,"turns":9},{"damage":0,"enemies":"Snake Plant","floor":31,"turns":3},{"damage":44,"enemies":"Champ","floor":33,"turns":19},{"damage":10,"enemies":"Orb Walker","floor":35,"turns":4},{"damage":8,"enemies":"3 Shapes","floor":36,"turns":4},{"damage":14,"enemies":"3 Darklings","floor":38,"turns":5},{"damage":29,"enemies":"Nemesis","floor":40,"turns":7},{"damage":5,"enemies":"4 Shapes","floor":42,"turns":5},{"damage":19,"enemies":"Giant Head","floor":46,"turns":7},{"damage":13,"enemies":"Maw","floor":48,"turns":7},{"damage":37,"enemies":"Time Eater","floor":50,"turns":14}],"event_choices":[{"event_name":"The Lab","player_choice":"Got Potions","floor":2,"damage_taken":0},{"event_name":"Liars Game","player_choice":"disagreed","floor":4,"damage_taken":0},{"event_name":"Beggar","player_choice":"Gave Gold","floor":19,"damage_taken":0},{"event_name":"Forgotten Altar","player_choice":"Shed Blood","floor":21,"damage_taken":0},{"event_name":"Drug Dealer","player_choice":"Ignored","floor":22,"damage_taken":0},{"event_name":"Winding Halls","player_choice":"Embrace Madness","floor":45,"damage_taken":0}],"boss_relics":[{"not_picked":["Philosopher\u0027s Stone","Cursed Key"],"picked":"Black Star"},{"not_picked":["The Specimen","Question Card"],"picked":"Sozu"}],"potions_floor_spawned":[6,7,8,10,16,18,23,25,28,35,38,40,42,48],"seed_played":"-1820295151929787700","is_trial":false}