{"gold_per_floor":[109,121,196,210,30,30,57,57,132,146,161,181,181,47,47,175,175,191,207,226,244,244,278,278,317,317,317,337,337,358,358,358,483,483,508,528,551,551,197,237,237,270,270,314,76,116,129,150,150,150],"floor_reached":51,"playtime":4282,"items_purged":["Strike_G","Strike_G","Strike_G"],"score":1111,"play_id":"16fa2fba-3fff-4f66-a63e-af9b1919b63e","local_time":"20180810213009","is_ascension_mode":true,"campfire_choices":[{"data":"Bouncing Flask","floor":6.0,"key":"SMITH"},{"floor":13.0,"key":"REST"},{"data":"Noxious Fumes","floor":15.0,"key":"SMITH"},{"data":"Ghostly","floor":24.0,"key":"SMITH"},{"data":"Ghostly","floor":27.0,"key":"SMITH"},{"data":"Ghostly","floor":29.0,"key":"SMITH"},{"floor":32,"key":"REST"},{"data":"Burst","floor":41,"key":"SMITH"},{"floor":49,"key":"REST"}],"neow_cost":"NONE","seed_source_timestamp":0,"circlet_count":0,"master_deck":["Defend_G","Defend_G+1","Defend_G","Defend_G","Defend_G","Strike_G","Survivor","Neutralize","Bouncing Flask+1","Blur","Flash of Steel","Adrenaline","Noxious Fumes+1","Escape Plan","Adrenaline","Escape Plan","Backflip+1","Ghostly+1","Ghostly+1","Ghostly+1","Ghostly","Ghostly","Footwork+1","Malaise","Blur","Leg Sweep","Burst+1","Thinking Ahead","Well Laid Plans","Leg Sweep+1","Caltrops"],"special_seed":0,"relics":["Ring of the Snake","Oddly Smooth Stone","Golden Idol","Darkstone Periapt","Sozu","Snake Skull","Juzu Bracelet","Bag of Preparation","Nilry\u0027s Codex","Busted Crown","Omamori","Bottled Flame","Regal Pillow","Toxic Egg 2","StoneCalendar","War Paint","Bronze Scales"],"potions_floor_usage":[50,50,50],"damage_taken":[{"damage":0.0,"enemies":"Small Slimes","floor":1.0,"turns":4.0},{"damage":0.0,"enemies":"Cultist","floor":2.0,"turns":3.0},{"damage":0.0,"enemies":"Jaw Worm","floor":4.0,"turns":5.0},{"damage":16.0,"enemies":"3 Sentries","floor":7.0,"turns":12.0},{"damage":1.0,"enemies":"2 Fungi Beasts","floor":10.0,"turns":4.0},{"damage":0.0,"enemies":"Large Slime","floor":11.0,"turns":5.0},{"damage":0.0,"enemies":"Blue Slaver","floor":12.0,"turns":5.0},{"damage":9.0,"enemies":"The Guardian","floor":16.0,"turns":9.0},{"damage":1.0,"enemies":"Chosen","floor":18.0,"turns":5.0},{"damage":0.0,"enemies":"3 Byrds","floor":19.0,"turns":4.0},{"damage":22.0,"enemies":"Sentry and Sphere","floor":20.0,"turns":8.0},{"damage":0.0,"enemies":"Snake Plant","floor":21.0,"turns":4.0},{"damage":0.0,"enemies":"Book of Stabbing","floor":23.0,"turns":6.0},{"damage":0.0,"enemies":"Slavers","floor":25.0,"turns":6.0},{"damage":0.0,"enemies":"Centurion and Healer","floor":28.0,"turns":7.0},{"damage":0.0,"enemies":"Snecko","floor":30.0,"turns":10.0},{"damage":0,"enemies":"Collector","floor":33,"turns":8},{"damage":0,"enemies":"Flame Bruiser 1 Orb","floor":35,"turns":5},{"damage":4,"enemies":"3 Shapes","floor":36,"turns":7},{"damage":0,"enemies":"Spire Growth","floor":37,"turns":6},{"damage":0,"enemies":"Giant Head","floor":40,"turns":10},{"damage":0,"enemies":"Nemesis","floor":42,"turns":9},{"damage":0,"enemies":"Giant Head","floor":44,"turns":13},{"damage":0,"enemies":"Nemesis","floor":46,"turns":11},{"damage":20,"enemies":"Flame Bruiser 2 Orb","floor":47,"turns":7},{"damage":0,"enemies":"3 Darklings","floor":48,"turns":7},{"damage":0,"enemies":"Awakened One","floor":50,"turns":19}],"seed_played":"2289815346245324025","potions_obtained":[{"floor":1.0,"key":"AttackPotion"},{"floor":10.0,"key":"GamblersBrew"},{"floor":11.0,"key":"GhostInAJar"}],"is_trial":false,"path_per_floor":["M","M","?","M","$","R","E","?","T","M","M","M","R","$","R","B",null,"M","M","M","M","?","E","R","E","T","R","M","R","M","?","R","B",null,"M","M","M","?","$","E","R","E","T","E","$","E","M","M","R","B"],"character_chosen":"THE_SILENT","items_purchased":["Flash of Steel","Escape Plan","Well Laid Plans","Omamori","War Paint","Caltrops"],"campfire_rested":3,"item_purchase_floors":[5,14,39,39,45,45],"current_hp_per_floor":[70,70,63,63,63,63,47,30,30,29,29,29,50,50,50,41,70,69,69,47,47,35,35,35,35,35,35,35,35,35,19,29,29,35,35,31,31,31,31,31,31,31,31,31,31,31,11,11,35,35],"gold":150,"neow_bonus":"REMOVE_CARD","is_prod":false,"is_daily":false,"chose_seed":false,"campfire_upgraded":6,"win_rate":0,"timestamp":1533961809,"path_taken":["M","M","?","M","$","R","E","?","T","M","M","M","R","$","R","BOSS","M","M","M","M","?","E","R","E","T","R","M","R","M","?","R","BOSS","M","M","M","?","$","E","R","E","T","E","$","E","M","M","R","BOSS"],"build_version":"2018-08-09","purchased_purges":3,"victory":true,"max_hp_per_floor":[70,70,70,70,70,70,70,70,70,70,70,70,70,70,70,70,70,70,70,70,70,35,35,35,35,35,35,35,35,35,35,35,35,35,35,35,35,35,35,35,35,35,35,35,35,35,35,35,35,35],"card_choices":[{"not_picked":["Blade Dance","Dodge and Roll"],"picked":"Bouncing Flask","floor":1.0},{"not_picked":["Concentrate","Acrobatics","Dodge and Roll"],"picked":"SKIP","floor":2.0},{"not_picked":["Prepared","Blade Dance"],"picked":"Blur","floor":4.0},{"not_picked":["Endless Agony","Prepared"],"picked":"Adrenaline","floor":7.0},{"not_picked":["Heel Hook","Prepared"],"picked":"Noxious Fumes","floor":10.0},{"not_picked":["Flying Knee","Dagger Throw","Poisoned Stab"],"picked":"SKIP","floor":11.0},{"not_picked":["Deflect","Heel Hook","Predator"],"picked":"SKIP","floor":12.0},{"not_picked":["Tools of the Trade","Die Die Die"],"picked":"Adrenaline","floor":16.0},{"not_picked":["Blade Dance","Riddle With Holes"],"picked":"Escape Plan","floor":18.0},{"not_picked":["Finisher+1","Heel Hook","Underhanded Strike"],"picked":"SKIP","floor":19.0},{"not_picked":["Accuracy","Underhanded Strike+1"],"picked":"Backflip","floor":20.0},{"not_picked":["Sucker Punch","Predator","Tactician"],"picked":"SKIP","floor":21.0},{"not_picked":["Calculated Gamble","Slice"],"picked":"Footwork+1","floor":23.0},{"not_picked":["Quick Slash","Dash"],"picked":"Malaise","floor":25.0},{"not_picked":["Prepared","Quick Slash"],"picked":"Blur","floor":28.0},{"not_picked":["Deadly Poison","Sucker Punch"],"picked":"Leg Sweep","floor":30},{"not_picked":["Phantasmal Killer","Malaise"],"picked":"Burst","floor":33},{"not_picked":["Masterful Stab"],"picked":"SKIP","floor":35},{"not_picked":["Flying Knee+1"],"picked":"SKIP","floor":36},{"not_picked":["Dagger Spray"],"picked":"SKIP","floor":37},{"not_picked":[],"picked":"Thinking Ahead","floor":38},{"not_picked":["PiercingWail"],"picked":"SKIP","floor":40},{"not_picked":["Expertise"],"picked":"SKIP","floor":42},{"not_picked":[],"picked":"Leg Sweep+1","floor":44},{"not_picked":["Accuracy+1"],"picked":"SKIP","floor":46},{"not_picked":["PiercingWail+1"],"picked":"SKIP","floor":47},{"not_picked":["Quick Slash+1"],"picked":"SKIP","floor":48}],"player_experience":138185,"relics_obtained":[{"floor":7.0,"key":"Oddly Smooth Stone"},{"floor":9.0,"key":"Darkstone Periapt"},{"floor":23.0,"key":"Snake Skull"},{"floor":25.0,"key":"Juzu Bracelet"},{"floor":26.0,"key":"Bag of Preparation"},{"floor":31,"key":"Nilry\u0027s Codex"},{"floor":40,"key":"Bottled Flame"},{"floor":42,"key":"Regal Pillow"},{"floor":43,"key":"Toxic Egg 2"},{"floor":44,"key":"StoneCalendar"},{"floor":46,"key":"Bronze Scales"}],"event_choices":[{"event_name":"FaceTrader","player_choice":"Touch","floor":3.0,"damage_taken":0.0},{"event_name":"Golden Idol","player_choice":"Take Damage","floor":8.0,"damage_taken":0.0},{"event_name":"Ghosts","player_choice":"Became a Ghost","floor":22.0,"damage_taken":0.0},{"event_name":"Cursed Tome","player_choice":"Obtained Book","floor":31,"damage_taken":0},{"event_name":"SensoryStone","player_choice":"Memory 1","floor":38,"damage_taken":0}],"is_beta":false,"boss_relics":[{"not_picked":["Snecko Eye","Cursed Key"],"picked":"Sozu"},{"not_picked":["Fusion Hammer","HoveringKite"],"picked":"Busted Crown"}],"items_purged_floors":[5,14,39],"is_endless":false,"potions_floor_spawned":[1,10,11,12,18,20,23,30,33,37,40,42,46,48],"ascension_level":1}