{"gold_per_floor":[117,117,128,205,223,223,237,237,237,249,267,267,278,278,278,352,352,366,366,366,24,24,24,39,96,123,123,123,134,154,174,174,253,253,263,263,363,363,135,135,153,153,153,0,0,13,13,29,29,29],"floor_reached":51,"playtime":2708,"items_purged":[],"score":1234,"play_id":"1a9c0776-eef5-498b-b09a-5c23dfa52c88","local_time":"20190120004923","is_ascension_mode":true,"campfire_choices":[{"data":"Neutralize","floor":6,"key":"SMITH"},{"data":"Die Die Die","floor":8,"key":"SMITH"},{"data":"Footwork","floor":12,"key":"SMITH"},{"floor":15,"key":"REST"},{"data":"Noxious Fumes","floor":23,"key":"SMITH"},{"floor":28,"key":"REST"},{"floor":32,"key":"REST"},{"data":"Malaise","floor":40,"key":"SMITH"},{"data":"Quick Slash","floor":42,"key":"SMITH"},{"data":"Deadly Poison","floor":45,"key":"SMITH"},{"data":"Prepared","floor":49,"key":"SMITH"}],"neow_cost":"NONE","seed_source_timestamp":308307698942795,"circlet_count":0,"master_deck":["AscendersBane","Defend_G+1","Defend_G+1","Defend_G+1","Defend_G+1","Defend_G+1","Strike_G+1","Strike_G+1","Survivor","Neutralize+1","Noxious Fumes+1","Backstab","Quick Slash+1","Die Die Die+1","Footwork+1","Cloak And Dagger","Corpse Explosion","Dagger Throw","Dodge and Roll+1","Malaise+1","Deadly Poison+1","Leg Sweep","Adrenaline","Leg Sweep+1","Poisoned Stab+1","Prepared+1"],"relics":["Ring of the Snake","Dodecahedron","Pocketwatch","Velvet Choker","MutagenicStrength","Bird Faced Urn","Tiny Chest","Bag of Preparation","Bag of Marbles","Empty Cage","Ice Cream","Potion Belt","Tough Bandages","Red Mask"],"potions_floor_usage":[10,16,25,25,33,50,50,50],"damage_taken":[{"damage":2,"enemies":"Small Slimes","floor":1,"turns":5},{"damage":7,"enemies":"Jaw Worm","floor":3,"turns":4},{"damage":0,"enemies":"2 Louse","floor":5,"turns":3},{"damage":1,"enemies":"Blue Slaver","floor":7,"turns":5},{"damage":0,"enemies":"2 Fungi Beasts","floor":10,"turns":1},{"damage":10,"enemies":"Exordium Wildlife","floor":11,"turns":4},{"damage":4,"enemies":"Large Slime","floor":13,"turns":5},{"damage":12,"enemies":"The Guardian","floor":16,"turns":11},{"damage":22,"enemies":"Shell Parasite","floor":18,"turns":6},{"damage":3,"enemies":"2 Thieves","floor":24,"turns":4},{"damage":31,"enemies":"Slavers","floor":25,"turns":4},{"damage":0,"enemies":"Shelled Parasite and Fungi","floor":29,"turns":1},{"damage":0,"enemies":"Centurion and Healer","floor":30,"turns":2},{"damage":1,"enemies":"Snake Plant","floor":31,"turns":5},{"damage":40,"enemies":"Automaton","floor":33,"turns":14},{"damage":1,"enemies":"3 Darklings","floor":35,"turns":3},{"damage":1,"enemies":"Mind Bloom Boss Battle","floor":37,"turns":10},{"damage":4,"enemies":"Orb Walker","floor":41,"turns":4},{"damage":9,"enemies":"Transient","floor":46,"turns":6},{"damage":0,"enemies":"Maw","floor":48,"turns":8},{"damage":2,"enemies":"Awakened One","floor":50,"turns":20}],"seed_played":"7295524206084438130","potions_obtained":[{"floor":7,"key":"SkillPotion"},{"floor":10,"key":"Fruit Juice"},{"floor":13,"key":"Dexterity Potion"},{"floor":18,"key":"Swift Potion"},{"floor":25,"key":"SteroidPotion"},{"floor":35,"key":"Regen Potion"},{"floor":37,"key":"LiquidBronze"}],"is_trial":false,"path_per_floor":["M","?","M","?","M","R","M","R","T","M","M","R","M","?","R","B",null,"M","?","?","$","?","R","M","E","T","?","R","M","M","M","R","B",null,"M","?","?","?","$","R","M","R","T","?","R","M","?","M","R","B",null],"character_chosen":"THE_SILENT","items_purchased":["Bird Faced Urn","Potion Belt","AttackPotion"],"campfire_rested":3,"item_purchase_floors":[21,39,39],"current_hp_per_floor":[57,57,50,50,50,50,49,49,49,54,44,44,40,29,50,38,63,41,41,41,41,41,41,38,11,11,11,32,32,32,35,56,20,58,57,57,60,60,60,60,60,60,60,60,60,55,55,59,59,67],"gold":29,"neow_bonus":"TRANSFORM_CARD","is_prod":false,"is_daily":false,"chose_seed":false,"campfire_upgraded":8,"win_rate":0,"timestamp":1547945363,"path_taken":["M","?","M","?","M","R","M","R","T","M","M","R","M","?","R","BOSS","M","?","?","?","?","R","M","E","T","?","R","M","?","M","R","BOSS","M","?","?","?","?","R","M","R","T","?","R","M","?","M","R","BOSS"],"build_version":"2019-01-17v2","purchased_purges":0,"victory":true,"max_hp_per_floor":[66,66,66,66,66,66,66,66,66,71,71,71,71,71,71,71,71,71,71,71,71,71,71,71,71,71,71,71,71,71,71,71,71,71,71,71,71,71,71,71,71,71,71,71,71,71,67,67,67,67],"card_choices":[{"not_picked":["Flying Knee","Acrobatics"],"picked":"Backstab","floor":1},{"not_picked":["Caltrops","Acrobatics"],"picked":"Bane","floor":3},{"not_picked":["Outmaneuver","Underhanded Strike"],"picked":"Quick Slash","floor":5},{"not_picked":["Eviscerate","Noxious Fumes"],"picked":"Die Die Die","floor":7},{"not_picked":["Slice","Dagger Spray"],"picked":"Footwork","floor":10},{"not_picked":["Quick Slash","Caltrops"],"picked":"Flying Knee","floor":11},{"not_picked":["Quick Slash","Calculated Gamble"],"picked":"Cloak And Dagger","floor":13},{"not_picked":["Wraith Form v2","Bullet Time"],"picked":"Corpse Explosion","floor":16},{"not_picked":["Expertise","Terror"],"picked":"Dagger Throw","floor":18},{"not_picked":["Slice","Acrobatics"],"picked":"Dodge and Roll+1","floor":24},{"not_picked":["Cloak And Dagger","PiercingWail"],"picked":"Malaise","floor":25},{"not_picked":["Well Laid Plans","Poisoned Stab"],"picked":"Deadly Poison","floor":29},{"not_picked":["Sucker Punch","Dagger Throw"],"picked":"Leg Sweep","floor":30},{"not_picked":["Underhanded Strike","Dash","Leg Sweep"],"picked":"SKIP","floor":31},{"not_picked":["Grand Finale","Tools of the Trade"],"picked":"Adrenaline","floor":33},{"not_picked":["Acrobatics","Slice"],"picked":"Leg Sweep+1","floor":35},{"not_picked":["Quick Slash","Leg Sweep+1"],"picked":"Poisoned Stab+1","floor":41},{"not_picked":["Masterful Stab+1","Sucker Punch"],"picked":"Prepared","floor":46},{"not_picked":["Prepared","Infinite Blades+1","Outmaneuver+1"],"picked":"SKIP","floor":48}],"player_experience":1201344,"relics_obtained":[{"floor":9,"key":"Dodecahedron"},{"floor":25,"key":"Tiny Chest"},{"floor":26,"key":"Bag of Preparation"},{"floor":37,"key":"Ice Cream"},{"floor":43,"key":"Tough Bandages"}],"event_choices":[{"damage_healed":0,"gold_gain":0,"player_choice":"Leave","damage_taken":0,"max_hp_gain":0,"max_hp_loss":0,"event_name":"The Cleric","floor":2,"gold_loss":0},{"damage_healed":0,"gold_gain":77,"player_choice":"Gained Gold","damage_taken":0,"max_hp_gain":0,"max_hp_loss":0,"event_name":"Golden Wing","floor":4,"gold_loss":0},{"damage_healed":0,"gold_gain":0,"player_choice":"Success","damage_taken":11,"relics_obtained":["Pocketwatch"],"max_hp_gain":0,"max_hp_loss":0,"event_name":"Scrap Ooze","floor":14,"gold_loss":0},{"damage_healed":0,"gold_gain":0,"player_choice":"Ignored","damage_taken":0,"max_hp_gain":0,"max_hp_loss":0,"event_name":"Vampires","floor":19,"gold_loss":0},{"damage_healed":0,"gold_gain":0,"player_choice":"Inject Mutagens","damage_taken":0,"relics_obtained":["MutagenicStrength"],"max_hp_gain":0,"max_hp_loss":0,"event_name":"Drug Dealer","floor":20,"gold_loss":0},{"damage_healed":0,"gold_gain":0,"player_choice":"Simplicity","damage_taken":0,"max_hp_gain":0,"max_hp_loss":0,"event_name":"Back to Basics","floor":22,"gold_loss":0,"cards_upgraded":["Defend_G","Defend_G","Defend_G","Defend_G","Defend_G","Strike_G","Strike_G","Strike_G","Strike_G"]},{"cards_removed":["Flying Knee"],"damage_healed":0,"gold_gain":0,"player_choice":"Gave Card","damage_taken":0,"relics_obtained":["Bag of Marbles"],"max_hp_gain":0,"max_hp_loss":0,"event_name":"WeMeetAgain","floor":27,"gold_loss":0},{"cards_removed":["Bane"],"damage_healed":0,"gold_gain":0,"player_choice":"Removed Attack","damage_taken":0,"max_hp_gain":0,"max_hp_loss":0,"event_name":"Falling","floor":36,"gold_loss":0},{"damage_healed":0,"gold_gain":0,"player_choice":"Fight","damage_taken":0,"max_hp_gain":0,"max_hp_loss":0,"event_name":"MindBloom","floor":37,"gold_loss":0},{"damage_healed":0,"gold_gain":0,"player_choice":"Memory 1","damage_taken":0,"max_hp_gain":0,"max_hp_loss":0,"event_name":"SensoryStone","floor":38,"gold_loss":0},{"damage_healed":0,"gold_gain":0,"player_choice":"Paid","damage_taken":0,"relics_obtained":["Red Mask"],"max_hp_gain":0,"max_hp_loss":0,"event_name":"Tomb of Lord Red Mask","floor":44,"gold_loss":153},{"damage_healed":0,"gold_gain":0,"player_choice":"Max HP","damage_taken":0,"max_hp_gain":0,"max_hp_loss":4,"event_name":"Winding Halls","floor":47,"gold_loss":0}],"is_beta":false,"boss_relics":[{"not_picked":["Ring of the Serpent","Tiny House"],"picked":"Velvet Choker"},{"not_picked":["Philosopher\u0027s Stone","Fusion Hammer"],"picked":"Empty Cage"}],"items_purged_floors":[],"is_endless":false,"potions_floor_spawned":[7,10,13,18,25,35,37],"ascension_level":19}