{"path_per_floor":["M","?","?","M","M","R","E","R","T","?","?","R","M","E","R","B",null,"M","$","M","M","M","R","$","R","T","M"],"character_chosen":"DEFECT","items_purchased":["Capacitor","Apotheosis","Bottled Tornado"],"gold_per_floor":[111,111,211,231,243,243,269,269,269,344,374,374,392,427,427,532,532,548,13,23,41,54,54,54,54,54,68,68],"floor_reached":28,"campfire_rested":3,"playtime":1483,"item_purchase_floors":[19,19,19],"current_hp_per_floor":[74,59,59,53,51,51,28,28,28,17,10,32,29,15,37,25,75,66,66,51,25,10,32,32,32,32,4,0],"items_purged":[],"gold":68,"score":228,"play_id":"94c917a6-61ea-4f7d-b6c9-331ab7b0e848","local_time":"20180602013230","is_prod":false,"is_daily":false,"chose_seed":false,"is_ascension_mode":false,"campfire_upgraded":3,"win_rate":0.0,"timestamp":1527899550,"campfire_choices":[{"data":"Defragment","floor":6,"key":"SMITH"},{"data":"Zap","floor":8,"key":"SMITH"},{"floor":12,"key":"REST"},{"floor":15,"key":"REST"},{"floor":23,"key":"REST"},{"data":"Apotheosis","floor":25,"key":"SMITH"}],"path_taken":["M","?","?","M","M","R","E","R","T","?","?","R","M","E","R","BOSS","M","$","M","?","M","R","$","R","T","M","?"],"build_version":"2018-05-31","seed_source_timestamp":123378458726497,"purchased_purges":0,"victory":false,"master_deck":["Strike_B","Strike_B","Strike_B","Strike_B+1","Defend_B+1","Defend_B","Defend_B","Defend_B+1","Zap+1","Dualcast","Rebound+1","Defragment+1","Hologram","Go for the Eyes","Coolheaded","Defragment","Cold Snap","Doom and Gloom","Fission","FTL","Capacitor","Apotheosis+1","Streamline","Streamline","Go for the Eyes","Coolheaded+1"],"max_hp_per_floor":[75,75,75,75,75,75,75,75,75,75,75,75,75,75,75,75,75,75,75,75,75,75,75,75,75,75,75,75],"relics":["Cracked Core","Question Card","War Paint","Odd Mushroom","Du-Vu Doll","Sozu","Bottled Tornado","Shuriken"],"card_choices":[{"not_picked":["Barrage","Leap"],"picked":"Rebound","floor":0},{"not_picked":["Fusion","Capacitor"],"picked":"Defragment","floor":1},{"not_picked":["BootSequence","Rebound"],"picked":"Hologram","floor":4},{"not_picked":["BootSequence","Aggregate"],"picked":"Go for the Eyes","floor":5},{"not_picked":["Conserve Battery","Seek"],"picked":"Coolheaded","floor":7},{"not_picked":["Rebound","Skim","Doom and Gloom"],"picked":"Defragment","floor":11},{"not_picked":["Steam Power","Barrage","Compile Driver"],"picked":"Cold Snap","floor":13},{"not_picked":["Beam Cell","Glacier","Creative AI"],"picked":"Doom and Gloom","floor":14},{"not_picked":["Amplify","Biased Cognition","Buffer"],"picked":"Fission","floor":16},{"not_picked":["Scrape","Gash","Rebound"],"picked":"FTL","floor":18},{"not_picked":["Fusion+1","Cold Snap","Tempest"],"picked":"Streamline","floor":20},{"not_picked":["Lockon+1","Melter+1","All For One"],"picked":"Streamline","floor":21},{"not_picked":["Hologram","Skim","Undo"],"picked":"Go for the Eyes","floor":22},{"not_picked":["Rebound","Sweeping Beam+1","Auto Shields"],"picked":"Coolheaded+1","floor":27}],"player_experience":590795,"potions_floor_usage":[7,11],"damage_taken":[{"damage":1,"enemies":"Cultist","floor":1,"turns":3},{"damage":6,"enemies":"Jaw Worm","floor":4,"turns":2},{"damage":2,"enemies":"2 Louse","floor":5,"turns":2},{"damage":23,"enemies":"3 Sentries","floor":7,"turns":6},{"damage":7,"enemies":"The Mushroom Lair","floor":11,"turns":4},{"damage":3,"enemies":"Looter","floor":13,"turns":3},{"damage":14,"enemies":"Gremlin Nob","floor":14,"turns":5},{"damage":12,"enemies":"Hexaghost","floor":16,"turns":9},{"damage":9,"enemies":"Spheric Guardian","floor":18,"turns":5},{"damage":15,"enemies":"2 Thieves","floor":20,"turns":4},{"damage":26,"enemies":"Cultist and Chosen","floor":21,"turns":7},{"damage":15,"enemies":"Snecko","floor":22,"turns":6},{"damage":28,"enemies":"Snake Plant","floor":27,"turns":5},{"damage":5,"enemies":"Sentry and Sphere","floor":28,"turns":2}],"relics_obtained":[{"floor":7,"key":"Question Card"},{"floor":9,"key":"War Paint"},{"floor":11,"key":"Odd Mushroom"},{"floor":14,"key":"Du-Vu Doll"},{"floor":26,"key":"Shuriken"}],"event_choices":[{"event_name":"Shining Light","player_choice":"Entered Light","floor":2,"damage_taken":0},{"event_name":"Golden Shrine","player_choice":"Pray","floor":3,"damage_taken":0},{"event_name":"World of Goop","player_choice":"Gather Gold","floor":10,"damage_taken":0},{"event_name":"Mushrooms","player_choice":"Fought Mushrooms","floor":11,"damage_taken":0}],"boss_relics":[{"not_picked":["Astrolabe","Pandora\u0027s Box"],"picked":"Sozu"}],"items_purged_floors":[],"potions_floor_spawned":[1,5,14,20,27],"seed_played":"2345069498287326482","killed_by":"Sentry and Sphere","ascension_level":0,"potions_obtained":[{"floor":1,"key":"Poison Potion"},{"floor":5,"key":"AttackPotion"},{"floor":14,"key":"SteroidPotion"}],"is_trial":false}