{"gold_per_floor":[215,234,253,253,270,270,284,284,358,372,405,474,474,484,484,558,558,571,571,591,604,615,615,649,649,672,705,722,722,129,129,129,129],"floor_reached":33,"playtime":1560,"items_purged":[],"score":628,"play_id":"5f98a1a9-0a92-4773-b9a9-2a6359c32845","local_time":"20190117225901","is_ascension_mode":true,"campfire_choices":[{"data":"Carnage","floor":6,"key":"SMITH"},{"floor":13,"key":"REST"},{"floor":15,"key":"REST"},{"data":"Corruption","floor":23,"key":"SMITH"},{"data":"True Grit","floor":25,"key":"SMITH"},{"floor":32,"key":"REST"}],"neow_cost":"NONE","seed_source_timestamp":130043952362883,"circlet_count":0,"master_deck":["AscendersBane","Strike_R","Strike_R","Strike_R","Strike_R","Strike_R+1","Defend_R","Defend_R","Defend_R","Defend_R","Bash+1","Iron Wave","Clothesline+1","Iron Wave","Carnage+1","Pommel Strike","Corruption+1","Disarm","Shrug It Off","True Grit+1","Impervious","True Grit","Juggernaut","Armaments+1","Blind","Decay"],"relics":["Burning Blood","Mercury Hourglass","Dead Branch","Mark of Pain","Potion Belt","Boot","Whetstone","Bag of Marbles","MealTicket"],"potions_floor_usage":[11,11,16,16,19,24,27,33,33],"damage_taken":[{"damage":15,"enemies":"Small Slimes","floor":1,"turns":3},{"damage":8,"enemies":"Cultist","floor":2,"turns":5},{"damage":7,"enemies":"Jaw Worm","floor":3,"turns":3},{"damage":16,"enemies":"Large Slime","floor":5,"turns":7},{"damage":30,"enemies":"Gremlin Gang","floor":7,"turns":5},{"damage":5,"enemies":"2 Fungi Beasts","floor":10,"turns":3},{"damage":16,"enemies":"3 Sentries","floor":11,"turns":6},{"damage":8,"enemies":"Blue Slaver","floor":14,"turns":2},{"damage":22,"enemies":"Hexaghost","floor":16,"turns":9},{"damage":10,"enemies":"Chosen","floor":18,"turns":5},{"damage":23,"enemies":"2 Thieves","floor":20,"turns":4},{"damage":1,"enemies":"Snake Plant","floor":21,"turns":4},{"damage":0,"enemies":"Snecko","floor":22,"turns":4},{"damage":3,"enemies":"Book of Stabbing","floor":24,"turns":3},{"damage":35,"enemies":"Slavers","floor":27,"turns":7},{"damage":27,"enemies":"Shelled Parasite and Fungi","floor":28,"turns":2},{"damage":57,"enemies":"Champ","floor":33,"turns":10}],"seed_played":"5580117524127338168","potions_obtained":[{"floor":2,"key":"FearPotion"},{"floor":7,"key":"Dexterity Potion"},{"floor":11,"key":"Dexterity Potion"},{"floor":14,"key":"LiquidBronze"},{"floor":19,"key":"Fruit Juice"},{"floor":19,"key":"Dexterity Potion"},{"floor":20,"key":"Block Potion"},{"floor":24,"key":"AttackPotion"}],"is_trial":false,"path_per_floor":["M","M","M","?","M","R","M","$","T","M","E","?","R","M","R","B",null,"M","?","M","M","M","R","E","R","T","E","M","?","$","?","R","B"],"character_chosen":"IRONCLAD","items_purchased":["Bag of Marbles","Blind","MealTicket","SkillPotion","Swift Potion"],"campfire_rested":3,"item_purchase_floors":[30,30,30,30,30],"current_hp_per_floor":[59,57,56,56,46,46,22,22,22,23,13,13,35,33,55,39,66,62,67,50,55,61,61,64,64,64,35,14,30,30,30,54,0],"gold":129,"neow_bonus":"HUNDRED_GOLD","is_prod":false,"is_daily":false,"chose_seed":false,"campfire_upgraded":3,"win_rate":0,"timestamp":1547765941,"path_taken":["M","M","M","?","M","R","?","$","T","M","E","?","R","M","R","BOSS","M","?","M","M","M","R","E","R","T","E","?","?","$","?","R","BOSS"],"build_version":"2019-01-10","purchased_purges":0,"victory":false,"max_hp_per_floor":[75,75,75,75,75,75,75,75,75,75,75,75,75,75,75,75,75,75,80,80,80,80,80,80,80,80,80,80,80,80,80,80,80],"card_choices":[{"not_picked":["Pommel Strike","Sword Boomerang"],"picked":"Iron Wave","floor":1},{"not_picked":["Corruption","Flex"],"picked":"Clothesline","floor":2},{"not_picked":["Wild Strike","Sword Boomerang"],"picked":"Iron Wave","floor":3},{"not_picked":["Power Through","Feel No Pain"],"picked":"Carnage","floor":5},{"not_picked":["Armaments","Fire Breathing"],"picked":"Pommel Strike","floor":7},{"not_picked":["Wild Strike","Rampage","Combust"],"picked":"SKIP","floor":10},{"not_picked":["Flame Barrier","Evolve"],"picked":"Corruption","floor":11},{"not_picked":["Rampage","Dual Wield"],"picked":"Disarm","floor":14},{"not_picked":["Warcry","Power Through"],"picked":"Shrug It Off","floor":18},{"not_picked":["Perfected Strike","Heavy Blade","Pommel Strike"],"picked":"SKIP","floor":20},{"not_picked":["Sword Boomerang","Bloodletting"],"picked":"True Grit","floor":21},{"not_picked":["True Grit","Twin Strike"],"picked":"Impervious","floor":22},{"not_picked":["Cleave","Carnage"],"picked":"True Grit","floor":24},{"not_picked":["Hemokinesis","Clothesline"],"picked":"Juggernaut","floor":27},{"not_picked":["Havoc","True Grit"],"picked":"Armaments+1","floor":28}],"player_experience":1175453,"relics_obtained":[{"floor":9,"key":"Mercury Hourglass"},{"floor":11,"key":"Dead Branch"},{"floor":24,"key":"Potion Belt"},{"floor":26,"key":"Boot"},{"floor":27,"key":"Whetstone"}],"event_choices":[{"damage_healed":0,"gold_gain":0,"player_choice":"Forge","damage_taken":0,"max_hp_gain":0,"max_hp_loss":0,"event_name":"Accursed Blacksmith","floor":4,"gold_loss":0,"cards_upgraded":["Clothesline"]},{"damage_healed":0,"gold_gain":69,"player_choice":"Gained Gold","damage_taken":0,"max_hp_gain":0,"max_hp_loss":0,"event_name":"Golden Wing","floor":12,"gold_loss":0},{"damage_healed":0,"gold_gain":0,"player_choice":"Got Potions","damage_taken":0,"max_hp_gain":0,"max_hp_loss":0,"event_name":"Lab","floor":19,"gold_loss":0},{"damage_healed":16,"gold_gain":0,"player_choice":"Heal","damage_taken":0,"max_hp_gain":0,"max_hp_loss":0,"event_name":"The Library","floor":29,"gold_loss":0},{"damage_healed":0,"gold_gain":0,"player_choice":"Smashed Altar","damage_taken":0,"max_hp_gain":0,"max_hp_loss":0,"event_name":"Forgotten Altar","floor":31,"gold_loss":0,"cards_obtained":["Decay"]}],"is_beta":false,"boss_relics":[{"not_picked":["Astrolabe","Orrery"],"picked":"Mark of Pain"}],"items_purged_floors":[],"is_endless":false,"potions_floor_spawned":[2,7,10,11,14,20,22,24],"killed_by":"Champ","ascension_level":20}