{"gold_per_floor":[115,129,142,154,134,134,134,155,206,227,227],"floor_reached":11,"playtime":458,"items_purged":[],"score":83,"play_id":"eed1725c-b90b-4b72-84b7-85cd7b9f1402","local_time":"20181228003210","is_ascension_mode":true,"campfire_choices":[{"floor":7,"key":"REST"}],"neow_cost":"PERCENT_DAMAGE","seed_source_timestamp":266861024036388,"circlet_count":0,"master_deck":["Strike_B","Strike_B","Strike_B","Strike_B","Defend_B","Defend_B","Defend_B","Defend_B","Zap","Dualcast","Defragment","Loop","Heatsinks","Redo","Hello World","Conserve Battery","Conserve Battery"],"relics":["Cracked Core","Golden Idol","Ancient Tea Set"],"potions_floor_usage":[5,10],"damage_taken":[{"damage":7,"enemies":"Small Slimes","floor":1,"turns":4},{"damage":18,"enemies":"2 Louse","floor":2,"turns":3},{"damage":1,"enemies":"Cultist","floor":3,"turns":4},{"damage":7,"enemies":"Looter","floor":4,"turns":4},{"damage":22,"enemies":"Exordium Thugs","floor":5,"turns":4},{"damage":16,"enemies":"Blue Slaver","floor":8,"turns":5},{"damage":9,"enemies":"Red Slaver","floor":10,"turns":4},{"damage":13,"enemies":"Exordium Thugs","floor":11,"turns":2}],"seed_played":"1097294592914383835","potions_obtained":[{"floor":1,"key":"Energy Potion"},{"floor":3,"key":"AttackPotion"},{"floor":4,"key":"Dexterity Potion"},{"floor":8,"key":"Explosive Potion"},{"floor":10,"key":"Weak Potion"}],"is_trial":false,"path_per_floor":["M","M","M","M","M","?","R","M","T","M","M"],"character_chosen":"DEFECT","items_purchased":[],"campfire_rested":1,"item_purchase_floors":[],"current_hp_per_floor":[61,43,42,35,13,13,37,21,21,12,0],"gold":227,"neow_bonus":"TWENTY_PERCENT_HP_BONUS","is_prod":false,"is_daily":false,"chose_seed":false,"campfire_upgraded":0,"win_rate":0,"timestamp":1545985930,"path_taken":["M","M","M","M","M","?","R","M","T","M","M"],"build_version":"2018-12-20","purchased_purges":0,"victory":false,"max_hp_per_floor":[89,89,89,89,89,82,82,82,82,82,82],"card_choices":[{"not_picked":["Double Energy","Conserve Battery"],"picked":"Defragment","floor":1},{"not_picked":["Conserve Battery","Ball Lightning"],"picked":"Loop","floor":2},{"not_picked":["Hologram","Redo"],"picked":"Heatsinks","floor":3},{"not_picked":["Cold Snap","Double Energy"],"picked":"Redo","floor":4},{"not_picked":["Rip and Tear","Recycle"],"picked":"Hello World","floor":5},{"not_picked":["Tempest","Barrage"],"picked":"Conserve Battery","floor":8},{"not_picked":["Lockon","Stack"],"picked":"Conserve Battery","floor":10}],"player_experience":129765,"relics_obtained":[{"floor":9,"key":"Ancient Tea Set"}],"event_choices":[{"damage_healed":0,"gold_gain":0,"player_choice":"Lose Max HP","damage_taken":0,"relics_obtained":["Golden Idol"],"max_hp_gain":0,"max_hp_loss":7,"event_name":"Golden Idol","floor":6,"gold_loss":0}],"is_beta":false,"boss_relics":[],"items_purged_floors":[],"is_endless":false,"potions_floor_spawned":[1,3,4,8,10],"killed_by":"Exordium Thugs","ascension_level":4}