{"gold_per_floor":[111,61,61,71,81,109,109,124,124,143,143,172,185,17,17,121,121,107,118,31,46,65,65,65,65,147,174,174,190,209,223,223,223],"floor_reached":33,"playtime":1417,"items_purged":["Strike_R"],"score":379,"play_id":"fb97b8a1-42b0-4a0b-a6a4-6ba8de780d6a","local_time":"20190705101917","is_ascension_mode":true,"campfire_choices":[{"data":"Searing Blow","floor":7,"key":"SMITH"},{"data":"Searing Blow+1","floor":11,"key":"SMITH"},{"data":"Searing Blow+2","floor":15,"key":"SMITH"},{"data":"Searing Blow+3","floor":23,"key":"SMITH"},{"data":"Searing Blow+4","floor":25,"key":"SMITH"},{"data":"Searing Blow+5","floor":28,"key":"SMITH"},{"floor":32,"key":"REST"}],"neow_cost":"NONE","seed_source_timestamp":258879621958098,"circlet_count":0,"master_deck":["Strike_R","Strike_R","Strike_R","Defend_R","Defend_R","Defend_R","Bash","Power Through","Pommel Strike","Searing Blow+6","Shockwave","Flash of Steel","Impervious","Forethought","True Grit+1","Power Through","Thunderclap"],"relics":["Burning Blood","Centennial Puzzle","PreservedInsect","Matryoshka","Velvet Choker","Anchor","Mummified Hand","Bronze Scales"],"potions_floor_usage":[6,12,16,33,33],"damage_taken":[{"damage":7,"enemies":"Small Slimes","floor":1,"turns":4},{"damage":1,"enemies":"Cultist","floor":4,"turns":4},{"damage":7,"enemies":"Jaw Worm","floor":5,"turns":3},{"damage":35,"enemies":"3 Sentries","floor":6,"turns":12},{"damage":0,"enemies":"Large Slime","floor":8,"turns":6},{"damage":3,"enemies":"Exordium Wildlife","floor":10,"turns":5},{"damage":8,"enemies":"Gremlin Nob","floor":12,"turns":3},{"damage":6,"enemies":"Blue Slaver","floor":13,"turns":4},{"damage":21,"enemies":"The Guardian","floor":16,"turns":12},{"damage":1,"enemies":"2 Thieves","floor":18,"turns":4},{"damage":9,"enemies":"Chosen","floor":19,"turns":4},{"damage":11,"enemies":"Snake Plant","floor":21,"turns":5},{"damage":28,"enemies":"3 Cultists","floor":22,"turns":7},{"damage":25,"enemies":"Book of Stabbing","floor":27,"turns":4},{"damage":8,"enemies":"Chosen and Byrds","floor":29,"turns":6},{"damage":4,"enemies":"Centurion and Healer","floor":30,"turns":5},{"damage":0,"enemies":"Snake Plant","floor":31,"turns":4},{"damage":75,"enemies":"Collector","floor":33,"turns":7}],"seed_played":"6493118992149071493","potions_obtained":[{"floor":5,"key":"Block Potion"},{"floor":6,"key":"Block Potion"},{"floor":8,"key":"PowerPotion"},{"floor":12,"key":"BloodPotion"},{"floor":21,"key":"Strength Potion"},{"floor":29,"key":"Dexterity Potion"}],"is_trial":false,"path_per_floor":["M","?","?","M","M","E","R","M","T","M","R","E","M","$","R","B",null,"M","M","$","M","M","R","$","R","T","E","R","M","M","M","R","B"],"character_chosen":"IRONCLAD","items_purchased":["Flash of Steel","Forethought"],"campfire_rested":1,"item_purchase_floors":[14,20],"current_hp_per_floor":[79,79,79,84,83,54,54,60,60,63,63,61,61,61,61,46,78,83,80,80,75,53,53,53,53,53,34,34,32,34,40,66,0],"gold":223,"neow_bonus":"TEN_PERCENT_HP_BONUS","is_prod":false,"is_daily":false,"chose_seed":false,"campfire_upgraded":6,"win_rate":0,"timestamp":1562314757,"path_taken":["M","?","?","M","M","E","R","?","T","M","R","E","M","$","R","BOSS","M","M","$","M","M","R","$","R","T","E","R","M","M","M","R","BOSS"],"build_version":"2019-07-01","purchased_purges":1,"victory":false,"max_hp_per_floor":[88,88,88,88,88,88,88,88,88,88,88,88,88,88,88,88,88,88,88,88,88,88,88,88,88,88,88,88,88,88,88,88,88],"card_choices":[{"not_picked":["Cleave","Power Through","Shrug It Off"],"picked":"SKIP","floor":1},{"not_picked":["Cleave","Twin Strike"],"picked":"Pommel Strike","floor":4},{"not_picked":["Twin Strike","Sword Boomerang","Rage"],"picked":"SKIP","floor":5},{"not_picked":["Armaments","Demon Form"],"picked":"Searing Blow","floor":6},{"not_picked":["Intimidate","Blood for Blood"],"picked":"Shockwave","floor":8},{"not_picked":["Blood for Blood","Sword Boomerang","Wild Strike"],"picked":"SKIP","floor":10},{"not_picked":["Clothesline","Rage","True Grit"],"picked":"SKIP","floor":12},{"not_picked":["Clothesline","Rage","True Grit"],"picked":"SKIP","floor":12},{"not_picked":["Searing Blow","Perfected Strike","Shockwave"],"picked":"SKIP","floor":13},{"not_picked":["Brutality","Exhume"],"picked":"Impervious","floor":16},{"not_picked":["Cleave","Clash","Hemokinesis"],"picked":"SKIP","floor":18},{"not_picked":["Sever Soul","Heavy Blade","Anger"],"picked":"SKIP","floor":19},{"not_picked":["Flex","Heavy Blade"],"picked":"True Grit+1","floor":21},{"not_picked":["Dropkick","Sentinel","Cleave"],"picked":"SKIP","floor":22},{"not_picked":["Perfected Strike","Uppercut"],"picked":"Power Through","floor":27},{"not_picked":["Rage","Armaments"],"picked":"Thunderclap","floor":29},{"not_picked":["Anger","Blood for Blood","Spot Weakness+1"],"picked":"SKIP","floor":30},{"not_picked":["Shrug It Off","Feel No Pain","Pommel Strike"],"picked":"SKIP","floor":31}],"player_experience":161055,"relics_obtained":[{"floor":6,"key":"Centennial Puzzle"},{"floor":9,"key":"PreservedInsect"},{"floor":12,"key":"Matryoshka"},{"floor":26,"key":"Anchor"},{"floor":26,"key":"Mummified Hand"},{"floor":27,"key":"Bronze Scales"}],"event_choices":[{"cards_removed":["Strike_R"],"damage_healed":0,"gold_gain":0,"player_choice":"Card Removal","damage_taken":0,"max_hp_gain":0,"max_hp_loss":0,"event_name":"The Cleric","floor":2,"gold_loss":50},{"damage_healed":0,"gold_gain":0,"cards_transformed":["Defend_R"],"player_choice":"Transformed","damage_taken":0,"max_hp_gain":0,"max_hp_loss":0,"event_name":"Transmorgrifier","floor":3,"gold_loss":0,"cards_obtained":["Power Through"]}],"is_beta":false,"boss_relics":[{"not_picked":["Pandora\u0027s Box","Cursed Key"],"picked":"Velvet Choker"}],"items_purged_floors":[14],"is_endless":false,"potions_floor_spawned":[5,6,8,12,21,29,30,31],"killed_by":"Collector","ascension_level":7}