{"path_per_floor":["M","$","?","M","M","R","E","R","T","E","M"],"character_chosen":"DEFECT","items_purchased":[],"gold_per_floor":[118,118,118,136,154,154,193,193,218,252,265,265],"floor_reached":12,"campfire_rested":0,"playtime":978,"item_purchase_floors":[],"current_hp_per_floor":[75,75,69,61,59,59,23,23,23,12,10,0],"items_purged":[],"gold":265,"score":88,"play_id":"9ee6a821-245c-41ff-a4ac-ecd3e0f700a8","local_time":"20180602140220","is_prod":false,"is_daily":false,"chose_seed":false,"is_ascension_mode":false,"campfire_upgraded":2,"win_rate":0.0,"timestamp":1527944540,"campfire_choices":[{"data":"Zap","floor":6,"key":"SMITH"},{"data":"Redo","floor":8,"key":"SMITH"}],"path_taken":["M","$","?","M","M","R","E","R","T","E","M","M"],"build_version":"2018-05-31","seed_source_timestamp":168873358527186,"purchased_purges":0,"victory":false,"master_deck":["Strike_B","Strike_B","Strike_B","Strike_B","Defend_B","Defend_B","Defend_B","Defend_B","Zap+1","Dualcast","Rebound","Redo+1","Redo","Gash","Self Repair","Redo"],"max_hp_per_floor":[75,75,69,69,69,69,69,69,69,69,69,69],"relics":["Cracked Core","Golden Idol","Ancient Tea Set","Lantern","Shuriken"],"card_choices":[{"not_picked":["Auto Shields","Scrape"],"picked":"Rebound","floor":1},{"not_picked":["Hologram","Skim"],"picked":"Redo","floor":4},{"not_picked":["Genetic Algorithm","Gash"],"picked":"Redo","floor":5},{"not_picked":["Doom and Gloom","Stack"],"picked":"Gash","floor":7},{"not_picked":["Meteor Strike","Scrape"],"picked":"Self Repair","floor":10},{"not_picked":["Rebound","Consume"],"picked":"Redo","floor":11}],"player_experience":595876,"potions_floor_usage":[7,10,10],"damage_taken":[{"damage":0,"enemies":"Cultist","floor":1,"turns":4},{"damage":8,"enemies":"Jaw Worm","floor":4,"turns":3},{"damage":2,"enemies":"Small Slimes","floor":5,"turns":3},{"damage":36,"enemies":"3 Sentries","floor":7,"turns":8},{"damage":11,"enemies":"Lagavulin","floor":10,"turns":5},{"damage":9,"enemies":"Blue Slaver","floor":11,"turns":3},{"damage":12,"enemies":"Exordium Thugs","floor":12,"turns":1}],"relics_obtained":[{"floor":7,"key":"Ancient Tea Set"},{"floor":9,"key":"Lantern"},{"floor":10,"key":"Shuriken"}],"event_choices":[{"event_name":"Golden Idol","player_choice":"Lose Max HP","floor":3,"damage_taken":0}],"boss_relics":[],"items_purged_floors":[],"potions_floor_spawned":[1,4,7,11],"seed_played":"2919970881958208206","killed_by":"Exordium Thugs","ascension_level":0,"potions_obtained":[{"floor":1,"key":"PowerPotion"},{"floor":4,"key":"Weak Potion"},{"floor":7,"key":"Fire Potion"},{"floor":11,"key":"FocusPotion"}],"is_trial":false}