{"gold_per_floor":[360,370,128,141,157,188,188,218,243,257,257,48,48,48,48,178,178,197,197,211,229,244,312,330,343,366,366],"floor_reached":27,"playtime":1966,"items_purged":[],"score":259,"play_id":"56d03575-0e3a-4346-8372-b05821b1c8da","local_time":"20181225235522","is_ascension_mode":true,"campfire_choices":[{"data":"Warcry","floor":7,"key":"SMITH"},{"data":"Flex","floor":11,"key":"SMITH"},{"data":"Ghostly Armor","floor":13,"key":"SMITH"},{"floor":15,"key":"REST"}],"neow_cost":"CURSE","seed_source_timestamp":90342720266194,"circlet_count":0,"master_deck":["Strike_R+1","Strike_R+1","Strike_R+1","Strike_R+1","Strike_R+1","Defend_R+1","Defend_R+1","Defend_R+1","Defend_R+1","Bash","Writhe","Shrug It Off","Ghostly Armor+1","Twin Strike","Warcry+1","Flex+1","Reaper","Spot Weakness","Dark Embrace","Body Slam+1","Evolve+1","Headbutt","Seeing Red+1","Perfected Strike+1","Thunderclap","Sever Soul+1"],"relics":["Burning Blood","Paper Frog","Unceasing Top","Bronze Scales","Orichalcum","Sling","Golden Idol","White Beast Statue","Tiny Chest","Happy Flower"],"potions_floor_usage":[8,22,23,23,24,25,25,27],"damage_taken":[{"damage":6,"enemies":"Jaw Worm","floor":1,"turns":3},{"damage":6,"enemies":"2 Louse","floor":2,"turns":3},{"damage":6,"enemies":"Cultist","floor":4,"turns":4},{"damage":6,"enemies":"Lots of Slimes","floor":5,"turns":8},{"damage":31,"enemies":"3 Sentries","floor":6,"turns":12},{"damage":13,"enemies":"Lagavulin","floor":8,"turns":6},{"damage":8,"enemies":"Red Slaver","floor":10,"turns":4},{"damage":30,"enemies":"Hexaghost","floor":16,"turns":9},{"damage":21,"enemies":"Shell Parasite","floor":18,"turns":7},{"damage":12,"enemies":"Chosen","floor":20,"turns":7},{"damage":18,"enemies":"Snecko","floor":21,"turns":6},{"damage":13,"enemies":"Snake Plant","floor":22,"turns":3},{"damage":43,"enemies":"Slavers","floor":23,"turns":5},{"damage":17,"enemies":"Shelled Parasite and Fungi","floor":24,"turns":5},{"damage":14,"enemies":"3 Cultists","floor":25,"turns":6},{"damage":22,"enemies":"Gremlin Leader","floor":27,"turns":6}],"seed_played":"7139023564101707437","potions_obtained":[{"floor":2,"key":"Ancient Potion"},{"floor":6,"key":"GamblersBrew"},{"floor":16,"key":"Weak Potion"},{"floor":18,"key":"LiquidBronze"},{"floor":20,"key":"GamblersBrew"},{"floor":21,"key":"SkillPotion"},{"floor":22,"key":"Block Potion"},{"floor":23,"key":"SpeedPotion"},{"floor":24,"key":"GamblersBrew"},{"floor":25,"key":"Ancient Potion"}],"is_trial":false,"path_per_floor":["M","M","$","M","M","E","R","E","T","M","R","$","R","?","R","B",null,"M","?","M","M","M","E","M","M","T","E"],"character_chosen":"IRONCLAD","items_purchased":["Paper Frog","Sling"],"campfire_rested":1,"item_purchase_floors":[3,12],"current_hp_per_floor":[80,80,80,80,80,55,55,48,48,46,46,46,46,46,68,55,74,69,69,63,51,44,28,17,17,17,0],"gold":366,"neow_bonus":"TWO_FIFTY_GOLD","is_prod":false,"is_daily":false,"chose_seed":false,"campfire_upgraded":3,"win_rate":0,"timestamp":1545810922,"path_taken":["M","M","$","M","M","E","R","E","T","M","R","$","R","?","R","BOSS","M","?","M","M","M","E","M","M","T","E"],"build_version":"2018-12-20","purchased_purges":0,"victory":false,"max_hp_per_floor":[80,80,80,80,80,80,80,80,80,80,80,80,80,74,74,74,74,74,74,74,74,74,74,74,74,74,74],"card_choices":[{"not_picked":["Thunderclap","Perfected Strike"],"picked":"Shrug It Off","floor":1},{"not_picked":["Anger","Clash"],"picked":"Ghostly Armor","floor":2},{"not_picked":["Searing Blow","Cleave"],"picked":"Twin Strike","floor":4},{"not_picked":["Thunderclap","Pummel"],"picked":"Warcry","floor":5},{"not_picked":["Headbutt","Clothesline"],"picked":"Flex","floor":6},{"not_picked":["Flame Barrier","Thunderclap"],"picked":"Reaper","floor":8},{"not_picked":["Iron Wave","Headbutt"],"picked":"Spot Weakness","floor":10},{"not_picked":["Bludgeon","Impervious"],"picked":"Dark Embrace","floor":16},{"not_picked":["Clash","Pommel Strike"],"picked":"Body Slam+1","floor":18},{"not_picked":["Battle Trance","Headbutt"],"picked":"Evolve+1","floor":20},{"not_picked":["True Grit","Power Through"],"picked":"Headbutt","floor":21},{"not_picked":["Wild Strike","Dark Embrace"],"picked":"Seeing Red+1","floor":22},{"not_picked":["Sword Boomerang","Body Slam+1"],"picked":"Perfected Strike+1","floor":23},{"not_picked":["Evolve+1","Wild Strike"],"picked":"Thunderclap","floor":24},{"not_picked":["Evolve","Reckless Charge"],"picked":"Sever Soul+1","floor":25}],"player_experience":113638,"relics_obtained":[{"floor":6,"key":"Unceasing Top"},{"floor":8,"key":"Bronze Scales"},{"floor":9,"key":"Orichalcum"},{"floor":23,"key":"Tiny Chest"},{"floor":26,"key":"Happy Flower"}],"event_choices":[{"damage_healed":0,"gold_gain":0,"player_choice":"Lose Max HP","damage_taken":0,"relics_obtained":["Golden Idol"],"max_hp_gain":0,"max_hp_loss":6,"event_name":"Golden Idol","floor":14,"gold_loss":0},{"damage_healed":0,"gold_gain":0,"player_choice":"Simplicity","damage_taken":0,"max_hp_gain":0,"max_hp_loss":0,"event_name":"Back to Basics","floor":19,"gold_loss":0,"cards_upgraded":["Strike_R","Strike_R","Strike_R","Strike_R","Strike_R","Defend_R","Defend_R","Defend_R","Defend_R"]}],"is_beta":false,"boss_relics":[{"not_picked":["Snecko Eye","Mark of Pain"],"picked":"White Beast Statue"}],"items_purged_floors":[],"is_endless":false,"potions_floor_spawned":[2,6,16,18,20,21,22,23,24,25],"killed_by":"Gremlin Leader","ascension_level":1}