{"path_per_floor":["M","M","M","?","M","R","M","R","T","R","?","M","R","$","R","B",null,"M","$","M","M","?","R","E","R","T","M","$","?","?","M","R","B",null,"M","M","?","$","M","R","$","M","T","R","E","?","R","M","R"],"character_chosen":"DEFECT","items_purchased":["Molten Egg 2","FTL+1","Gremlin Horn","Regen Potion","PowerPotion"],"gold_per_floor":[113,124,134,134,150,150,170,170,170,170,170,186,186,111,111,234,234,252,1,19,34,34,34,65,65,65,85,4,4,4,17,17,147,147,162,185,518,38,58,58,58,74,124,124,157,157,157,172,172,172],"floor_reached":50,"campfire_rested":3,"playtime":2076,"item_purchase_floors":[19,28,38,38,38],"current_hp_per_floor":[72,72,71,71,63,63,52,52,52,52,52,37,37,37,37,35,69,68,68,68,39,39,39,34,54,54,47,47,31,31,23,23,18,69,50,42,42,42,32,32,32,28,28,28,7,7,27,26,46,0],"items_purged":["Strike_B","Strike_B"],"gold":172,"score":530,"play_id":"91fcff74-755d-455c-b31f-e08729892cff","local_time":"20180604011411","is_prod":false,"is_daily":false,"chose_seed":false,"is_ascension_mode":true,"campfire_upgraded":9,"win_rate":0,"timestamp":1528071251,"campfire_choices":[{"data":"Sweeping Beam","floor":6,"key":"SMITH"},{"data":"Dualcast","floor":8,"key":"SMITH"},{"data":"Beam Cell","floor":10,"key":"SMITH"},{"data":"Redo","floor":13,"key":"SMITH"},{"data":"Scrape","floor":15,"key":"SMITH"},{"data":"Defragment","floor":23,"key":"SMITH"},{"floor":25,"key":"REST"},{"data":"Glacier","floor":32,"key":"SMITH"},{"data":"Redo","floor":40,"key":"SMITH"},{"data":"Seek","floor":44,"key":"SMITH"},{"floor":47,"key":"REST"},{"floor":49,"key":"REST"}],"path_taken":["M","M","M","?","?","R","M","R","T","R","?","M","R","?","R","BOSS","M","$","M","?","?","R","E","R","T","M","$","?","?","M","R","BOSS","M","M","?","$","M","R","$","M","T","R","E","?","R","M","R","BOSS"],"build_version":"2018-05-31","seed_source_timestamp":39169831289551,"purchased_purges":2,"victory":false,"master_deck":["Strike_B","Strike_B","Defend_B","Defend_B","Defend_B","Defend_B","Zap+1","Dualcast+1","Scrape+1","Redo+1","Beam Cell+1","Sweeping Beam+1","FTL","Seek+1","Defragment+1","Go for the Eyes+1","Glacier+1","Beam Cell+1","FTL+1","Scrape+1","Go for the Eyes+1","Seek","Redo+1","Leap+1","Normality","Skim+1","Thinking Ahead"],"max_hp_per_floor":[75,75,75,75,75,75,75,75,75,75,69,69,69,69,69,69,69,69,69,69,69,69,69,69,69,69,69,69,69,69,69,69,69,69,69,69,69,69,69,69,69,69,69,69,69,69,69,69,69,69],"relics":["Cracked Core","Mummified Hand","Lizard Tail","Molten Egg 2","Vajra","Pantograph","Cursed Key","Gremlin Horn","Orichalcum","Torii"],"card_choices":[{"not_picked":["Go for the Eyes","Skim"],"picked":"Scrape","floor":1},{"not_picked":["Cold Snap","Reinforced Body"],"picked":"Redo","floor":2},{"not_picked":["Compile Driver","Leap"],"picked":"Beam Cell","floor":3},{"not_picked":["Turbo","Hello World"],"picked":"Sweeping Beam","floor":5},{"not_picked":["Glacier","Ball Lightning","Darkness"],"picked":"SKIP","floor":7},{"not_picked":["Redo","Cold Snap"],"picked":"FTL","floor":12},{"not_picked":["Creative AI","Core Surge"],"picked":"Seek","floor":16},{"not_picked":["Tempest","Coolheaded","Cold Snap"],"picked":"SKIP","floor":18},{"not_picked":["Stack+1","Fusion"],"picked":"Defragment","floor":20},{"not_picked":["Cold Snap+1","Lockon+1"],"picked":"Go for the Eyes+1","floor":21},{"not_picked":["Double Energy","Compile Driver+1"],"picked":"Glacier","floor":24},{"not_picked":["Cold Snap+1","Turbo+1"],"picked":"Beam Cell+1","floor":27},{"not_picked":["Fusion+1","Conserve Battery"],"picked":"Go for the Eyes+1","floor":31},{"not_picked":["Machine Learning","Amplify"],"picked":"Seek","floor":33},{"not_picked":["Beam Cell+1","Steam Power+1"],"picked":"Redo","floor":35},{"not_picked":["Rip and Tear+1","Compile Driver+1","Beam Cell+1"],"picked":"SKIP","floor":36},{"not_picked":["Melter+1","Go for the Eyes+1"],"picked":"Leap+1","floor":39},{"not_picked":["Darkness","Conserve Battery","Sunder+1"],"picked":"SKIP","floor":42},{"not_picked":["Chaos+1","Conserve Battery"],"picked":"Skim+1","floor":45},{"not_picked":["Dark Shackles","Transmutation"],"picked":"Thinking Ahead","floor":46},{"not_picked":["Consume","Lockon+1","Rebound+1"],"picked":"SKIP","floor":48}],"player_experience":624733,"potions_floor_usage":[16,18,21,21,33,35,42,45,45,50],"damage_taken":[{"damage":3,"enemies":"Jaw Worm","floor":1,"turns":4},{"damage":0,"enemies":"2 Louse","floor":2,"turns":2},{"damage":1,"enemies":"Cultist","floor":3,"turns":3},{"damage":8,"enemies":"3 Louse","floor":5,"turns":4},{"damage":11,"enemies":"Blue Slaver","floor":7,"turns":3},{"damage":15,"enemies":"Exordium Thugs","floor":12,"turns":3},{"damage":2,"enemies":"Slime Boss","floor":16,"turns":6},{"damage":1,"enemies":"3 Byrds","floor":18,"turns":3},{"damage":0,"enemies":"Chosen","floor":20,"turns":2},{"damage":29,"enemies":"Centurion and Healer","floor":21,"turns":4},{"damage":39,"enemies":"Book of Stabbing","floor":24,"turns":5},{"damage":7,"enemies":"Snake Plant","floor":27,"turns":4},{"damage":8,"enemies":"Chosen and Byrds","floor":31,"turns":4},{"damage":30,"enemies":"Collector","floor":33,"turns":6},{"damage":19,"enemies":"3 Shapes","floor":35,"turns":2},{"damage":8,"enemies":"Orb Walker","floor":36,"turns":2},{"damage":10,"enemies":"Maw","floor":39,"turns":6},{"damage":16,"enemies":"Sphere and 2 Shapes","floor":42,"turns":4},{"damage":21,"enemies":"Giant Head","floor":45,"turns":8},{"damage":1,"enemies":"3 Darklings","floor":48,"turns":5},{"damage":101,"enemies":"Donu and Deca","floor":50,"turns":5}],"relics_obtained":[{"floor":9,"key":"Mummified Hand"},{"floor":24,"key":"Vajra"},{"floor":26,"key":"Pantograph"},{"floor":43,"key":"Orichalcum"},{"floor":45,"key":"Torii"}],"event_choices":[{"event_name":"Living Wall","player_choice":"Grow","floor":4,"damage_taken":0},{"event_name":"Golden Idol","player_choice":"Lose Max HP","floor":11,"damage_taken":0},{"event_name":"Addict","player_choice":"Ignored","floor":22,"damage_taken":0},{"event_name":"Cursed Tome","player_choice":"Obtained Book","floor":29,"damage_taken":0},{"event_name":"Duplicator","player_choice":"One dupe","floor":30,"damage_taken":0},{"event_name":"The Moai Head","player_choice":"Gave Idol","floor":37,"damage_taken":0},{"event_name":"SensoryStone","player_choice":"Memory 1","floor":46,"damage_taken":0}],"boss_relics":[{"not_picked":["Calling Bell","Runic Pyramid"],"picked":"Lizard Tail"},{"not_picked":["Philosopher\u0027s Stone","Sozu"],"picked":"Cursed Key"}],"items_purged_floors":[14,38],"potions_floor_spawned":[3,7,16,18,20,24,39,42,48],"seed_played":"-775914293906841612","killed_by":"Donu and Deca","ascension_level":2,"potions_obtained":[{"floor":3,"key":"LiquidBronze"},{"floor":7,"key":"SkillPotion"},{"floor":16,"key":"Block Potion"},{"floor":18,"key":"Energy Potion"},{"floor":20,"key":"SpeedPotion"},{"floor":24,"key":"PowerPotion"},{"floor":39,"key":"Ancient Potion"},{"floor":42,"key":"FairyPotion"},{"floor":48,"key":"Strength Potion"}],"is_trial":false}