{"gold_per_floor":[10,10,26,26,26,26,59,83,131,42,60,60,96,133,145,250,262,295,345,377,389,419,469,481,511,523,157,157,180,198,198,198,294,294,319,319,340,240,253,253,272,494,494,494,514,117,130,143,143,143],"floor_reached":50,"playtime":1958,"items_purged":["Strike_R","Strike_R","Strike_R"],"score":929,"play_id":"76afd00b-44c2-4e45-95a6-148751597bc9","local_time":"20190406004613","is_ascension_mode":true,"campfire_choices":[{"data":"Bash","floor":6,"key":"SMITH"},{"floor":12,"key":"REST"},{"data":"Uppercut","floor":15,"key":"SMITH"},{"floor":24,"key":"REST"},{"floor":28,"key":"REST"},{"data":"Demon Form","floor":32,"key":"SMITH"},{"floor":40,"key":"REST"},{"data":"Feel No Pain","floor":49,"key":"SMITH"}],"neow_cost":"NO_GOLD","seed_source_timestamp":86611038292178,"circlet_count":0,"master_deck":["AscendersBane","Strike_R","Strike_R","Defend_R","Defend_R","Defend_R","Bash+1","Fiend Fire+1","Iron Wave","Pommel Strike","Demon Form+1","Shockwave+1","Uppercut+1","Pommel Strike","Impervious","Exhume+1","Shrug It Off","Feel No Pain+1","J.A.X.","Immolate","True Grit","Parasite","Warcry+1"],"relics":["Burning Blood","Golden Idol","Happy Flower","Calipers","Vajra","MawBank","Snecko Eye","Red Mask","Blood Vial","War Paint","Strange Spoon","Sozu","Meat on the Bone","Pantograph"],"potions_floor_usage":[7,16,18,19,23,33,50],"damage_taken":[{"damage":7,"enemies":"Small Slimes","floor":1,"turns":3},{"damage":4,"enemies":"2 Louse","floor":3,"turns":3},{"damage":30,"enemies":"Lagavulin","floor":7,"turns":4},{"damage":0,"enemies":"Cultist","floor":8,"turns":2},{"damage":4,"enemies":"Red Slaver","floor":11,"turns":3},{"damage":8,"enemies":"Gremlin Nob","floor":13,"turns":3},{"damage":2,"enemies":"2 Fungi Beasts","floor":14,"turns":3},{"damage":22,"enemies":"Hexaghost","floor":16,"turns":6},{"damage":19,"enemies":"2 Thieves","floor":18,"turns":3},{"damage":2,"enemies":"Masked Bandits","floor":19,"turns":3},{"damage":0,"enemies":"Spheric Guardian","floor":20,"turns":1},{"damage":14,"enemies":"3 Cultists","floor":22,"turns":4},{"damage":19,"enemies":"Slavers","floor":23,"turns":4},{"damage":13,"enemies":"Snecko","floor":25,"turns":4},{"damage":0,"enemies":"Snake Plant","floor":29,"turns":1},{"damage":0,"enemies":"Centurion and Healer","floor":30,"turns":4},{"damage":49,"enemies":"Collector","floor":33,"turns":8},{"damage":10,"enemies":"Orb Walker","floor":35,"turns":3},{"damage":37,"enemies":"3 Shapes","floor":37,"turns":4},{"damage":6,"enemies":"Writhing Mass","floor":39,"turns":4},{"damage":0,"enemies":"Jaw Worm Horde","floor":41,"turns":3},{"damage":15,"enemies":"Spire Growth","floor":45,"turns":4},{"damage":0,"enemies":"4 Shapes","floor":47,"turns":4},{"damage":0,"enemies":"3 Darklings","floor":48,"turns":3},{"damage":68,"enemies":"Awakened One","floor":50,"turns":8}],"seed_played":"-4768047992877555126","potions_obtained":[{"floor":3,"key":"Poison Potion"},{"floor":8,"key":"EssenceOfSteel"},{"floor":11,"key":"Swift Potion"},{"floor":14,"key":"Block Potion"},{"floor":16,"key":"AttackPotion"},{"floor":19,"key":"AttackPotion"},{"floor":23,"key":"Explosive Potion"},{"floor":25,"key":"Block Potion"}],"is_trial":false,"path_per_floor":["M","?","M","?","?","R","E","M","T","$","M","R","E","M","R","B",null,"M","?","M","?","M","E","R","M","T","$","R","M","M","?","R","B",null,"M","?","M","$","M","R","M","?","T","?","M","$","M","M","R","B"],"character_chosen":"IRONCLAD","items_purchased":["Battle Trance","Feel No Pain","Strange Spoon","Pantograph"],"campfire_rested":4,"item_purchase_floors":[10,27,27,46],"current_hp_per_floor":[67,67,68,50,50,50,26,32,32,32,34,54,52,56,56,40,61,48,52,58,48,40,27,47,42,42,42,62,68,68,68,68,25,57,55,55,26,26,28,48,56,56,56,56,49,49,57,65,65,0],"gold":143,"neow_bonus":"THREE_RARE_CARDS","is_prod":false,"is_daily":false,"chose_seed":false,"campfire_upgraded":4,"win_rate":0,"timestamp":1554525973,"path_taken":["M","?","M","?","?","R","E","?","T","?","M","R","E","M","R","BOSS","M","?","M","?","M","E","R","?","T","$","R","M","M","?","R","BOSS","M","?","M","$","M","R","?","?","T","?","M","$","M","M","R","BOSS"],"build_version":"2019-01-23","purchased_purges":3,"victory":false,"max_hp_per_floor":[75,68,68,68,68,68,68,68,68,68,68,68,68,68,68,68,68,68,68,68,68,68,68,68,68,68,68,68,68,68,68,68,68,68,68,68,68,68,68,68,68,68,68,68,68,68,68,68,68,68],"card_choices":[{"not_picked":["Demon Form","Offering"],"picked":"Fiend Fire","floor":0},{"not_picked":["Body Slam","Searing Blow"],"picked":"Iron Wave","floor":1},{"not_picked":["Cleave","Shrug It Off"],"picked":"Pommel Strike","floor":3},{"not_picked":["Havoc","Sword Boomerang"],"picked":"Demon Form","floor":7},{"not_picked":["Pommel Strike","True Grit"],"picked":"Shockwave","floor":8},{"not_picked":["Flame Barrier","Clash"],"picked":"Uppercut","floor":11},{"not_picked":["Sentinel","Reckless Charge"],"picked":"Pommel Strike","floor":13},{"not_picked":["Headbutt","Burning Pact","Clothesline"],"picked":"SKIP","floor":14},{"not_picked":["Brutality","Dark Embrace"],"picked":"Impervious","floor":16},{"not_picked":["Cleave","Body Slam","Sword Boomerang"],"picked":"SKIP","floor":18},{"not_picked":["Clash","Armaments"],"picked":"Exhume","floor":19},{"not_picked":["True Grit","Heavy Blade","Pommel Strike"],"picked":"SKIP","floor":20},{"not_picked":["Infernal Blade","Heavy Blade","Clash"],"picked":"SKIP","floor":22},{"not_picked":["Sword Boomerang","Clash","Headbutt"],"picked":"SKIP","floor":23},{"not_picked":["Rampage+1","Twin Strike"],"picked":"Shrug It Off","floor":25},{"not_picked":["Cleave","Havoc","Anger"],"picked":"SKIP","floor":29},{"not_picked":["Evolve+1","Perfected Strike","Flex"],"picked":"SKIP","floor":30},{"not_picked":["Double Tap","Impervious"],"picked":"Immolate","floor":33},{"not_picked":["Inflame","Burning Pact+1","Bloodletting"],"picked":"SKIP","floor":35},{"not_picked":["Thunderclap","Fire Breathing","Heavy Blade"],"picked":"SKIP","floor":37},{"not_picked":["Dropkick","Clothesline","Iron Wave+1"],"picked":"SKIP","floor":39},{"not_picked":["Clothesline","Iron Wave+1","Havoc"],"picked":"SKIP","floor":41},{"not_picked":["Searing Blow","Rupture","Headbutt+1"],"picked":"SKIP","floor":45},{"not_picked":["Headbutt+1","Thunderclap"],"picked":"Warcry+1","floor":47},{"not_picked":["Whirlwind","Wild Strike","Body Slam+1"],"picked":"SKIP","floor":48}],"player_experience":355596,"relics_obtained":[{"floor":7,"key":"Calipers"},{"floor":9,"key":"Vajra"},{"floor":13,"key":"MawBank"},{"floor":19,"key":"Red Mask"},{"floor":23,"key":"Blood Vial"},{"floor":26,"key":"War Paint"},{"floor":43,"key":"Meat on the Bone"}],"event_choices":[{"damage_healed":0,"gold_gain":0,"player_choice":"Lose Max HP","damage_taken":0,"relics_obtained":["Golden Idol"],"max_hp_gain":0,"max_hp_loss":7,"event_name":"Golden Idol","floor":2,"gold_loss":0},{"damage_healed":0,"gold_gain":0,"player_choice":"Success","damage_taken":18,"relics_obtained":["Happy Flower"],"max_hp_gain":0,"max_hp_loss":0,"event_name":"Scrap Ooze","floor":4,"gold_loss":0},{"damage_healed":0,"gold_gain":0,"player_choice":"Forge","damage_taken":0,"max_hp_gain":0,"max_hp_loss":0,"event_name":"Accursed Blacksmith","floor":5,"gold_loss":0,"cards_upgraded":["Fiend Fire"]},{"damage_healed":0,"gold_gain":0,"player_choice":"Fought Bandits","damage_taken":0,"max_hp_gain":0,"max_hp_loss":0,"event_name":"Masked Bandits","floor":19,"gold_loss":0},{"damage_healed":0,"gold_gain":0,"player_choice":"Damaged","damage_taken":10,"max_hp_gain":0,"max_hp_loss":0,"event_name":"Wheel of Change","floor":21,"gold_loss":0},{"damage_healed":0,"gold_gain":0,"player_choice":"Obtain J.A.X.","damage_taken":0,"max_hp_gain":0,"max_hp_loss":0,"event_name":"Drug Dealer","floor":31,"gold_loss":0,"cards_obtained":["J.A.X."]},{"damage_healed":0,"gold_gain":0,"cards_transformed":["Defend_R"],"player_choice":"Transformed","damage_taken":0,"max_hp_gain":0,"max_hp_loss":0,"event_name":"Transmorgrifier","floor":36,"gold_loss":0,"cards_obtained":["True Grit"]},{"damage_healed":0,"gold_gain":222,"player_choice":"Wore Mask","damage_taken":0,"max_hp_gain":0,"max_hp_loss":0,"event_name":"Tomb of Lord Red Mask","floor":42,"gold_loss":0},{"cards_removed":["Battle Trance"],"damage_healed":0,"gold_gain":0,"player_choice":"Removed Skill","damage_taken":0,"max_hp_gain":0,"max_hp_loss":0,"event_name":"Falling","floor":44,"gold_loss":0}],"is_beta":false,"boss_relics":[{"not_picked":["Calling Bell","Empty Cage"],"picked":"Snecko Eye"},{"not_picked":["Black Blood","Orrery"],"picked":"Sozu"}],"items_purged_floors":[27,38,46],"is_endless":false,"potions_floor_spawned":[3,8,11,14,16,19,23,25,30,37,45,47,48],"killed_by":"Awakened One","ascension_level":18}