{"gold_per_floor":[113,113,130,150,250,277,277,293,318,318,331,361,379,389,389,389],"floor_reached":16,"playtime":728,"items_purged":[],"score":139,"play_id":"bcf7f223-b2c0-4d25-8164-ecc2935827c7","local_time":"20190515092031","is_ascension_mode":false,"campfire_choices":[{"data":"Poisoned Stab","floor":7,"key":"SMITH"},{"data":"Dagger Spray","floor":10,"key":"SMITH"},{"data":"Dagger Throw","floor":15,"key":"SMITH"}],"neow_cost":"NONE","seed_source_timestamp":889249012616600,"circlet_count":0,"master_deck":["Defend_G","Defend_G","Defend_G","Defend_G","Defend_G","Strike_G","Strike_G","Strike_G","Strike_G","Strike_G","Survivor","Neutralize+1","Dagger Spray+1","Poisoned Stab+1","Deadly Poison","Footwork","Crippling Poison","Dagger Throw+1"],"relics":["Ring of the Snake","Potion Belt","Centennial Puzzle"],"potions_floor_usage":[12,12,16],"damage_taken":[{"damage":10,"enemies":"Jaw Worm","floor":1,"turns":8},{"damage":0,"enemies":"2 Louse","floor":3,"turns":2},{"damage":0,"enemies":"Cultist","floor":4,"turns":4},{"damage":22,"enemies":"Lagavulin","floor":6,"turns":6},{"damage":8,"enemies":"Gremlin Gang","floor":8,"turns":4},{"damage":0,"enemies":"Looter","floor":11,"turns":3},{"damage":0,"enemies":"Gremlin Nob","floor":12,"turns":2},{"damage":0,"enemies":"Red Slaver","floor":13,"turns":3},{"damage":13,"enemies":"Exordium Wildlife","floor":14,"turns":5},{"damage":26,"enemies":"Slime Boss","floor":16,"turns":8}],"seed_played":"-656379885280480511","potions_obtained":[{"floor":3,"key":"Fire Potion"},{"floor":6,"key":"SteroidPotion"},{"floor":14,"key":"AttackPotion"}],"is_trial":false,"path_per_floor":["M","?","M","M","?","E","R","M","T","R","M","E","M","M","R","B"],"character_chosen":"THE_SILENT","items_purchased":[],"campfire_rested":0,"item_purchase_floors":[],"current_hp_per_floor":[60,65,65,65,65,43,43,35,35,35,35,35,35,22,22,0],"gold":389,"neow_bonus":"UPGRADE_CARD","is_prod":false,"is_daily":false,"chose_seed":false,"campfire_upgraded":3,"win_rate":0,"timestamp":1557908431,"path_taken":["M","?","M","M","?","E","R","M","T","R","M","E","M","?","R","BOSS"],"build_version":"2019-01-23","purchased_purges":0,"victory":false,"max_hp_per_floor":[70,75,75,75,75,75,75,75,75,75,75,75,75,75,75,75],"card_choices":[{"not_picked":["Escape Plan","Acrobatics"],"picked":"Dagger Spray","floor":1},{"not_picked":["Infinite Blades","Dagger Spray"],"picked":"Poisoned Stab","floor":3},{"not_picked":["Skewer","Outmaneuver"],"picked":"Deadly Poison","floor":4},{"not_picked":["Eviscerate","Flechettes","A Thousand Cuts"],"picked":"SKIP","floor":6},{"not_picked":["Underhanded Strike","Acrobatics","Eviscerate"],"picked":"SKIP","floor":8},{"not_picked":["Dagger Throw","Sucker Punch"],"picked":"Footwork","floor":11},{"not_picked":["Deadly Poison","Blade Dance"],"picked":"Crippling Poison","floor":12},{"not_picked":["Sucker Punch","Doppelganger"],"picked":"Dagger Throw","floor":13},{"not_picked":["Poisoned Stab","Deadly Poison","Dagger Throw"],"picked":"SKIP","floor":14}],"player_experience":1270803,"relics_obtained":[{"floor":6,"key":"Potion Belt"},{"floor":12,"key":"Centennial Puzzle"}],"event_choices":[{"damage_healed":0,"gold_gain":0,"player_choice":"Donut","damage_taken":0,"max_hp_gain":5,"max_hp_loss":0,"event_name":"Big Fish","floor":2,"gold_loss":0},{"damage_healed":0,"gold_gain":100,"player_choice":"Gold","damage_taken":0,"max_hp_gain":0,"max_hp_loss":0,"event_name":"Wheel of Change","floor":5,"gold_loss":0}],"is_beta":false,"boss_relics":[],"items_purged_floors":[],"is_endless":false,"potions_floor_spawned":[3,6,14],"killed_by":"Slime Boss","ascension_level":0}