{"gold_per_floor":[115,40,58,58,18,18,45,45,45,45,65,76,110,122,122,122],"floor_reached":16,"playtime":566,"items_purged":[],"score":220,"play_id":"c27f7119-f46e-4a15-aece-b69a8a298279","local_time":"20190619231148","is_ascension_mode":true,"campfire_choices":[{"data":"Body Slam","floor":6,"key":"SMITH"},{"data":"Bash","floor":8,"key":"SMITH"},{"data":"Clothesline","floor":15,"key":"SMITH"}],"neow_cost":"NONE","seed_source_timestamp":502098493360800,"circlet_count":0,"master_deck":["AscendersBane","Strike_R","Strike_R","Strike_R","Strike_R","Defend_R","Defend_R","Defend_R","Bash+1","Pommel Strike","Body Slam+1","Ghostly Armor","Cleave","Clothesline+1","Headbutt","Cleave","Iron Wave"],"relics":["Burning Blood","Ancient Tea Set","Mummified Hand","Anchor"],"potions_floor_usage":[3,13,13],"damage_taken":[{"damage":9,"enemies":"2 Louse","floor":1,"turns":3},{"damage":12,"enemies":"Small Slimes","floor":3,"turns":3},{"damage":55,"enemies":"Gremlin Nob","floor":7,"turns":5},{"damage":0,"enemies":"Jaw Worm","floor":11,"turns":2},{"damage":0,"enemies":"2 Fungi Beasts","floor":12,"turns":3},{"damage":17,"enemies":"Lagavulin","floor":13,"turns":5},{"damage":0,"enemies":"Red Slaver","floor":14,"turns":2},{"damage":33,"enemies":"Hexaghost","floor":16,"turns":9}],"seed_played":"-398253320988257341","potions_obtained":[{"floor":3,"key":"Fruit Juice"},{"floor":7,"key":"FearPotion"},{"floor":11,"key":"BloodPotion"},{"floor":12,"key":"SkillPotion"}],"is_trial":false,"path_per_floor":["M","?","M","?","$","R","E","R","T","$","M","M","E","M","R","B"],"character_chosen":"IRONCLAD","items_purchased":["Ghostly Armor"],"campfire_rested":0,"item_purchase_floors":[5],"current_hp_per_floor":[72,72,71,64,64,64,15,15,15,15,21,27,24,30,30,0],"gold":122,"neow_bonus":"TEN_PERCENT_HP_BONUS","is_prod":false,"is_daily":false,"chose_seed":false,"campfire_upgraded":3,"win_rate":0,"timestamp":1560982308,"path_taken":["M","?","M","?","?","R","E","R","T","$","M","M","E","M","R","BOSS"],"build_version":"2019-01-23","purchased_purges":0,"victory":false,"max_hp_per_floor":[82,82,87,87,87,87,87,87,87,87,87,87,87,87,87,87],"card_choices":[{"not_picked":["Cleave","True Grit"],"picked":"Pommel Strike","floor":1},{"not_picked":["Pummel","Anger"],"picked":"Body Slam","floor":3},{"not_picked":["Pommel Strike","Dark Embrace"],"picked":"Cleave","floor":7},{"not_picked":["Flex","Spot Weakness"],"picked":"Clothesline","floor":11},{"not_picked":["Flex","Hemokinesis"],"picked":"Headbutt","floor":12},{"not_picked":["Anger","Dropkick"],"picked":"Cleave","floor":13},{"not_picked":["Entrench","Feel No Pain"],"picked":"Iron Wave","floor":14}],"player_experience":1302220,"relics_obtained":[{"floor":7,"key":"Ancient Tea Set"},{"floor":9,"key":"Mummified Hand"},{"floor":13,"key":"Anchor"}],"event_choices":[{"cards_removed":["Defend_R"],"damage_healed":0,"gold_gain":0,"player_choice":"Card Removal","damage_taken":0,"max_hp_gain":0,"max_hp_loss":0,"event_name":"The Cleric","floor":2,"gold_loss":75},{"cards_removed":["Strike_R"],"damage_healed":0,"gold_gain":0,"player_choice":"Card Removal","damage_taken":7,"max_hp_gain":0,"max_hp_loss":0,"event_name":"Golden Wing","floor":4,"gold_loss":0}],"is_beta":false,"boss_relics":[],"items_purged_floors":[],"is_endless":false,"potions_floor_spawned":[3,7,11,12],"killed_by":"Hexaghost","ascension_level":20}