{"gold_per_floor":[115,134,134,144,144,177,40,74,74,74,88,88,13,39,39,116,116,127,145,145,145,45,45,77,77,77,57,57,73,98,109,109,109],"floor_reached":33,"playtime":1527,"items_purged":["Strike_R","Strike_R"],"score":602,"play_id":"63a76663-2106-427f-b2ab-0fb689aacf9f","local_time":"20190615220159","is_ascension_mode":true,"campfire_choices":[{"data":"Body Slam","floor":10,"key":"SMITH"},{"floor":12,"key":"REST"},{"data":"Iron Wave","floor":15,"key":"SMITH"},{"floor":23,"key":"REST"},{"data":"Juggernaut","floor":25,"key":"SMITH"},{"data":"Shrug It Off","floor":28,"key":"SMITH"},{"floor":32,"key":"REST"}],"neow_cost":"NONE","seed_source_timestamp":151345731565300,"circlet_count":0,"master_deck":["AscendersBane","Strike_R","Strike_R","Strike_R","Defend_R","Defend_R","Defend_R","Bash","Battle Trance","Iron Wave+1","Juggernaut+1","Shrug It Off+1","Shrug It Off","Body Slam+1","Feed","Sword Boomerang","Limit Break","Entrench+1","Cleave","Shrug It Off"],"relics":["Burning Blood","NeowsBlessing","Bronze Scales","Tiny Chest","Letter Opener","Centennial Puzzle","Red Skull","Eternal Feather","Shuriken","Happy Flower","Darkstone Periapt","Ancient Tea Set"],"potions_floor_usage":[6,16,29,30,30,30,33,33],"damage_taken":[{"damage":0,"enemies":"Jaw Worm","floor":1,"turns":1},{"damage":0,"enemies":"Cultist","floor":2,"turns":1},{"damage":0,"enemies":"Small Slimes","floor":4,"turns":1},{"damage":27,"enemies":"Gremlin Nob","floor":6,"turns":4},{"damage":33,"enemies":"Lagavulin","floor":8,"turns":8},{"damage":11,"enemies":"Exordium Thugs","floor":11,"turns":4},{"damage":20,"enemies":"3 Sentries","floor":14,"turns":6},{"damage":11,"enemies":"Hexaghost","floor":16,"turns":7},{"damage":38,"enemies":"2 Thieves","floor":18,"turns":4},{"damage":21,"enemies":"Shell Parasite","floor":19,"turns":3},{"damage":36,"enemies":"Gremlin Leader","floor":24,"turns":6},{"damage":17,"enemies":"Chosen and Byrds","floor":29,"turns":5},{"damage":6,"enemies":"Book of Stabbing","floor":30,"turns":4},{"damage":13,"enemies":"Snecko","floor":31,"turns":5},{"damage":72,"enemies":"Champ","floor":33,"turns":13}],"seed_played":"-2103043416185462931","potions_obtained":[{"floor":2,"key":"Fire Potion"},{"floor":14,"key":"AttackPotion"},{"floor":16,"key":"Energy Potion"},{"floor":27,"key":"EntropicBrew"},{"floor":29,"key":"SpeedPotion"},{"floor":30,"key":"Dexterity Potion"}],"is_trial":false,"path_per_floor":["M","M","?","M","?","E","$","E","T","R","M","R","$","E","R","B",null,"M","M","$","?","$","R","E","R","T","?","R","M","E","M","R","B"],"character_chosen":"IRONCLAD","items_purchased":["Tiny Chest"],"campfire_rested":3,"item_purchase_floors":[7],"current_hp_per_floor":[74,75,75,75,80,59,59,32,32,32,27,51,51,40,40,35,71,42,27,27,27,27,61,31,40,40,40,49,41,41,34,72,0],"gold":109,"neow_bonus":"THREE_ENEMY_KILL","is_prod":false,"is_daily":false,"chose_seed":false,"campfire_upgraded":4,"win_rate":0,"timestamp":1560632519,"path_taken":["M","M","?","?","?","E","?","E","T","R","M","R","$","E","R","BOSS","M","?","$","?","?","R","E","R","T","?","R","M","E","M","R","BOSS"],"build_version":"2019-01-23","purchased_purges":2,"victory":false,"max_hp_per_floor":[75,75,75,75,80,80,80,80,80,80,80,80,80,83,83,83,83,86,86,86,86,86,86,86,86,86,86,86,89,89,89,89,89],"card_choices":[{"not_picked":["Flex","Corruption"],"picked":"Battle Trance","floor":1},{"not_picked":["Searing Blow","Flame Barrier"],"picked":"Iron Wave","floor":2},{"not_picked":["Blood for Blood","Warcry"],"picked":"Shrug It Off","floor":4},{"not_picked":["Bloodletting","Metallicize"],"picked":"Shrug It Off","floor":6},{"not_picked":["Clothesline","Dual Wield"],"picked":"Body Slam","floor":8},{"not_picked":["Spot Weakness","True Grit"],"picked":"Feed","floor":11},{"not_picked":["Searing Blow","Carnage"],"picked":"Sword Boomerang","floor":14},{"not_picked":["Bludgeon","Brutality"],"picked":"Limit Break","floor":16},{"not_picked":["Sword Boomerang","Seeing Red","Heavy Blade"],"picked":"SKIP","floor":18},{"not_picked":["Burning Pact","Thunderclap"],"picked":"Entrench+1","floor":19},{"not_picked":["Body Slam","Flex"],"picked":"Cleave","floor":24},{"not_picked":["Twin Strike","Headbutt"],"picked":"Shrug It Off","floor":29},{"not_picked":["Battle Trance","Perfected Strike","Heavy Blade"],"picked":"SKIP","floor":30},{"not_picked":["Warcry","Anger","Armaments"],"picked":"SKIP","floor":31}],"player_experience":1294859,"relics_obtained":[{"floor":6,"key":"Bronze Scales"},{"floor":8,"key":"Letter Opener"},{"floor":9,"key":"Centennial Puzzle"},{"floor":14,"key":"Red Skull"},{"floor":21,"key":"Shuriken"},{"floor":24,"key":"Happy Flower"},{"floor":26,"key":"Darkstone Periapt"},{"floor":30,"key":"Ancient Tea Set"}],"event_choices":[{"damage_healed":0,"gold_gain":0,"cards_transformed":["Defend_R"],"player_choice":"Transformed","damage_taken":0,"max_hp_gain":0,"max_hp_loss":0,"event_name":"Transmorgrifier","floor":3,"gold_loss":0,"cards_obtained":["Juggernaut"]},{"damage_healed":0,"gold_gain":0,"player_choice":"Donut","damage_taken":0,"max_hp_gain":5,"max_hp_loss":0,"event_name":"Big Fish","floor":5,"gold_loss":0},{"damage_healed":0,"gold_gain":0,"player_choice":"Relic","damage_taken":0,"max_hp_gain":0,"max_hp_loss":0,"event_name":"Wheel of Change","floor":21,"gold_loss":0},{"damage_healed":0,"gold_gain":0,"player_choice":"Bought 1 Potion","damage_taken":0,"max_hp_gain":0,"max_hp_loss":0,"event_name":"The Woman in Blue","floor":27,"gold_loss":0}],"is_beta":false,"boss_relics":[{"not_picked":["Empty Cage","Runic Cube"],"picked":"Eternal Feather"}],"items_purged_floors":[13,22],"is_endless":false,"potions_floor_spawned":[2,14,16,29,30],"killed_by":"Champ","ascension_level":20}