{"path_per_floor":["M","M","M","?","M","R","M","E","T","R","M","$","E","M","R"],"character_chosen":"DEFECT","items_purchased":["Capacitor"],"gold_per_floor":[113,125,143,143,164,164,189,223,223,223,239,86,130,150,150,150],"floor_reached":16,"campfire_rested":1,"playtime":733,"item_purchase_floors":[12],"current_hp_per_floor":[75,74,74,69,42,42,42,14,14,49,37,37,24,19,19,0],"items_purged":["Strike_B"],"gold":150,"score":120,"play_id":"11c0f73c-a3ad-4f61-a258-8aa40ccfd007","local_time":"20180603120646","is_prod":false,"is_daily":false,"chose_seed":false,"is_ascension_mode":true,"campfire_upgraded":2,"win_rate":0,"timestamp":1528024006,"campfire_choices":[{"data":"Zap","floor":6,"key":"SMITH"},{"floor":10,"key":"REST"},{"data":"Rainbow","floor":15,"key":"SMITH"}],"path_taken":["M","M","M","?","M","R","M","E","T","R","M","?","E","M","R","BOSS"],"build_version":"2018-05-31","seed_source_timestamp":248583931381538,"purchased_purges":1,"victory":false,"master_deck":["Strike_B","Strike_B","Strike_B","Defend_B","Defend_B","Defend_B","Defend_B","Zap+1","Dualcast","Cold Snap","Rebound","Go for the Eyes","White Noise","Beam Cell","Ball Lightning","Capacitor","Rainbow+1"],"max_hp_per_floor":[75,75,75,69,69,69,69,69,69,69,69,69,69,69,69,69],"relics":["Cracked Core","Golden Idol","Regal Pillow","Matryoshka","Question Card"],"card_choices":[{"not_picked":["Barrage","Gash"],"picked":"Cold Snap","floor":0},{"not_picked":["Stack","BootSequence","Storm"],"picked":"SKIP","floor":1},{"not_picked":["Cold Snap","Go for the Eyes"],"picked":"Rebound","floor":2},{"not_picked":["BootSequence","Beam Cell"],"picked":"Go for the Eyes","floor":3},{"not_picked":["Turbo","Go for the Eyes","Stack"],"picked":"SKIP","floor":5},{"not_picked":["Aggregate","Rebound"],"picked":"White Noise","floor":7},{"not_picked":["Undo","Heatsinks"],"picked":"Beam Cell","floor":8},{"not_picked":["Doom and Gloom","Go for the Eyes"],"picked":"Ball Lightning","floor":11},{"not_picked":["Go for the Eyes","Beam Cell","Turbo"],"picked":"SKIP","floor":13},{"not_picked":["Beam Cell","Rip and Tear","Sunder"],"picked":"Rainbow","floor":14}],"player_experience":612801,"potions_floor_usage":[13],"damage_taken":[{"damage":0,"enemies":"Small Slimes","floor":1,"turns":3},{"damage":1,"enemies":"Jaw Worm","floor":2,"turns":4},{"damage":0,"enemies":"Cultist","floor":3,"turns":3},{"damage":27,"enemies":"Exordium Thugs","floor":5,"turns":5},{"damage":0,"enemies":"Large Slime","floor":7,"turns":4},{"damage":28,"enemies":"Lagavulin","floor":8,"turns":8},{"damage":12,"enemies":"Exordium Wildlife","floor":11,"turns":3},{"damage":13,"enemies":"3 Sentries","floor":13,"turns":5},{"damage":5,"enemies":"2 Fungi Beasts","floor":14,"turns":2},{"damage":31,"enemies":"The Guardian","floor":16,"turns":8}],"relics_obtained":[{"floor":8,"key":"Regal Pillow"},{"floor":9,"key":"Matryoshka"},{"floor":13,"key":"Question Card"}],"event_choices":[{"event_name":"Golden Idol","player_choice":"Lose Max HP","floor":4,"damage_taken":0}],"boss_relics":[],"items_purged_floors":[12],"potions_floor_spawned":[3,5,8],"seed_played":"1192768296151017670","killed_by":"The Guardian","ascension_level":1,"potions_obtained":[{"floor":3,"key":"FairyPotion"},{"floor":5,"key":"FocusPotion"},{"floor":8,"key":"FearPotion"}],"is_trial":false}