{"gold_per_floor":[117,129,129,140,215,245,245,245,270,287,302,315,8,28,28,28],"floor_reached":16,"playtime":1317,"items_purged":[],"score":104,"play_id":"ea49df00-f6ce-46aa-9116-342a0e3113a0","local_time":"20180704163925","is_ascension_mode":false,"campfire_choices":[{"data":"Pummel","floor":7,"key":"SMITH"},{"floor":15,"key":"DIG"}],"neow_cost":"NONE","seed_source_timestamp":330018121988911,"circlet_count":0,"master_deck":["Strike_R","Strike_R","Strike_R","Strike_R","Defend_R","Defend_R","Defend_R","Bash","Pummel+1","Rage","Clothesline","Clothesline","Flex","Normality","Twin Strike","Perfected Strike","Carnage","Double Tap"],"relics":["Burning Blood","Bag of Marbles","Centennial Puzzle","Potion Belt","Shovel","Oddly Smooth Stone"],"potions_floor_usage":[14,16,16],"damage_taken":[{"damage":3,"enemies":"Cultist","floor":1,"turns":5},{"damage":2,"enemies":"Small Slimes","floor":2,"turns":3},{"damage":0,"enemies":"2 Louse","floor":4,"turns":2},{"damage":31,"enemies":"Lagavulin","floor":6,"turns":9},{"damage":6,"enemies":"Exordium Wildlife","floor":10,"turns":2},{"damage":7,"enemies":"Looter","floor":11,"turns":3},{"damage":10,"enemies":"Exordium Thugs","floor":12,"turns":4},{"damage":0,"enemies":"Gremlin Gang","floor":14,"turns":2},{"damage":47,"enemies":"The Guardian","floor":16,"turns":8}],"seed_played":"-5126331528785171886","potions_obtained":[{"floor":4,"key":"Explosive Potion"},{"floor":6,"key":"SteroidPotion"},{"floor":10,"key":"PowerPotion"}],"is_trial":false,"path_per_floor":["M","M","?","M","?","E","R","?","T","M","M","M","$","M","R"],"character_chosen":"IRONCLAD","items_purchased":["Shovel"],"campfire_rested":0,"item_purchase_floors":[13],"current_hp_per_floor":[80,80,80,80,69,44,44,44,44,44,43,39,39,45,45,0],"gold":28,"neow_bonus":"TRANSFORM_CARD","is_prod":false,"is_daily":false,"chose_seed":false,"campfire_upgraded":1,"win_rate":0.0,"timestamp":1530736765,"path_taken":["M","M","?","M","?","E","R","?","T","M","M","M","$","M","R","BOSS"],"build_version":"2018-06-28","purchased_purges":0,"victory":false,"max_hp_per_floor":[80,80,80,80,80,80,80,80,80,80,80,80,80,80,80,80],"card_choices":[{"not_picked":["Heavy Blade","Body Slam"],"picked":"Rage","floor":1},{"not_picked":["Second Wind","Perfected Strike"],"picked":"Clothesline","floor":2},{"not_picked":["Dropkick","Warcry"],"picked":"Clothesline","floor":4},{"not_picked":["Immolate","Havoc"],"picked":"Flex","floor":6},{"not_picked":["Pummel","Seeing Red"],"picked":"Twin Strike","floor":10},{"not_picked":["Wild Strike","Blood for Blood"],"picked":"Perfected Strike","floor":11},{"not_picked":["Hemokinesis","Perfected Strike"],"picked":"Carnage","floor":12},{"not_picked":["Flex","Carnage"],"picked":"Double Tap","floor":14}],"player_experience":95331,"relics_obtained":[{"floor":6,"key":"Bag of Marbles"},{"floor":9,"key":"Potion Belt"},{"floor":15,"key":"Oddly Smooth Stone"}],"event_choices":[{"event_name":"Bonfire Elementals","player_choice":"BASIC","floor":3,"damage_taken":0},{"event_name":"World of Goop","player_choice":"Gather Gold","floor":5,"damage_taken":0},{"event_name":"Accursed Blacksmith","player_choice":"Rummage","floor":8,"damage_taken":0}],"boss_relics":[],"items_purged_floors":[],"is_endless":false,"potions_floor_spawned":[4,6,10],"killed_by":"The Guardian","ascension_level":0}