{"gold_per_floor":[118,193,210,15,92,126,136,136,161,161,161,190,204,234,234,330,330,349,363,363,288,288,321,321,338,338,338],"floor_reached":27,"playtime":1353,"items_purged":[],"score":288,"play_id":"15a8af29-98b5-42f4-a0bc-a752f8508174","local_time":"20190612191401","is_ascension_mode":true,"campfire_choices":[{"floor":8,"key":"RECALL"},{"floor":15,"key":"REST"},{"floor":24,"key":"REST"}],"neow_cost":"NONE","seed_source_timestamp":2533272169698,"circlet_count":0,"master_deck":["Strike_B","Defend_B","Defend_B","Defend_B","Zap","Dualcast","Go for the Eyes","Streamline","Core Surge","Aggregate","Double Energy","Defragment+1","Melter","Sunder","Go for the Eyes","Buffer","Heatsinks+1","Static Discharge+1","Auto Shields","Cold Snap+1","Undo","Tempest","Decay","Streamline+1","Go for the Eyes"],"relics":["Cracked Core","NeowsBlessing","Bag of Preparation","Strawberry","Blood Vial","Astrolabe","DataDisk","Ornamental Fan"],"potions_floor_usage":[12,12,14,19],"damage_taken":[{"damage":0,"enemies":"2 Louse","floor":1,"turns":1},{"damage":0,"enemies":"Small Slimes","floor":3,"turns":1},{"damage":0,"enemies":"Gremlin Nob","floor":6,"turns":1},{"damage":1,"enemies":"Jaw Worm","floor":7,"turns":3},{"damage":28,"enemies":"Lagavulin","floor":12,"turns":6},{"damage":5,"enemies":"Looter","floor":13,"turns":3},{"damage":9,"enemies":"3 Sentries","floor":14,"turns":4},{"damage":26,"enemies":"Slime Boss","floor":16,"turns":7},{"damage":20,"enemies":"3 Byrds","floor":18,"turns":4},{"damage":16,"enemies":"Shell Parasite","floor":19,"turns":3},{"damage":24,"enemies":"Slavers","floor":23,"turns":5},{"damage":28,"enemies":"Snake Plant","floor":25,"turns":5},{"damage":24,"enemies":"Centurion and Healer","floor":27,"turns":4}],"seed_played":"7229662331916361761","potions_obtained":[{"floor":3,"key":"PowerPotion"},{"floor":7,"key":"Block Potion"},{"floor":12,"key":"Explosive Potion"},{"floor":18,"key":"AttackPotion"},{"floor":23,"key":"Ancient Potion"}],"is_trial":false,"path_per_floor":["M","?","M","$","?","E","M","R","T","?","?","E","M","E","R","B",null,"M","M","?","?","?","E","R","M","T","M"],"character_chosen":"DEFECT","items_purchased":["Core Surge","Aggregate"],"campfire_rested":2,"item_purchase_floors":[4,4],"current_hp_per_floor":[75,64,64,64,64,64,63,63,63,63,75,54,49,40,64,40,79,59,45,45,45,45,23,46,20,20,0],"gold":338,"neow_bonus":"THREE_ENEMY_KILL","is_prod":false,"is_daily":false,"chose_seed":false,"campfire_upgraded":0,"win_rate":0,"timestamp":1560381241,"path_taken":["M","?","M","$","?","E","M","R","T","?","?","E","M","E","R","BOSS","M","M","?","?","?","E","R","M","T","M"],"build_version":"2019-01-23","purchased_purges":0,"victory":false,"max_hp_per_floor":[75,75,75,75,75,75,75,75,75,75,75,82,82,82,82,82,79,79,79,79,79,79,79,79,79,79,79],"card_choices":[{"not_picked":["Leap","Glacier"],"picked":"Go for the Eyes","floor":1},{"not_picked":["Beam Cell","Stack"],"picked":"Streamline","floor":3},{"not_picked":["Rip and Tear","Auto Shields"],"picked":"Double Energy","floor":6},{"not_picked":["Rebound","Hello World"],"picked":"Defragment","floor":7},{"not_picked":["Conserve Battery","Stack"],"picked":"Melter","floor":12},{"not_picked":["FTL","Barrage"],"picked":"Sunder","floor":13},{"not_picked":["Rebound","Seek"],"picked":"Go for the Eyes","floor":14},{"not_picked":["Meteor Strike","Fission"],"picked":"Buffer","floor":16},{"not_picked":["Chill","Force Field+1"],"picked":"Auto Shields","floor":18},{"not_picked":["Go for the Eyes","Ball Lightning"],"picked":"Cold Snap+1","floor":19},{"not_picked":["Sweeping Beam+1","Static Discharge"],"picked":"Streamline+1","floor":23},{"not_picked":["Loop+1","Compile Driver+1"],"picked":"Go for the Eyes","floor":25}],"player_experience":473450,"relics_obtained":[{"floor":6,"key":"Bag of Preparation"},{"floor":12,"key":"Strawberry"},{"floor":14,"key":"Blood Vial"},{"floor":23,"key":"DataDisk"},{"floor":26,"key":"Ornamental Fan"}],"event_choices":[{"damage_healed":0,"gold_gain":75,"player_choice":"Gather Gold","damage_taken":11,"max_hp_gain":0,"max_hp_loss":0,"event_name":"World of Goop","floor":2,"gold_loss":0},{"damage_healed":0,"gold_gain":77,"player_choice":"Gained Gold","damage_taken":0,"max_hp_gain":0,"max_hp_loss":0,"event_name":"Golden Wing","floor":5,"gold_loss":0},{"damage_healed":0,"gold_gain":0,"player_choice":"Grow","damage_taken":0,"max_hp_gain":0,"max_hp_loss":0,"event_name":"Living Wall","floor":10,"gold_loss":0,"cards_upgraded":["Defragment"]},{"damage_healed":18,"gold_gain":0,"player_choice":"Healed and dodged fight","damage_taken":0,"max_hp_gain":0,"max_hp_loss":0,"event_name":"Mushrooms","floor":11,"gold_loss":0,"cards_obtained":["Parasite"]},{"damage_healed":0,"gold_gain":0,"cards_transformed":["Strike_B","Strike_B"],"player_choice":"Became Test Subject","damage_taken":0,"max_hp_gain":0,"max_hp_loss":0,"event_name":"Drug Dealer","floor":20,"gold_loss":0,"cards_obtained":["Undo","Tempest"]},{"cards_removed":["Regret"],"damage_healed":0,"gold_gain":0,"player_choice":"Gave Gold","damage_taken":0,"max_hp_gain":0,"max_hp_loss":0,"event_name":"Beggar","floor":21,"gold_loss":75},{"damage_healed":0,"gold_gain":0,"player_choice":"Smashed Altar","damage_taken":0,"max_hp_gain":0,"max_hp_loss":0,"event_name":"Forgotten Altar","floor":22,"gold_loss":0,"cards_obtained":["Decay"]}],"is_beta":false,"boss_relics":[{"not_picked":["Fusion Hammer","Cursed Key"],"picked":"Astrolabe"}],"items_purged_floors":[],"is_endless":false,"potions_floor_spawned":[3,7,12,18,23],"killed_by":"Centurion and Healer","ascension_level":1}