{"gold_per_floor":[113,130,145,145,95,95,129,129,129,9,44,59,79,110,110,207,207,223,223,242,260,30,30,48,48,48,66,66],"floor_reached":28,"playtime":2068,"items_purged":[],"score":314,"play_id":"be523880-eb91-4e1d-ab67-4b1a04c577a6","local_time":"20190720004632","is_ascension_mode":true,"campfire_choices":[{"data":"Cold Snap","floor":6,"key":"SMITH"},{"data":"Static Discharge","floor":8,"key":"SMITH"},{"floor":15,"key":"REST"}],"neow_cost":"NONE","seed_source_timestamp":687034102736600,"circlet_count":0,"master_deck":["Defend_B","Defend_B","Defend_B","Defend_B","Zap","Dualcast","Cold Snap+1","Leap","Cold Snap","Turbo","Static Discharge+1","Blizzard","Chill","Gash","Gash","Gash","Fission","Glacier","Glacier","Leap","Bite","Bite","Bite","Bite","Bite","Gash"],"relics":["Cracked Core","Blue Candle","Singing Bowl","Darkstone Periapt","Ancient Tea Set","Lizard Tail","MealTicket","Cables"],"potions_floor_usage":[7,27],"damage_taken":[{"damage":3,"enemies":"Small Slimes","floor":1,"turns":3},{"damage":5,"enemies":"Jaw Worm","floor":2,"turns":3},{"damage":0,"enemies":"2 Louse","floor":3,"turns":3},{"damage":14,"enemies":"Lagavulin","floor":7,"turns":9},{"damage":21,"enemies":"Gremlin Nob","floor":11,"turns":4},{"damage":21,"enemies":"Gremlin Gang","floor":12,"turns":6},{"damage":2,"enemies":"2 Fungi Beasts","floor":13,"turns":3},{"damage":2,"enemies":"3 Sentries","floor":14,"turns":7},{"damage":19,"enemies":"Hexaghost","floor":16,"turns":7},{"damage":15,"enemies":"Shell Parasite","floor":18,"turns":6},{"damage":20,"enemies":"Spheric Guardian","floor":20,"turns":5},{"damage":31,"enemies":"Snecko","floor":21,"turns":7},{"damage":6,"enemies":"Snake Plant","floor":24,"turns":5},{"damage":18,"enemies":"3 Cultists","floor":27,"turns":6},{"damage":18,"enemies":"Chosen and Byrds","floor":28,"turns":6}],"seed_played":"-5314863802665444815","potions_obtained":[{"floor":1,"key":"AttackPotion"},{"floor":11,"key":"LiquidBronze"},{"floor":12,"key":"FearPotion"},{"floor":13,"key":"EssenceOfSteel"},{"floor":27,"key":"Fire Potion"}],"is_trial":false,"path_per_floor":["M","M","M","?","?","R","E","R","T","$","E","M","M","E","R","B",null,"M","?","M","M","$","?","M","?","T","M","M"],"character_chosen":"DEFECT","items_purchased":["Blizzard","Chill","MealTicket","Leap"],"campfire_rested":1,"item_purchase_floors":[10,10,22,22],"current_hp_per_floor":[72,67,67,67,67,67,53,53,53,53,32,13,11,9,32,13,77,64,89,69,38,38,38,34,34,34,28,18],"gold":66,"neow_bonus":"ONE_RANDOM_RARE_CARD","is_prod":false,"is_daily":false,"chose_seed":false,"campfire_upgraded":2,"win_rate":0,"timestamp":1563597992,"path_taken":["M","M","M","?","?","R","E","R","T","?","E","M","M","E","R","BOSS","M","?","?","M","$","?","M","?","T","M","M"],"build_version":"2019-07-17","purchased_purges":0,"victory":false,"max_hp_per_floor":[75,75,75,75,75,75,75,75,75,75,75,77,77,77,77,77,77,79,89,89,89,89,89,91,63,63,63,63],"card_choices":[{"not_picked":["Reinforced Body","Hologram"],"picked":"Cold Snap","floor":1},{"not_picked":["Streamline","Barrage"],"picked":"Leap","floor":2},{"not_picked":["Fusion","Turbo"],"picked":"Cold Snap","floor":3},{"not_picked":["Reboot","Go for the Eyes"],"picked":"Static Discharge","floor":7},{"not_picked":["Sunder","Rip and Tear"],"picked":"Gash","floor":11},{"not_picked":["Streamline","Compile Driver","Consume"],"picked":"Singing Bowl","floor":12},{"not_picked":["Compile Driver","Fusion"],"picked":"Gash","floor":13},{"not_picked":["Self Repair","Ball Lightning"],"picked":"Gash","floor":14},{"not_picked":["Machine Learning","Core Surge"],"picked":"Fission","floor":16},{"not_picked":["Lockon+1","Redo","Fusion+1"],"picked":"Singing Bowl","floor":18},{"not_picked":["Double Energy+1","Lockon+1"],"picked":"Glacier","floor":20},{"not_picked":["Stack","Streamline"],"picked":"Glacier","floor":21},{"not_picked":["Aggregate","Cold Snap","Steam Power"],"picked":"Singing Bowl","floor":24},{"not_picked":["Leap","Double Energy"],"picked":"Gash","floor":27}],"player_experience":778610,"relics_obtained":[{"floor":7,"key":"Blue Candle"},{"floor":9,"key":"Singing Bowl"},{"floor":11,"key":"Darkstone Periapt"},{"floor":14,"key":"Ancient Tea Set"},{"floor":26,"key":"Cables"}],"event_choices":[{"damage_healed":0,"gold_gain":0,"cards_transformed":["Strike_B"],"player_choice":"Change","damage_taken":0,"max_hp_gain":0,"max_hp_loss":0,"event_name":"Living Wall","floor":4,"gold_loss":0,"cards_obtained":["Turbo"]},{"cards_removed":["Strike_B"],"damage_healed":0,"gold_gain":0,"player_choice":"Card Removal","damage_taken":0,"max_hp_gain":0,"max_hp_loss":0,"event_name":"The Cleric","floor":5,"gold_loss":50},{"cards_removed":["Meteor Strike"],"damage_healed":15,"gold_gain":0,"player_choice":"Offered Rare","damage_taken":0,"max_hp_gain":10,"max_hp_loss":0,"event_name":"Bonfire Elementals","floor":19,"gold_loss":0},{"damage_healed":0,"gold_gain":0,"player_choice":"Ignored","damage_taken":0,"max_hp_gain":0,"max_hp_loss":0,"event_name":"Ghosts","floor":23,"gold_loss":0},{"damage_healed":0,"gold_gain":0,"player_choice":"Became a vampire","damage_taken":0,"max_hp_gain":0,"max_hp_loss":28,"event_name":"Vampires","floor":25,"gold_loss":0,"cards_obtained":["Bite","Bite","Bite","Bite","Bite"]}],"is_beta":false,"boss_relics":[{"not_picked":["Philosopher\u0027s Stone","Velvet Choker"],"picked":"Lizard Tail"}],"items_purged_floors":[],"is_endless":false,"potions_floor_spawned":[1,11,12,13,16,21,27],"killed_by":"Chosen and Byrds","ascension_level":2}