{"gold_per_floor":[117,130,130,143,143,143,154,154,154,154,181,146,172,121,121,121],"floor_reached":16,"playtime":537,"items_purged":[],"score":151,"play_id":"c7a1f0af-3c7f-4f3a-a7dd-1a46d1476bac","local_time":"20190722024722","is_ascension_mode":true,"campfire_choices":[{"data":"Neutralize","floor":6,"key":"SMITH"},{"floor":8,"key":"REST"},{"data":"Wraith Form v2","floor":15,"key":"SMITH"}],"neow_cost":"NONE","seed_source_timestamp":353985842842095,"circlet_count":0,"master_deck":["Strike_G","Strike_G","Strike_G","Strike_G+1","Defend_G","Defend_G","Defend_G","Defend_G","Defend_G","Survivor","Neutralize+1","Dagger Spray","Noxious Fumes+1","Flying Knee","Parasite","Wraith Form v2+1","Cloak And Dagger"],"relics":["Ring of the Snake","Question Card","Du-Vu Doll","Dream Catcher"],"potions_floor_usage":[7,16,16],"damage_taken":[{"damage":4,"enemies":"2 Louse","floor":1,"turns":3},{"damage":4,"enemies":"Small Slimes","floor":2,"turns":4},{"damage":4,"enemies":"Jaw Worm","floor":4,"turns":5},{"damage":0,"enemies":"3 Louse","floor":7,"turns":2},{"damage":37,"enemies":"Gremlin Nob","floor":11,"turns":5},{"damage":10,"enemies":"Lagavulin","floor":13,"turns":7},{"damage":31,"enemies":"Slime Boss","floor":16,"turns":9}],"seed_played":"-4211248925947543489","potions_obtained":[{"floor":1,"key":"Fire Potion"},{"floor":11,"key":"SkillPotion"},{"floor":13,"key":"Ancient Potion"}],"is_trial":false,"path_per_floor":["M","M","?","M","?","R","M","R","T","?","E","?","E","$","R","B"],"character_chosen":"THE_SILENT","items_purchased":["Cloak And Dagger"],"campfire_rested":1,"item_purchase_floors":[14],"current_hp_per_floor":[59,55,55,51,37,37,37,58,58,70,33,50,40,40,40,9],"gold":121,"neow_bonus":"REMOVE_CARD","is_prod":false,"is_daily":false,"chose_seed":false,"campfire_upgraded":2,"win_rate":0,"timestamp":1563781642,"path_taken":["M","M","?","M","?","R","M","R","T","?","E","?","E","$","R","BOSS"],"build_version":"2019-07-17","purchased_purges":0,"victory":false,"max_hp_per_floor":[70,70,70,70,70,70,70,70,70,70,70,70,70,70,70,70],"card_choices":[{"not_picked":["Tactician","Underhanded Strike"],"picked":"Dagger Spray","floor":1},{"not_picked":["Reflex","Deadly Poison"],"picked":"Noxious Fumes","floor":2},{"not_picked":["Acrobatics","Deadly Poison","Backflip"],"picked":"SKIP","floor":4},{"not_picked":["Prepared","Deadly Poison"],"picked":"Flying Knee","floor":7},{"not_picked":["Quick Slash","Bullet Time","Flying Knee","Outmaneuver"],"picked":"SKIP","floor":11},{"not_picked":["Doppelganger","Poisoned Stab","Setup"],"picked":"Wraith Form v2","floor":13}],"player_experience":212716,"relics_obtained":[{"floor":9,"key":"Question Card"},{"floor":11,"key":"Du-Vu Doll"},{"floor":13,"key":"Dream Catcher"}],"event_choices":[{"damage_healed":0,"gold_gain":0,"player_choice":"Ignored","damage_taken":0,"max_hp_gain":0,"max_hp_loss":0,"event_name":"Golden Wing","floor":3,"gold_loss":0},{"damage_healed":0,"gold_gain":0,"player_choice":"Entered Light","damage_taken":14,"max_hp_gain":0,"max_hp_loss":0,"event_name":"Shining Light","floor":5,"gold_loss":0,"cards_upgraded":["Noxious Fumes","Strike_G"]},{"damage_healed":17,"gold_gain":0,"player_choice":"Healed and dodged fight","damage_taken":0,"max_hp_gain":0,"max_hp_loss":0,"event_name":"Mushrooms","floor":10,"gold_loss":0,"cards_obtained":["Parasite"]},{"damage_healed":17,"gold_gain":0,"player_choice":"Healed","damage_taken":0,"max_hp_gain":0,"max_hp_loss":0,"event_name":"The Cleric","floor":12,"gold_loss":35}],"is_beta":false,"boss_relics":[],"items_purged_floors":[],"is_endless":false,"potions_floor_spawned":[1,11,13],"killed_by":"Slime Boss","ascension_level":8}