{"gold_per_floor":[16,34,44,59,77,107,36,36,88,88,122,122,122,212,212,313,313,331,351,351,368,379,379,21,120,144,169,18,49,69,7,7,108,108,122,122,133,151,169,202,202,202,202,202,233,247,267,267],"floor_reached":48,"playtime":3107,"items_purged":["Regret"],"score":619,"play_id":"27bb8aca-880e-4587-bcbe-f88b49306bd5","local_time":"20190524174829","is_ascension_mode":true,"campfire_choices":[{"data":"Crippling Poison","floor":8.0,"key":"SMITH"},{"floor":10.0,"key":"RECALL"},{"data":"Poisoned Stab","floor":12.0,"key":"SMITH"},{"floor":15.0,"key":"REST"},{"floor":23,"key":"REST"},{"floor":32,"key":"REST"},{"floor":41,"key":"REST"},{"data":"Infinite Blades","floor":44,"key":"SMITH"}],"neow_cost":"NO_GOLD","seed_source_timestamp":0,"circlet_count":0,"master_deck":["Defend_G","Defend_G","Defend_G","Defend_G","Defend_G","Strike_G","Strike_G","Strike_G","Strike_G","Strike_G","Survivor","Neutralize","Bandage Up","Impatience","Dagger Spray","Deadly Poison","Poisoned Stab+1","Cloak And Dagger","Dagger Spray","Deadly Poison","Crippling Poison+1","Poisoned Stab","Backstab","Phantasmal Killer+1","Distraction+1","Crippling Poison+1","Infinite Blades+1","Deadly Poison+1","Poisoned Stab","Bouncing Flask+1","PiercingWail+1","Deadly Poison+1","All Out Attack","Terror+1","Deadly Poison+1","Storm of Steel+1","Sucker Punch+1","PiercingWail+1","Leg Sweep+1","Crippling Poison+1","Blur+1","PiercingWail+1","Parasite"],"special_seed":0,"relics":["Ring of the Snake","Pear","PreservedInsect","Toxic Egg 2","Ancient Tea Set","Tiny Chest","Sozu","MutagenicStrength","Membership Card","Centennial Puzzle","Anchor","Lantern","Orichalcum","Bronze Scales","Boot","Smiling Mask","Blue Candle"],"potions_floor_usage":[16],"damage_taken":[{"damage":0.0,"enemies":"2 Louse","floor":1.0,"turns":3.0},{"damage":3.0,"enemies":"Jaw Worm","floor":2.0,"turns":4.0},{"damage":0.0,"enemies":"Small Slimes","floor":3.0,"turns":3.0},{"damage":4.0,"enemies":"Red Slaver","floor":4.0,"turns":3.0},{"damage":18.0,"enemies":"Large Slime","floor":5.0,"turns":6.0},{"damage":8.0,"enemies":"Gremlin Nob","floor":6.0,"turns":3.0},{"damage":11.0,"enemies":"3 Sentries","floor":11.0,"turns":6.0},{"damage":13.0,"enemies":"3 Sentries","floor":14.0,"turns":4.0},{"damage":47,"enemies":"Slime Boss","floor":16,"turns":12},{"damage":10,"enemies":"Shell Parasite","floor":18,"turns":5},{"damage":3,"enemies":"3 Byrds","floor":19,"turns":4},{"damage":26,"enemies":"Shelled Parasite and Fungi","floor":21,"turns":5},{"damage":17,"enemies":"Snecko","floor":22,"turns":4},{"damage":8,"enemies":"Book of Stabbing","floor":27,"turns":3},{"damage":17,"enemies":"Gremlin Leader","floor":29,"turns":4},{"damage":0,"enemies":"Chosen and Byrds","floor":30,"turns":3},{"damage":55,"enemies":"Collector","floor":33,"turns":7},{"damage":2,"enemies":"3 Shapes","floor":35,"turns":4},{"damage":16,"enemies":"3 Darklings","floor":37,"turns":4},{"damage":2,"enemies":"Transient","floor":38,"turns":5},{"damage":10,"enemies":"Sphere and 2 Shapes","floor":39,"turns":4},{"damage":29,"enemies":"Nemesis","floor":40,"turns":5},{"damage":17,"enemies":"Reptomancer","floor":45,"turns":4},{"damage":26,"enemies":"Spire Growth","floor":46,"turns":4},{"damage":15,"enemies":"Writhing Mass","floor":47,"turns":5},{"damage":13,"enemies":"Sphere and 2 Shapes","floor":48,"turns":3}],"seed_played":"-4803545518099269240","potions_obtained":[{"floor":1.0,"key":"Energy Potion"},{"floor":2.0,"key":"Block Potion"},{"floor":3.0,"key":"PowerPotion"},{"floor":14.0,"key":"SpeedPotion"}],"is_trial":false,"path_per_floor":["M","M","M","M","M","E","$","R","T","R","E","R","?","?","R","B",null,"M","M","?","M","M","R","$","?","T","E","$","E","M","$","R","B",null,"M","?","M","M","M","E","R","?","T","R","E","M","M","M"],"character_chosen":"THE_SILENT","items_purchased":["Crippling Poison","Membership Card","Poisoned Stab","Bouncing Flask+1","Centennial Puzzle","Lantern","Orichalcum","Terror+1","Deadly Poison+1"],"campfire_rested":4,"item_purchase_floors":[7,24,24,24,24,28,28,31,31],"current_hp_per_floor":[70,70,70,70,56,62,62,62,62,62,55,55,55,46,70,27,80,74,75,75,53,40,64,64,64,64,60,60,47,47,47,71,20,80,78,78,66,68,62,37,61,61,61,61,44,18,7,0],"gold":267,"neow_bonus":"RANDOM_COLORLESS_2","is_prod":false,"is_daily":false,"chose_seed":false,"campfire_upgraded":3,"win_rate":0,"timestamp":1558734509,"path_taken":["M","M","M","M","M","E","$","R","T","R","E","R","?","?","R","BOSS","M","M","?","M","M","R","$","?","T","E","$","E","M","?","R","BOSS","M","?","M","M","M","E","R","?","T","R","E","M","M","M"],"build_version":"2019-01-23","purchased_purges":1,"victory":false,"max_hp_per_floor":[70,70,70,70,70,80,80,80,80,80,80,80,80,80,80,80,80,80,80,80,80,80,80,80,80,80,80,80,80,80,80,80,80,80,80,80,80,80,80,80,80,80,80,80,80,80,80,80],"card_choices":[{"not_picked":["Choke","All Out Attack"],"picked":"Dagger Spray","floor":1.0},{"not_picked":["Skewer","Caltrops"],"picked":"Deadly Poison","floor":2.0},{"not_picked":["PiercingWail","Backflip"],"picked":"Poisoned Stab","floor":3.0},{"not_picked":["Prepared","Storm of Steel"],"picked":"Cloak And Dagger","floor":4.0},{"not_picked":["Acrobatics","Dodge and Roll"],"picked":"Dagger Spray","floor":5.0},{"not_picked":["Tools of the Trade","Acrobatics"],"picked":"Deadly Poison","floor":6.0},{"not_picked":["Well Laid Plans","Choke"],"picked":"Poisoned Stab","floor":11.0},{"not_picked":["Quick Slash","Crippling Poison+1"],"picked":"Backstab","floor":14.0},{"not_picked":["Glass Knife","Venomology+1"],"picked":"Phantasmal Killer+1","floor":16},{"not_picked":["Finisher","Deflect+1"],"picked":"Distraction+1","floor":18},{"not_picked":["Terror+1","Expertise+1"],"picked":"Crippling Poison+1","floor":19},{"not_picked":["Flying Knee","Sucker Punch"],"picked":"Infinite Blades","floor":21},{"not_picked":["Backflip+1","Bane"],"picked":"Deadly Poison+1","floor":22},{"not_picked":["Envenom","Well Laid Plans"],"picked":"PiercingWail+1","floor":27},{"not_picked":["Quick Slash","Glass Knife"],"picked":"Deadly Poison+1","floor":29},{"not_picked":["Flying Knee","Tactician+1"],"picked":"All Out Attack","floor":30},{"not_picked":["Bullet Time+1","Doppelganger+1"],"picked":"Storm of Steel+1","floor":33},{"not_picked":["Acrobatics+1","Escape Plan+1"],"picked":"Sucker Punch+1","floor":35},{"not_picked":["Sucker Punch+1","Tools of the Trade","Accuracy"],"picked":"SKIP","floor":37},{"not_picked":["Underhanded Strike+1","Calculated Gamble+1"],"picked":"PiercingWail+1","floor":38},{"not_picked":["Riddle With Holes","Tactician+1"],"picked":"Leg Sweep+1","floor":39},{"not_picked":["Deadly Poison+1","Quick Slash+1"],"picked":"Crippling Poison+1","floor":40},{"not_picked":["Distraction+1","Concentrate+1"],"picked":"Blur+1","floor":45},{"not_picked":["Flying Knee+1","Sucker Punch+1"],"picked":"PiercingWail+1","floor":46},{"not_picked":["Escape Plan+1","Noxious Fumes","Grand Finale"],"picked":"SKIP","floor":47}],"player_experience":366063,"relics_obtained":[{"floor":6.0,"key":"Pear"},{"floor":9.0,"key":"PreservedInsect"},{"floor":11.0,"key":"Toxic Egg 2"},{"floor":14.0,"key":"Tiny Chest"},{"floor":27,"key":"Anchor"},{"floor":29,"key":"Bronze Scales"},{"floor":40,"key":"Boot"},{"floor":43,"key":"Smiling Mask"},{"floor":45,"key":"Blue Candle"}],"event_choices":[{"damage_healed":0.0,"max_hp_gain":0.0,"max_hp_loss":0.0,"gold_gain":0.0,"event_name":"Big Fish","player_choice":"Box","floor":13.0,"gold_loss":0.0,"damage_taken":0.0,"relics_obtained":["Ancient Tea Set"],"cards_obtained":["Regret"]},{"damage_healed":0.0,"max_hp_gain":0.0,"max_hp_loss":0.0,"gold_gain":0.0,"event_name":"Dead Adventurer","player_choice":"Searched \u00271\u0027 times","floor":14.0,"gold_loss":0.0,"damage_taken":0.0},{"damage_healed":0,"gold_gain":0,"player_choice":"Inject Mutagens","damage_taken":0,"relics_obtained":["MutagenicStrength"],"max_hp_gain":0,"max_hp_loss":0,"event_name":"Drug Dealer","floor":20,"gold_loss":0},{"damage_healed":0,"gold_gain":99,"player_choice":"Stole From Cult","damage_taken":0,"max_hp_gain":0,"max_hp_loss":0,"event_name":"Nest","floor":25,"gold_loss":0},{"damage_healed":0,"gold_gain":0,"player_choice":"Ignored","damage_taken":0,"max_hp_gain":0,"max_hp_loss":0,"event_name":"Tomb of Lord Red Mask","floor":36,"gold_loss":0},{"damage_healed":0,"gold_gain":0,"player_choice":"0 cards matched","damage_taken":0,"max_hp_gain":0,"max_hp_loss":0,"event_name":"Match and Keep!","floor":42,"gold_loss":0,"cards_obtained":[]}],"is_beta":false,"boss_relics":[{"not_picked":["Orrery","Cursed Key"],"picked":"Sozu"},{"not_picked":["Calling Bell","HoveringKite","Empty Cage"]}],"items_purged_floors":[24],"is_endless":false,"potions_floor_spawned":[1,2,3,14,19,21,29,35,40,45],"killed_by":"Sphere and 2 Shapes","ascension_level":1}