{"gold_per_floor":[15,27,44,64,339,339,358,358,358,433,433,453,453],"floor_reached":13,"playtime":737,"items_purged":[],"score":96,"play_id":"08231dca-a744-42ac-a98a-5baa9c2bd67f","local_time":"20181111060055","is_ascension_mode":true,"campfire_choices":[{"data":"Genetic Algorithm","floor":6,"key":"SMITH"},{"data":"Doom and Gloom","floor":11,"key":"SMITH"}],"neow_cost":"NO_GOLD","seed_source_timestamp":306599200194580,"circlet_count":0,"master_deck":["Strike_B","Strike_B","Defend_B","Defend_B","Defend_B","Defend_B","Zap","Dualcast","Doom and Gloom+1","Sweeping Beam","Genetic Algorithm+1","Go for the Eyes","Regret","Compile Driver","Doom and Gloom"],"relics":["Cracked Core","StoneCalendar","Calipers"],"potions_floor_usage":[13],"damage_taken":[{"damage":0,"enemies":"Small Slimes","floor":1,"turns":2},{"damage":0,"enemies":"Cultist","floor":2,"turns":4},{"damage":2,"enemies":"2 Louse","floor":3,"turns":2},{"damage":22,"enemies":"Large Slime","floor":4,"turns":6},{"damage":13,"enemies":"Looter","floor":7,"turns":3},{"damage":11,"enemies":"Gremlin Gang","floor":12,"turns":3},{"damage":24,"enemies":"The Mushroom Lair","floor":13,"turns":2}],"seed_played":"-2280328655761653892","potions_obtained":[{"floor":1,"key":"FearPotion"},{"floor":7,"key":"LiquidBronze"},{"floor":12,"key":"Strength Potion"}],"is_trial":false,"path_per_floor":["M","M","M","M","?","R","M","?","T","?","R","M","?"],"character_chosen":"DEFECT","items_purchased":[],"campfire_rested":0,"item_purchase_floors":[],"current_hp_per_floor":[75,75,73,51,51,51,38,35,35,24,24,13,0],"gold":453,"neow_bonus":"REMOVE_TWO","is_prod":false,"is_daily":false,"chose_seed":false,"campfire_upgraded":2,"win_rate":0,"timestamp":1541934055,"path_taken":["M","M","M","M","?","R","?","?","T","?","R","M","?"],"build_version":"2018-11-08","purchased_purges":0,"victory":false,"max_hp_per_floor":[75,75,75,75,75,75,75,75,75,75,75,75,75],"card_choices":[{"not_picked":["BootSequence","Stack"],"picked":"Doom and Gloom","floor":1},{"not_picked":["Tempest","Scrape"],"picked":"Sweeping Beam","floor":2},{"not_picked":["Auto Shields","Blizzard"],"picked":"Genetic Algorithm","floor":3},{"not_picked":["Skim","Barrage"],"picked":"Go for the Eyes","floor":4},{"not_picked":["Beam Cell","Capacitor"],"picked":"Compile Driver","floor":7},{"not_picked":["Hologram","Streamline"],"picked":"Doom and Gloom","floor":12}],"player_experience":348321,"relics_obtained":[{"floor":9,"key":"Calipers"}],"event_choices":[{"damage_healed":0,"gold_gain":275,"player_choice":"Desecrate","damage_taken":0,"max_hp_gain":0,"max_hp_loss":0,"event_name":"Golden Shrine","floor":5,"gold_loss":0,"cards_obtained":["Regret"]},{"damage_healed":0,"gold_gain":0,"player_choice":"Success","damage_taken":3,"relics_obtained":["StoneCalendar"],"max_hp_gain":0,"max_hp_loss":0,"event_name":"Scrap Ooze","floor":8,"gold_loss":0},{"damage_healed":0,"gold_gain":75,"player_choice":"Gather Gold","damage_taken":11,"max_hp_gain":0,"max_hp_loss":0,"event_name":"World of Goop","floor":10,"gold_loss":0},{"damage_healed":0,"gold_gain":0,"player_choice":"Fought Mushrooms","damage_taken":0,"max_hp_gain":0,"max_hp_loss":0,"event_name":"Mushrooms","floor":13,"gold_loss":0}],"is_beta":true,"boss_relics":[],"items_purged_floors":[],"is_endless":false,"potions_floor_spawned":[1,7,12],"killed_by":"The Mushroom Lair","ascension_level":5}