{"path_per_floor":["M","M","M","?","M","M","R","M","T","M","?","?","M","M","R","B",null,"M","M","?","?","?","R","M","$","T","$","R","?","M","$","R"],"character_chosen":"THE_SILENT","items_purchased":["Tough Bandages","Well Laid Plans"],"gold_per_floor":[118,136,155,155,175,193,193,212,212,232,232,307,319,331,331,428,428,442,461,386,386,386,386,398,146,146,76,76,76,90,15,15],"floor_reached":33,"campfire_rested":0,"playtime":3507,"current_hp_per_floor":[70,61,61,61,58,58,58,51,51,51,68,57,54,54,54,47,70,50,44,44,44,44,54,52,52,52,52,62,62,63,63,70],"items_purged":["Normality"],"gold":15,"score":253,"play_id":"7ba64af8-81a0-40cb-89dc-c51c2e43c9b0","is_prod":false,"is_daily":false,"is_ascension_mode":true,"campfire_upgraded":5,"path_taken":["M","M","M","?","M","M","R","?","T","M","?","?","M","M","R","BOSS","M","M","?","?","?","R","?","$","T","$","R","?","?","$","R","BOSS"],"build_version":"2018-02-12-PROD1","purchased_purges":1,"victory":false,"master_deck":["Defend_G+1","Defend_G+1","Defend_G+1","Defend_G+1","Defend_G+1","Strike_G+1","Strike_G+1","Strike_G+1","Strike_G+1","Strike_G+1","Survivor","Neutralize","Dagger Spray","Deadly Poison+1","Dodge and Roll+1","Flying Knee","Blur","Quick Slash","Dagger Throw","Dagger Throw","Parasite","Footwork+1","Flying Knee","Tools of the Trade","Dodge and Roll+1","Deflect+1","Backflip","Well Laid Plans+1","Catalyst+1"],"max_hp_per_floor":[70,70,70,70,70,70,70,70,70,70,70,70,70,70,70,70,70,70,70,70,70,70,70,70,70,70,70,70,70,70,70,70],"relics":["Ring of the Snake","Frozen Eye","Eternal Feather","Tough Bandages","Bird Faced Urn","Orichalcum"],"card_choices":[{"not_picked":["Deflect","Backflip"],"picked":"Dagger Spray"},{"not_picked":["Flying Knee","Heel Hook"],"picked":"Deadly Poison"},{"not_picked":["Slice","Cloak And Dagger"],"picked":"Dodge and Roll"},{"not_picked":["Envenom","Infinite Blades"],"picked":"Blur"},{"not_picked":["PiercingWail","Cloak And Dagger"],"picked":"Quick Slash"},{"not_picked":["Flechettes","PiercingWail"],"picked":"Dagger Throw"},{"not_picked":["Masterful Stab","Cloak And Dagger"],"picked":"Dagger Throw"},{"not_picked":["Quick Slash","All Out Attack"],"picked":"Footwork"},{"not_picked":["Outmaneuver","Underhanded Strike"],"picked":"Flying Knee"},{"not_picked":["Unload","Doppelganger"],"picked":"Tools of the Trade"},{"not_picked":["PiercingWail","Cloak And Dagger"],"picked":"Dodge and Roll"},{"not_picked":["All Out Attack","PiercingWail"],"picked":"Deflect"},{"not_picked":["PiercingWail","Slice"],"picked":"Backflip"},{"not_picked":["Infinite Blades","Dodge and Roll"],"picked":"Catalyst"}],"player_experience":124492,"potions_floor_usage":[6,16,19,30,33,33,33],"damage_taken":[{"damage":0,"enemies":"Cultist","floor":1,"turns":4},{"damage":9,"enemies":"Blue Slaver","floor":2,"turns":3},{"damage":0,"enemies":"Jaw Worm","floor":3,"turns":4},{"damage":3,"enemies":"Red Slaver","floor":5,"turns":4},{"damage":0,"enemies":"Exordium Wildlife","floor":6,"turns":2},{"damage":7,"enemies":"Large Slime","floor":8,"turns":7},{"damage":0,"enemies":"Looter","floor":10,"turns":3},{"damage":3,"enemies":"Exordium Wildlife","floor":13,"turns":5},{"damage":0,"enemies":"Large Slime","floor":14,"turns":6},{"damage":7,"enemies":"The Guardian","floor":16,"turns":14},{"damage":20,"enemies":"Spheric Guardian","floor":18,"turns":10},{"damage":6,"enemies":"Chosen","floor":19,"turns":9},{"damage":2,"enemies":"Centurion and Healer","floor":24,"turns":12},{"damage":5,"enemies":"Snecko","floor":30,"turns":9},{"damage":26,"enemies":"Collector","floor":33,"turns":12}],"event_choices":[{"event_name":"Match and Keep!","player_choice":"2 cards matched","floor":4,"damage_taken":0},{"event_name":"Mushrooms","player_choice":"Healed and dodged fight","floor":11,"damage_taken":0},{"event_name":"World of Goop","player_choice":"Gather Gold","floor":12,"damage_taken":0},{"event_name":"Beggar","player_choice":"Gave Gold","floor":20,"damage_taken":0},{"event_name":"Back to Basics","player_choice":"Simplicity","floor":21,"damage_taken":0},{"event_name":"Cursed Tome","player_choice":"Ignored","floor":22,"damage_taken":0},{"event_name":"Accursed Blacksmith","player_choice":"Rummage","floor":29,"damage_taken":0}],"boss_relics":[{"not_picked":["Sozu","Cursed Key"],"picked":"Eternal Feather"}],"potions_floor_spawned":[3,5,14,16,18,24,30],"seed_played":"-3956797385230913082","killed_by":"Collector","ascension_level":1,"is_trial":false}