{"gold_per_floor":[116,134,146,157,171,198,198,210,210,228,228,313,313,333,333,437,437,447,447,466,477,477,477,489,489,489,489],"floor_reached":27,"playtime":1565,"items_purged":[],"score":219,"play_id":"8ecfaa5a-5673-40f0-bdfb-5524a0332c38","local_time":"20190220183626","is_ascension_mode":false,"campfire_choices":[{"floor":7,"key":"RECALL"},{"floor":11,"key":"REST"},{"floor":13,"key":"REST"},{"data":"Defragment","floor":15,"key":"SMITH"},{"data":"Rainbow","floor":23,"key":"SMITH"},{"data":"Ball Lightning","floor":25,"key":"SMITH"}],"neow_cost":"NONE","seed_source_timestamp":430963725179186,"circlet_count":0,"master_deck":["Strike_B","Strike_B","Strike_B","Strike_B","Defend_B","Defend_B","Defend_B","Defend_B","Zap","Dualcast","Cold Snap","Genetic Algorithm","Aggregate","Defragment+1","Leap","Self Repair","Steam","Glacier","Undo","Rainbow+1","Leap+1","Redo","Compile Driver+1","Ball Lightning+1"],"relics":["Cracked Core","NeowsBlessing","Letter Opener","Tiny Chest","Black Star","Kunai","Bottled Tornado"],"potions_floor_usage":[6,6,12,24],"damage_taken":[{"damage":0,"enemies":"Cultist","floor":1,"turns":1},{"damage":0,"enemies":"Small Slimes","floor":2,"turns":1},{"damage":0,"enemies":"Jaw Worm","floor":3,"turns":1},{"damage":8,"enemies":"2 Fungi Beasts","floor":4,"turns":4},{"damage":13,"enemies":"Exordium Thugs","floor":5,"turns":6},{"damage":26,"enemies":"Gremlin Nob","floor":6,"turns":4},{"damage":11,"enemies":"Gremlin Gang","floor":8,"turns":4},{"damage":10,"enemies":"Looter","floor":10,"turns":3},{"damage":9,"enemies":"Gremlin Nob","floor":12,"turns":4},{"damage":10,"enemies":"Blue Slaver","floor":14,"turns":4},{"damage":29,"enemies":"Hexaghost","floor":16,"turns":19},{"damage":44,"enemies":"3 Byrds","floor":18,"turns":6},{"damage":7,"enemies":"Spheric Guardian","floor":20,"turns":5},{"damage":30,"enemies":"Centurion and Healer","floor":21,"turns":17},{"damage":21,"enemies":"Snake Plant","floor":24,"turns":6},{"damage":50,"enemies":"3 Cultists","floor":27,"turns":7}],"seed_played":"-5743050008799962969","potions_obtained":[{"floor":1,"key":"SteroidPotion"},{"floor":2,"key":"Explosive Potion"},{"floor":3,"key":"LiquidBronze"},{"floor":16,"key":"Ancient Potion"},{"floor":21,"key":"Strength Potion"}],"is_trial":false,"path_per_floor":["M","M","M","M","M","E","R","M","T","M","R","?","R","M","R","B",null,"M","?","M","M","T","R","M","R","T","M"],"character_chosen":"DEFECT","items_purchased":[],"campfire_rested":2,"item_purchase_floors":[],"current_hp_per_floor":[75,75,75,67,54,28,28,17,17,14,36,34,56,53,53,24,75,38,85,85,62,62,62,48,48,48,0],"gold":489,"neow_bonus":"THREE_ENEMY_KILL","is_prod":false,"is_daily":false,"chose_seed":false,"campfire_upgraded":3,"win_rate":0,"timestamp":1550705786,"path_taken":["M","M","M","M","M","E","R","M","T","M","R","?","R","M","R","BOSS","M","?","M","?","?","R","M","R","T","M"],"build_version":"2019-01-23","purchased_purges":0,"victory":false,"max_hp_per_floor":[75,75,75,75,75,75,75,75,75,75,75,75,75,75,75,75,75,75,85,85,85,85,85,85,85,85,85],"card_choices":[{"not_picked":["Heatsinks","Rebound"],"picked":"Cold Snap","floor":1},{"not_picked":["Gash","Skim"],"picked":"Genetic Algorithm","floor":2},{"not_picked":["Hologram","Streamline"],"picked":"Aggregate","floor":3},{"not_picked":["Rebound","Static Discharge"],"picked":"Defragment","floor":4},{"not_picked":["Stack","Gash"],"picked":"Leap","floor":5},{"not_picked":["White Noise","Stack"],"picked":"Meteor Strike","floor":6},{"not_picked":["Hello World","Redo"],"picked":"Self Repair","floor":8},{"not_picked":["Reprogram","Rebound"],"picked":"Steam","floor":10},{"not_picked":["Blizzard","Stack"],"picked":"Glacier","floor":12},{"not_picked":["Heatsinks","FTL"],"picked":"Undo","floor":14},{"not_picked":["Fission","All For One"],"picked":"Rainbow","floor":16},{"not_picked":["Reprogram","Coolheaded+1"],"picked":"Leap+1","floor":18},{"not_picked":["Go for the Eyes","Glacier"],"picked":"Redo","floor":20},{"not_picked":["Storm","Coolheaded"],"picked":"Compile Driver+1","floor":21},{"not_picked":["Conserve Battery+1","Glacier+1"],"picked":"Ball Lightning","floor":24}],"player_experience":241644,"relics_obtained":[{"floor":6,"key":"Letter Opener"},{"floor":12,"key":"Tiny Chest"},{"floor":22,"key":"Kunai"},{"floor":26,"key":"Bottled Tornado"}],"event_choices":[{"damage_healed":0,"gold_gain":0,"player_choice":"Searched \u00271\u0027 times","damage_taken":0,"max_hp_gain":0,"max_hp_loss":0,"event_name":"Dead Adventurer","floor":12,"gold_loss":0},{"cards_removed":["Meteor Strike"],"damage_healed":37,"gold_gain":0,"player_choice":"Offered Rare","damage_taken":0,"max_hp_gain":10,"max_hp_loss":0,"event_name":"Bonfire Elementals","floor":19,"gold_loss":0}],"is_beta":false,"boss_relics":[{"not_picked":["Empty Cage","Calling Bell"],"picked":"Black Star"}],"items_purged_floors":[],"is_endless":false,"potions_floor_spawned":[1,2,3,5,16,21],"killed_by":"3 Cultists","ascension_level":0}