{"gold_per_floor":[115,133,133,133,201,233,283,20,20,41,91,134,204,3,3,124,124,144,164,214],"floor_reached":20,"playtime":1128,"items_purged":["Injury"],"score":184,"play_id":"a3acf56b-be99-44d5-b8e4-9dd1f955f10f","local_time":"20190216185251","is_ascension_mode":false,"campfire_choices":[{"floor":15,"key":"REST"}],"neow_cost":"NONE","seed_source_timestamp":86795302170276,"circlet_count":0,"master_deck":["Strike_B","Strike_B","Strike_B","Defend_B","Defend_B","Defend_B+1","Defend_B","Zap+1","Dualcast","Storm","Chaos","Cold Snap","Auto Shields","Redo","Capacitor","Undo","Defend_R","Melter","Chaos","Thunder Strike","Self Repair","BootSequence"],"relics":["Cracked Core","NeowsBlessing","SsserpentHead","Singing Bowl","Golden Idol","Tiny Chest","DataDisk","Toolbox","Nuclear Battery"],"potions_floor_usage":[10,12,12,19],"damage_taken":[{"damage":0,"enemies":"2 Louse","floor":1,"turns":1},{"damage":0,"enemies":"Jaw Worm","floor":2,"turns":1},{"damage":0,"enemies":"Cultist","floor":5,"turns":1},{"damage":26,"enemies":"Lagavulin","floor":6,"turns":8},{"damage":2,"enemies":"3 Louse","floor":10,"turns":3},{"damage":10,"enemies":"Gremlin Nob","floor":12,"turns":5},{"damage":18,"enemies":"Exordium Wildlife","floor":13,"turns":6},{"damage":19,"enemies":"Hexaghost","floor":16,"turns":11},{"damage":10,"enemies":"3 Byrds","floor":18,"turns":5},{"damage":27,"enemies":"2 Thieves","floor":19,"turns":4},{"damage":51,"enemies":"Masked Bandits","floor":20,"turns":4}],"seed_played":"3843028259596156442","potions_obtained":[{"floor":1,"key":"Weak Potion"},{"floor":2,"key":"Regen Potion"},{"floor":10,"key":"Block Potion"},{"floor":16,"key":"FearPotion"}],"is_trial":false,"path_per_floor":["M","M","?","?","M","E","?","$","T","M","?","E","M","$","R","B",null,"M","M","?"],"character_chosen":"DEFECT","items_purchased":["Tiny Chest","Redo","Capacitor","Toolbox"],"campfire_rested":1,"item_purchase_floors":[8,8,8,14],"current_hp_per_floor":[75,75,60,60,60,34,34,34,34,41,41,31,13,13,35,16,75,65,45,0],"gold":214,"neow_bonus":"THREE_ENEMY_KILL","is_prod":false,"is_daily":false,"chose_seed":false,"campfire_upgraded":0,"win_rate":0,"timestamp":1550361171,"path_taken":["M","M","?","?","?","E","?","?","T","M","?","E","?","$","R","BOSS","M","M","?"],"build_version":"2019-01-23","purchased_purges":1,"victory":false,"max_hp_per_floor":[75,75,75,75,75,75,75,75,75,75,75,75,75,75,75,75,75,75,75,75],"card_choices":[{"not_picked":["Rebound","Leap"],"picked":"Storm","floor":1},{"not_picked":["Gash","Rebound"],"picked":"Chaos","floor":2},{"not_picked":["Machine Learning","Compile Driver"],"picked":"Cold Snap","floor":5},{"not_picked":["Turbo","Consume"],"picked":"Auto Shields","floor":6},{"not_picked":["Conserve Battery","Streamline"],"picked":"Undo","floor":10},{"not_picked":["Heatsinks","Loop"],"picked":"Melter","floor":12},{"not_picked":["Cold Snap","Redo"],"picked":"Chaos","floor":13},{"not_picked":["Hyperbeam","Meteor Strike"],"picked":"Thunder Strike","floor":16},{"not_picked":["Coolheaded","Aggregate"],"picked":"Self Repair","floor":18},{"not_picked":["Steam Power","Stack+1"],"picked":"BootSequence","floor":19}],"player_experience":228251,"relics_obtained":[{"floor":6,"key":"Singing Bowl"},{"floor":12,"key":"DataDisk"}],"event_choices":[{"damage_healed":0,"gold_gain":0,"player_choice":"Entered Light","damage_taken":15,"max_hp_gain":0,"max_hp_loss":0,"event_name":"Shining Light","floor":3,"gold_loss":0,"cards_upgraded":["Zap","Defend_B"]},{"damage_healed":0,"gold_gain":0,"player_choice":"Trade","damage_taken":0,"relics_obtained":["SsserpentHead"],"max_hp_gain":0,"max_hp_loss":0,"event_name":"FaceTrader","floor":4,"gold_loss":0},{"damage_healed":0,"gold_gain":0,"player_choice":"Take Wound","damage_taken":0,"relics_obtained":["Golden Idol"],"max_hp_gain":0,"max_hp_loss":0,"event_name":"Golden Idol","floor":7,"gold_loss":0,"cards_obtained":["Injury"]},{"cards_removed":["Strike_B"],"damage_healed":0,"gold_gain":0,"player_choice":"Took Card","damage_taken":0,"max_hp_gain":0,"max_hp_loss":0,"event_name":"NoteForYourself","floor":11,"gold_loss":0,"cards_obtained":["Defend_R"]},{"damage_healed":0,"gold_gain":0,"player_choice":"Fought Bandits","damage_taken":0,"max_hp_gain":0,"max_hp_loss":0,"event_name":"Masked Bandits","floor":20,"gold_loss":0}],"is_beta":false,"boss_relics":[{"not_picked":["Runic Dome","Philosopher\u0027s Stone"],"picked":"Nuclear Battery"}],"items_purged_floors":[8],"is_endless":false,"potions_floor_spawned":[1,2,10,16],"killed_by":"Masked Bandits","ascension_level":0}