{"path_per_floor":["M","M","?","M","?","E","M","M","T","$","?","M","R","?","R","B",null,"M","M","?","M","T","R","M","T","T","M","M","M","$","?","R","B",null,"M","?","$","?","?","R","M","R","T","?","M","$","T","M","R","B"],"character_chosen":"DEFECT","items_purchased":["Hello World","Regal Pillow","Oddly Smooth Stone","Heatsinks","FocusPotion","SpeedPotion"],"gold_per_floor":[111,130,130,140,140,171,185,195,195,11,11,26,26,101,101,199,199,219,237,237,250,250,250,264,264,288,307,318,329,102,102,102,201,201,218,218,16,16,16,16,31,31,57,111,126,26,26,46,46,46],"floor_reached":51,"campfire_rested":3,"playtime":4064,"current_hp_per_floor":[74,75,75,75,75,54,54,54,54,54,47,49,49,38,75,47,75,65,64,50,29,29,68,49,49,49,34,24,10,10,10,49,47,80,70,60,60,60,60,60,62,62,69,58,76,76,76,87,87,39],"items_purged":["Strike_B","Strike_B"],"gold":46,"score":624,"play_id":"c7e06b53-7c39-4f48-b406-7376b41eacaa","local_time":"20180511031306","is_prod":false,"is_daily":false,"chose_seed":false,"is_ascension_mode":false,"campfire_upgraded":4,"timestamp":1526022786,"path_taken":["M","M","?","M","?","E","M","M","T","?","?","?","R","?","R","BOSS","M","M","?","M","?","R","?","?","T","M","?","M","?","?","R","BOSS","M","?","$","?","?","R","M","R","T","?","M","?","?","M","R","BOSS"],"build_version":"2018-05-10","seed_source_timestamp":27491798993322,"purchased_purges":4,"victory":true,"master_deck":["Defend_B","Defend_B","Defend_B","Defend_B","Zap","Dualcast","Storm","BootSequence","Axe Kick","Conserve Battery","Defragment+1","Redo","Cold Snap","Hello World+1","Defragment+1","Echo Form+1","Undo","Turbo+1","Capacitor+1","Coolheaded+1","Heatsinks+1","Amplify+1","Storm+1","Madness","Madness","Thinking Ahead+1","Reinforced Body+1","Skim+1","White Noise","Turbo+1"],"max_hp_per_floor":[75,75,75,75,75,75,75,75,75,75,75,75,75,75,75,75,75,75,75,80,80,80,80,80,80,80,80,80,80,80,80,80,80,80,80,80,80,80,80,80,80,80,87,87,87,87,87,87,87,87],"relics":["Cracked Core","Blood Vial","Gambling Chip","Frozen Egg 2","Regal Pillow","Ice Cream","Inserter","Ancient Tea Set","Peace Pipe","Orichalcum","Oddly Smooth Stone","Nuclear Battery","Strawberry","Bird Faced Urn","Bronze Scales"],"card_choices":[{"not_picked":["Force Field","Capacitor"],"picked":"Storm","floor":1},{"not_picked":["Axe Kick","Skim"],"picked":"BootSequence","floor":2},{"not_picked":["Hologram","Barrage"],"picked":"Axe Kick","floor":4},{"not_picked":["Hologram","Static Discharge"],"picked":"Defragment","floor":6},{"not_picked":["Streamline","Fusion"],"picked":"Redo","floor":7},{"not_picked":["Reprogram","Leap"],"picked":"Cold Snap","floor":8},{"not_picked":["Steam","Aggregate"],"picked":"Defragment","floor":12},{"not_picked":["Hyperbeam","Thunder Strike"],"picked":"Echo Form","floor":16},{"not_picked":["Cold Snap","BootSequence"],"picked":"Undo","floor":21},{"not_picked":["Blizzard","Go for the Eyes"],"picked":"Turbo","floor":24},{"not_picked":["Conserve Battery","FTL"],"picked":"Capacitor","floor":27},{"not_picked":["Hologram","Cold Snap"],"picked":"Coolheaded","floor":29},{"not_picked":["Hyperbeam","Echo Form"],"picked":"Amplify","floor":33},{"not_picked":["Lockon","Reprogram"],"picked":"Storm","floor":35},{"not_picked":["Dramatic Entrance","Secret Technique"],"picked":"Thinking Ahead","floor":39},{"not_picked":["Steam","Sweeping Beam"],"picked":"Reinforced Body","floor":41},{"not_picked":["Ball Lightning","Sweeping Beam"],"picked":"Skim","floor":44},{"not_picked":["FTL","BootSequence"],"picked":"White Noise","floor":45},{"not_picked":["Darkness","Chill"],"picked":"Turbo","floor":48}],"player_experience":51957,"potions_floor_usage":[16,29,29,33,33,50,50,50],"damage_taken":[{"damage":1,"enemies":"Jaw Worm","floor":1,"turns":3},{"damage":0,"enemies":"Small Slimes","floor":2,"turns":3},{"damage":0,"enemies":"Cultist","floor":4,"turns":3},{"damage":21,"enemies":"Lagavulin","floor":6,"turns":9},{"damage":2,"enemies":"3 Louse","floor":7,"turns":5},{"damage":2,"enemies":"Blue Slaver","floor":8,"turns":4},{"damage":0,"enemies":"Looter","floor":12,"turns":3},{"damage":28,"enemies":"Hexaghost","floor":16,"turns":16},{"damage":10,"enemies":"Spheric Guardian","floor":18,"turns":3},{"damage":3,"enemies":"Chosen","floor":19,"turns":5},{"damage":23,"enemies":"Snake Plant","floor":21,"turns":4},{"damage":21,"enemies":"Snecko","floor":24,"turns":5},{"damage":28,"enemies":"Slaver and Parasite","floor":27,"turns":9},{"damage":20,"enemies":"3 Cultists","floor":28,"turns":4},{"damage":16,"enemies":"Sentry and Sphere","floor":29,"turns":7},{"damage":4,"enemies":"Champ","floor":33,"turns":8},{"damage":10,"enemies":"Orb Walker","floor":35,"turns":4},{"damage":0,"enemies":"3 Shapes","floor":41,"turns":2},{"damage":14,"enemies":"Mysterious Sphere","floor":44,"turns":4},{"damage":17,"enemies":"Maw","floor":45,"turns":4},{"damage":5,"enemies":"Sphere and 2 Shapes","floor":48,"turns":3},{"damage":89,"enemies":"Awakened One","floor":50,"turns":6}],"event_choices":[{"event_name":"The Cleric","player_choice":"Leave","floor":3,"damage_taken":0},{"event_name":"Transmorgrifier","player_choice":"Transform","floor":5,"damage_taken":0},{"event_name":"Scrap Ooze","player_choice":"success","floor":11,"damage_taken":7},{"event_name":"World of Goop","player_choice":"Gather Gold","floor":14,"damage_taken":0},{"event_name":"Forgotten Altar","player_choice":"Shed Blood","floor":20,"damage_taken":0},{"event_name":"Beggar","player_choice":"Ignored","floor":31,"damage_taken":0},{"event_name":"Winding Halls","player_choice":"Embrace Madness","floor":36,"damage_taken":0},{"event_name":"Purifier","player_choice":"One Purge","floor":38,"damage_taken":0},{"event_name":"SensoryStone","player_choice":"Memory 1","floor":39,"damage_taken":0},{"event_name":"Mysterious Sphere","player_choice":"Fight","floor":44,"damage_taken":0}],"boss_relics":[{"not_picked":["Black Star","Runic Dome"],"picked":"Inserter"},{"not_picked":["Calling Bell","Snecko Eye"],"picked":"Nuclear Battery"}],"potions_floor_spawned":[1,4,7,16,21,27,29,33,41,44,48],"seed_played":"248745360777498828","ascension_level":0,"is_trial":false}