{"gold_per_floor":[16,33,33,46,46,46,61,81,158,187,199,60,78,91,91,165,165,85,101,111,128,128,128,128,128,128,144,155,155,72,86,86,86],"floor_reached":33,"playtime":1714,"items_purged":[],"score":556,"play_id":"517b53a2-f917-4c46-8ab7-89f9ae4ef181","local_time":"20190709145340","is_ascension_mode":true,"campfire_choices":[{"data":"Zap","floor":6.0,"key":"SMITH"},{"floor":15.0,"key":"REST"},{"floor":23.0,"key":"REST"},{"data":"Defragment","floor":25.0,"key":"SMITH"},{"floor":32.0,"key":"REST"}],"neow_cost":"NO_GOLD","seed_source_timestamp":97346249881100,"circlet_count":0,"master_deck":["AscendersBane","Strike_B","Strike_B","Defend_B","Defend_B","Defend_B","Defend_B","Zap+1","Dualcast","Hologram","Conserve Battery+1","Echo Form","Coolheaded","White Noise","Cold Snap","Cold Snap","Defragment+1","Amplify","Cold Snap","Conserve Battery","Skim","Coolheaded+1","Defragment"],"special_seed":0,"relics":["Cracked Core","Emotion Chip","Tiny Chest","Pear","Busted Crown","MutagenicStrength","Sundial"],"potions_floor_usage":[33],"damage_taken":[{"damage":5.0,"enemies":"Small Slimes","floor":1.0,"turns":4.0},{"damage":6.0,"enemies":"Cultist","floor":2.0,"turns":4.0},{"damage":0.0,"enemies":"2 Louse","floor":4.0,"turns":4.0},{"damage":9.0,"enemies":"Red Slaver","floor":7.0,"turns":4.0},{"damage":33.0,"enemies":"Gremlin Gang","floor":8.0,"turns":5.0},{"damage":0.0,"enemies":"Lagavulin","floor":10.0,"turns":7.0},{"damage":20.0,"enemies":"3 Louse","floor":11.0,"turns":3.0},{"damage":0.0,"enemies":"Blue Slaver","floor":13.0,"turns":3.0},{"damage":0.0,"enemies":"Red Slaver","floor":14.0,"turns":5.0},{"damage":12.0,"enemies":"Hexaghost","floor":16.0,"turns":15.0},{"damage":39.0,"enemies":"2 Thieves","floor":18.0,"turns":4.0},{"damage":11.0,"enemies":"Shell Parasite","floor":19.0,"turns":9.0},{"damage":6.0,"enemies":"Centurion and Healer","floor":20.0,"turns":13.0},{"damage":9.0,"enemies":"Snecko","floor":21.0,"turns":7.0},{"damage":6.0,"enemies":"3 Cultists","floor":27.0,"turns":7.0},{"damage":6.0,"enemies":"Centurion and Healer","floor":28.0,"turns":8.0},{"damage":12.0,"enemies":"Cultist and Chosen","floor":31.0,"turns":11.0},{"damage":59,"enemies":"Collector","floor":33,"turns":5}],"seed_played":"-1344969602037716769","potions_obtained":[{"floor":7.0,"key":"FocusPotion"},{"floor":8.0,"key":"PowerPotion"},{"floor":13.0,"key":"Energy Potion"},{"floor":19.0,"key":"LiquidBronze"},{"floor":20.0,"key":"Fruit Juice"},{"floor":27.0,"key":"Dexterity Potion"},{"floor":28.0,"key":"SpeedPotion"}],"is_trial":false,"path_per_floor":["M","M","?","M","?","R","M","M","T","E","M","$","M","M","R","B",null,"M","M","M","M","?","R","?","R","T","M","M","?","$","M","R","B"],"character_chosen":"DEFECT","items_purchased":["Cold Snap","Block Potion","Explosive Potion","Defragment"],"campfire_rested":3,"item_purchase_floors":[12,12,12,30],"current_hp_per_floor":[59,53,53,53,53,53,44,11,11,21,1,1,1,1,25,13,64,25,14,13,4,4,29,29,29,29,23,17,17,17,5,30,0],"gold":86,"neow_bonus":"ONE_RARE_RELIC","is_prod":false,"is_daily":false,"chose_seed":false,"campfire_upgraded":2,"win_rate":0,"timestamp":1562698420,"path_taken":["M","M","?","?","?","R","M","M","T","E","M","$","?","M","R","BOSS","M","M","?","M","?","R","?","R","T","M","?","?","?","M","R","BOSS"],"build_version":"2019-07-03","purchased_purges":0,"victory":false,"max_hp_per_floor":[71,71,71,71,71,71,71,71,71,81,81,81,81,81,81,81,81,81,81,86,86,86,86,86,86,86,86,86,86,86,86,86,86],"card_choices":[{"not_picked":["Beam Cell","Streamline"],"picked":"Hologram","floor":1.0},{"not_picked":["Gash","Coolheaded"],"picked":"Conserve Battery","floor":2.0},{"not_picked":["Aggregate","Reprogram"],"picked":"Echo Form","floor":4.0},{"not_picked":["Reprogram","Beam Cell"],"picked":"Coolheaded","floor":7.0},{"not_picked":["Steam","Darkness","Gash"],"picked":"SKIP","floor":8.0},{"not_picked":["Hologram","Streamline"],"picked":"White Noise","floor":10.0},{"not_picked":["Sweeping Beam","Beam Cell","Steam Power"],"picked":"SKIP","floor":11.0},{"not_picked":["Reprogram","Doom and Gloom"],"picked":"Cold Snap","floor":13.0},{"not_picked":["Hyperbeam","Beam Cell"],"picked":"Defragment","floor":14.0},{"not_picked":["Meteor Strike","Echo Form"],"picked":"Amplify","floor":16.0},{"not_picked":["Gash"],"picked":"SKIP","floor":18.0},{"not_picked":[],"picked":"Cold Snap","floor":19.0},{"not_picked":["Barrage"],"picked":"SKIP","floor":20.0},{"not_picked":[],"picked":"Conserve Battery","floor":21.0},{"not_picked":["Sunder"],"picked":"SKIP","floor":27.0},{"not_picked":[],"picked":"Coolheaded","floor":28.0},{"not_picked":["Sweeping Beam"],"picked":"SKIP","floor":31.0}],"player_experience":1079145,"relics_obtained":[{"floor":9.0,"key":"Tiny Chest"},{"floor":10.0,"key":"Pear"},{"floor":26.0,"key":"Sundial"}],"event_choices":[{"cards_removed":["Strike_B"],"damage_healed":0.0,"max_hp_gain":0.0,"max_hp_loss":0.0,"gold_gain":0.0,"event_name":"Purifier","player_choice":"Purged","floor":3.0,"gold_loss":0.0,"damage_taken":0.0},{"damage_healed":0.0,"max_hp_gain":0.0,"max_hp_loss":0.0,"gold_gain":0.0,"event_name":"Upgrade Shrine","player_choice":"Upgraded","floor":5.0,"gold_loss":0.0,"damage_taken":0.0,"cards_upgraded":["Conserve Battery"]},{"damage_healed":0.0,"max_hp_gain":0.0,"max_hp_loss":0.0,"gold_gain":0.0,"event_name":"Drug Dealer","player_choice":"Inject Mutagens","floor":22.0,"gold_loss":0.0,"damage_taken":0.0,"relics_obtained":["MutagenicStrength"]},{"damage_healed":0.0,"max_hp_gain":0.0,"max_hp_loss":0.0,"gold_gain":0.0,"cards_transformed":["Strike_B"],"event_name":"Transmorgrifier","player_choice":"Transformed","floor":24.0,"gold_loss":0.0,"damage_taken":0.0,"cards_obtained":["Skim"]},{"damage_healed":0.0,"max_hp_gain":0.0,"max_hp_loss":0.0,"gold_gain":0.0,"event_name":"Accursed Blacksmith","player_choice":"Forge","floor":29.0,"gold_loss":0.0,"damage_taken":0.0,"cards_upgraded":["Coolheaded"]}],"is_beta":true,"boss_relics":[{"not_picked":["Velvet Choker","Empty Cage"],"picked":"Busted Crown"}],"items_purged_floors":[],"is_endless":false,"potions_floor_spawned":[7,8,13,14,19,20,27,28],"killed_by":"Collector","ascension_level":20}