{"gold_per_floor":[13,32,32,32,44,44,64,64,64,74,74,74,74,88,88,193,193,212,232,232,248,20,47,47,13,37,37,136,147,164,89,89,192,192,207,307,307,307,307],"floor_reached":39,"playtime":7170,"items_purged":[],"score":439,"play_id":"301bdbe5-8244-4a76-821b-ba3a20d5520c","local_time":"20190629113420","is_ascension_mode":false,"campfire_choices":[{"data":"A Thousand Cuts","floor":6.0,"key":"SMITH"},{"data":"Slice","floor":8.0,"key":"SMITH"},{"data":"Survivor","floor":11.0,"key":"SMITH"},{"data":"Neutralize","floor":13.0,"key":"SMITH"},{"data":"Poisoned Stab","floor":15.0,"key":"SMITH"},{"data":"Finisher","floor":24.0,"key":"SMITH"},{"data":"Noxious Fumes","floor":27.0,"key":"SMITH"},{"data":"Skewer","floor":32.0,"key":"SMITH"}],"neow_cost":"NO_GOLD","seed_source_timestamp":0,"circlet_count":0,"master_deck":["Defend_G","Defend_G","Strike_G","Survivor+1","Neutralize+1","Heel Hook","A Thousand Cuts+1","Flying Knee","Slice+1","Quick Slash","PiercingWail","Deflect","Unload","Blur+1","Venomology+1","Riddle With Holes+1","Footwork","Masterful Stab+1","Skewer+1","Well Laid Plans","Finisher+1","Noxious Fumes+1","Slice","Backstab","After Image","Backstab","Dagger Throw+1","Madness","Madness"],"special_seed":0,"relics":["Ring of the Snake","Pocketwatch","Astrolabe","PreservedInsect","StoneCalendar","Snake Skull","HoveringKite","Gambling Chip"],"potions_floor_usage":[],"damage_taken":[{"damage":0.0,"enemies":"Jaw Worm","floor":1.0,"turns":4.0},{"damage":1.0,"enemies":"Cultist","floor":2.0,"turns":4.0},{"damage":0.0,"enemies":"Small Slimes","floor":5.0,"turns":3.0},{"damage":9.0,"enemies":"Exordium Wildlife","floor":7.0,"turns":6.0},{"damage":2.0,"enemies":"Exordium Thugs","floor":10.0,"turns":4.0},{"damage":0.0,"enemies":"2 Fungi Beasts","floor":14.0,"turns":4.0},{"damage":19.0,"enemies":"Hexaghost","floor":16.0,"turns":10.0},{"damage":2.0,"enemies":"3 Byrds","floor":18.0,"turns":5.0},{"damage":11.0,"enemies":"Shell Parasite","floor":19.0,"turns":4.0},{"damage":0.0,"enemies":"3 Cultists","floor":21.0,"turns":4.0},{"damage":23.0,"enemies":"Slavers","floor":23.0,"turns":5.0},{"damage":2.0,"enemies":"Chosen and Byrds","floor":29.0,"turns":6.0},{"damage":4.0,"enemies":"Centurion and Healer","floor":30.0,"turns":5.0},{"damage":0.0,"enemies":"Collector","floor":33.0,"turns":6.0},{"damage":1.0,"enemies":"Orb Walker","floor":35.0,"turns":2.0},{"damage":3.0,"enemies":"Mind Bloom Boss Battle","floor":36.0,"turns":7.0},{"damage":0,"enemies":"3 Darklings","floor":39,"turns":2}],"seed_played":"5917372411785924935","potions_obtained":[{"floor":1.0,"key":"Block Potion"},{"floor":3.0,"key":"GhostInAJar"},{"floor":3.0,"key":"Energy Potion"},{"floor":18.0,"key":"EntropicBrew"},{"floor":36.0,"key":"Weak Potion"}],"is_trial":false,"path_per_floor":["M","M","?","$","M","R","M","R","T","M","R","?","R","M","R","B",null,"M","M","?","M","$","E","R","$","T","R","?","M","M","?","R","B",null,"M","?","?","?","M"],"character_chosen":"THE_SILENT","items_purchased":["PreservedInsect","Well Laid Plans","Noxious Fumes"],"campfire_rested":0,"item_purchase_floors":[22,22,25],"current_hp_per_floor":[70,69,69,69,69,69,60,60,60,58,58,58,58,58,58,39,70,68,57,62,62,62,48,48,48,48,48,48,46,42,42,42,42,70,69,66,66,57,57],"gold":307,"neow_bonus":"TRANSFORM_TWO_CARDS","is_prod":false,"is_daily":false,"chose_seed":false,"campfire_upgraded":8,"win_rate":0,"timestamp":1561822460,"path_taken":["M","M","?","$","M","R","?","R","T","M","R","?","R","M","R","BOSS","M","M","?","M","$","E","R","?","T","R","?","M","M","?","R","BOSS","M","?","?","?","M"],"build_version":"2019-01-23","purchased_purges":0,"victory":false,"max_hp_per_floor":[70,70,70,70,70,70,70,70,70,70,70,70,70,70,70,70,70,70,70,70,70,70,70,70,70,70,70,70,70,70,70,70,70,70,70,70,70,70,70],"card_choices":[{"not_picked":["Reflex","Riddle With Holes"],"picked":"Flying Knee","floor":1.0},{"not_picked":["Quick Slash","Terror"],"picked":"Slice","floor":2.0},{"not_picked":["Heel Hook","Acrobatics"],"picked":"Quick Slash","floor":5.0},{"not_picked":["Crippling Poison","Endless Agony"],"picked":"PiercingWail","floor":7.0},{"not_picked":["Riddle With Holes","Slice"],"picked":"Deflect","floor":10.0},{"not_picked":["Prepared","Acrobatics"],"picked":"Poisoned Stab","floor":14.0},{"not_picked":["Storm of Steel","Night Terror"],"picked":"Unload","floor":16.0},{"not_picked":["Flying Knee","Dodge and Roll"],"picked":"Footwork","floor":18.0},{"not_picked":["Finisher","Noxious Fumes+1"],"picked":"Masterful Stab+1","floor":19.0},{"not_picked":["Deadly Poison+1","Poisoned Stab"],"picked":"Skewer","floor":21.0},{"not_picked":["Footwork+1","Caltrops"],"picked":"Finisher","floor":23.0},{"not_picked":["Flying Knee","Deadly Poison"],"picked":"Slice","floor":29.0},{"not_picked":["PiercingWail","Deflect"],"picked":"Backstab","floor":30.0},{"not_picked":["Venomology","Malaise"],"picked":"After Image","floor":33.0},{"not_picked":["Concentrate+1","Calculated Gamble+1"],"picked":"Backstab","floor":35.0},{"not_picked":["Reflex+1","Deflect"],"picked":"Dagger Throw+1","floor":36.0}],"player_experience":500796,"relics_obtained":[{"floor":9.0,"key":"Pocketwatch"},{"floor":23.0,"key":"StoneCalendar"},{"floor":26.0,"key":"Snake Skull"},{"floor":36.0,"key":"Gambling Chip"}],"event_choices":[{"damage_healed":0.0,"max_hp_gain":0.0,"max_hp_loss":0.0,"gold_gain":0.0,"event_name":"Lab","player_choice":"Got Potions","floor":3.0,"gold_loss":0.0,"damage_taken":0.0},{"damage_healed":0.0,"max_hp_gain":0.0,"max_hp_loss":0.0,"gold_gain":0.0,"event_name":"Golden Wing","player_choice":"Ignored","floor":12.0,"gold_loss":0.0,"damage_taken":0.0},{"cards_removed":["Poisoned Stab"],"damage_healed":5.0,"max_hp_gain":0.0,"max_hp_loss":0.0,"gold_gain":0.0,"event_name":"Bonfire Elementals","player_choice":"Offered Common","floor":20.0,"gold_loss":0.0,"damage_taken":0.0},{"cards_removed":["Poisoned Stab"],"damage_healed":5.0,"max_hp_gain":0.0,"max_hp_loss":0.0,"gold_gain":0.0,"event_name":"Bonfire Elementals","player_choice":"Offered Special","floor":20.0,"gold_loss":0.0,"damage_taken":0.0},{"damage_healed":0.0,"max_hp_gain":0.0,"max_hp_loss":0.0,"gold_gain":99.0,"event_name":"Nest","player_choice":"Stole From Cult","floor":28.0,"gold_loss":0.0,"damage_taken":0.0},{"cards_removed":["Strike_G"],"damage_healed":0.0,"max_hp_gain":0.0,"max_hp_loss":0.0,"gold_gain":0.0,"event_name":"Beggar","player_choice":"Gave Gold","floor":31.0,"gold_loss":75.0,"damage_taken":0.0},{"damage_healed":0.0,"max_hp_gain":0.0,"max_hp_loss":0.0,"gold_gain":0.0,"event_name":"MindBloom","player_choice":"Fight","floor":36.0,"gold_loss":0.0,"damage_taken":0.0},{"cards_removed":["Defend_G"],"damage_healed":0.0,"max_hp_gain":0.0,"max_hp_loss":0.0,"gold_gain":0.0,"event_name":"Falling","player_choice":"Removed Skill","floor":37.0,"gold_loss":0.0,"damage_taken":0.0},{"damage_healed":0.0,"max_hp_gain":0.0,"max_hp_loss":0.0,"gold_gain":0.0,"event_name":"Winding Halls","player_choice":"Embrace Madness","floor":38.0,"gold_loss":0.0,"damage_taken":9.0,"cards_obtained":["Madness","Madness"]}],"is_beta":false,"boss_relics":[{"not_picked":["Lizard Tail","Runic Dome"],"picked":"Astrolabe"},{"not_picked":["Snecko Eye","Sozu"],"picked":"HoveringKite"}],"items_purged_floors":[],"is_endless":false,"potions_floor_spawned":[1,10,18,21,36],"killed_by":"3 Darklings","ascension_level":0}