{"gold_per_floor":[118,137,137,154,164,199,199,232,232,232,232,266,280,299,299,402,402,420,432,432,64,77,77],"floor_reached":23,"playtime":2283,"items_purged":[],"score":224,"play_id":"278fd2d7-a19a-4a51-a320-dd12c051d3c4","local_time":"20190715110404","is_ascension_mode":true,"campfire_choices":[{"floor":7,"key":"REST"},{"floor":11,"key":"REST"},{"floor":15,"key":"REST"}],"neow_cost":"NONE","seed_source_timestamp":176140027189072,"circlet_count":0,"master_deck":["Strike_G","Strike_G","Strike_G","Defend_G","Defend_G","Defend_G","Defend_G","Defend_G","Survivor","Neutralize","Skewer","Flying Knee","Backstab","Dagger Throw","Slice","All Out Attack","Terror","Unload","Acrobatics","Leg Sweep"],"relics":["Ring of the Snake","Unceasing Top","Gremlin Horn","Ginger","Nunchaku","StoneCalendar","Empty Cage","Gambling Chip"],"potions_floor_usage":[5,6,14,16,16,19],"damage_taken":[{"damage":0,"enemies":"Cultist","floor":1,"turns":4},{"damage":0,"enemies":"2 Louse","floor":2,"turns":3},{"damage":0,"enemies":"Jaw Worm","floor":4,"turns":4},{"damage":2,"enemies":"Blue Slaver","floor":5,"turns":3},{"damage":27,"enemies":"3 Sentries","floor":6,"turns":9},{"damage":20,"enemies":"Gremlin Nob","floor":8,"turns":4},{"damage":26,"enemies":"Lagavulin","floor":12,"turns":5},{"damage":0,"enemies":"Looter","floor":13,"turns":2},{"damage":12,"enemies":"Exordium Thugs","floor":14,"turns":4},{"damage":19,"enemies":"Slime Boss","floor":16,"turns":7},{"damage":33,"enemies":"Spheric Guardian","floor":18,"turns":7},{"damage":4,"enemies":"Shell Parasite","floor":19,"turns":6},{"damage":19,"enemies":"Snake Plant","floor":22,"turns":5},{"damage":14,"enemies":"Book of Stabbing","floor":23,"turns":6}],"seed_played":"8570043373131253958","potions_obtained":[{"floor":0,"key":"FairyPotion"},{"floor":0,"key":"SneckoOil"},{"floor":0,"key":"SmokeBomb"},{"floor":1,"key":"PowerPotion"},{"floor":8,"key":"Ancient Potion"},{"floor":13,"key":"EssenceOfSteel"},{"floor":14,"key":"Fire Potion"},{"floor":18,"key":"PowerPotion"}],"is_trial":false,"path_per_floor":["M","M","?","M","M","E","R","E","T","?","R","E","M","M","R","B",null,"M","M","?","$","M","E"],"character_chosen":"THE_SILENT","items_purchased":["Gambling Chip","Leg Sweep"],"campfire_rested":3,"item_purchase_floors":[21,21],"current_hp_per_floor":[70,70,52,52,50,23,44,24,24,24,45,19,19,7,28,9,70,37,33,20,20,1,0],"gold":77,"neow_bonus":"THREE_SMALL_POTIONS","is_prod":false,"is_daily":false,"chose_seed":false,"campfire_upgraded":0,"win_rate":0,"timestamp":1563206644,"path_taken":["M","M","?","M","M","E","R","E","T","?","R","E","M","M","R","BOSS","M","M","?","$","M","E"],"build_version":"2019-07-05","purchased_purges":0,"victory":false,"max_hp_per_floor":[70,70,70,70,70,70,70,70,70,70,70,70,70,70,70,70,70,70,70,75,75,75,75],"card_choices":[{"not_picked":["Deflect","Riddle With Holes"],"picked":"Skewer","floor":1},{"not_picked":["Underhanded Strike","Deflect"],"picked":"Flying Knee","floor":2},{"not_picked":["Sucker Punch","Poisoned Stab"],"picked":"Backstab","floor":4},{"not_picked":["Distraction","Quick Slash"],"picked":"Dagger Throw","floor":5},{"not_picked":["Noxious Fumes","Blade Dance"],"picked":"Slice","floor":6},{"not_picked":["Dagger Throw","Flying Knee","Wraith Form v2"],"picked":"SKIP","floor":8},{"not_picked":["Expertise","Phantasmal Killer"],"picked":"All Out Attack","floor":12},{"not_picked":["Prepared","Bane","Dagger Spray"],"picked":"SKIP","floor":13},{"not_picked":["Dagger Spray","Bane"],"picked":"Terror","floor":14},{"not_picked":["Bullet Time","Tools of the Trade"],"picked":"Unload","floor":16},{"not_picked":["Dagger Throw","Quick Slash+1"],"picked":"Acrobatics","floor":18},{"not_picked":["Flying Knee","Deadly Poison","Underhanded Strike"],"picked":"SKIP","floor":19},{"not_picked":["Riddle With Holes","Cloak And Dagger","Reflex"],"picked":"SKIP","floor":22}],"player_experience":169224,"relics_obtained":[{"floor":6,"key":"Gremlin Horn"},{"floor":8,"key":"Ginger"},{"floor":9,"key":"Nunchaku"},{"floor":12,"key":"StoneCalendar"}],"event_choices":[{"damage_healed":0,"gold_gain":0,"player_choice":"Success","damage_taken":18,"relics_obtained":["Unceasing Top"],"max_hp_gain":0,"max_hp_loss":0,"event_name":"Scrap Ooze","floor":3,"gold_loss":0},{"damage_healed":0,"gold_gain":0,"player_choice":"Ignored","damage_taken":0,"max_hp_gain":0,"max_hp_loss":0,"event_name":"Shining Light","floor":10,"gold_loss":0},{"damage_healed":0,"gold_gain":0,"player_choice":"Shed Blood","damage_taken":18,"max_hp_gain":5,"max_hp_loss":0,"event_name":"Forgotten Altar","floor":20,"gold_loss":0}],"is_beta":false,"boss_relics":[{"not_picked":["Coffee Dripper","Velvet Choker"],"picked":"Empty Cage"}],"items_purged_floors":[],"is_endless":false,"potions_floor_spawned":[1,4,8,13,14,18],"killed_by":"Book of Stabbing","ascension_level":1}