{"gold_per_floor":[112,127,146,158,169,169,13,23,23,23,42,69,69,69,69,173,173,191,203,203,12,12,12,44,44,69,69,69,86,1,19,19,122,122,141,17,36,36,54,54,67,67,90,90,116,116,116,116,116,116],"floor_reached":50,"playtime":2528,"items_purged":[],"score":530,"play_id":"2283d49c-0930-47b6-b706-629652b17c01","local_time":"20181230171406","is_ascension_mode":false,"campfire_choices":[{"data":"Consume","floor":10,"key":"SMITH"},{"data":"Go for the Eyes","floor":15,"key":"SMITH"},{"floor":23,"key":"REST"},{"floor":25,"key":"REST"},{"floor":28,"key":"REST"},{"floor":32,"key":"REST"},{"data":"Storm","floor":40,"key":"SMITH"},{"floor":46,"key":"REST"},{"floor":49,"key":"REST"}],"neow_cost":"NONE","seed_source_timestamp":288416305272196,"circlet_count":0,"master_deck":["Zap","Dualcast","Panacea","Go for the Eyes+1","Undo","Capacitor+1","Creative AI","Consume+1","Coolheaded","Conserve Battery+1","Conserve Battery","Biased Cognition","All For One","Redo","Undo","Hello World","Redo","Multi-Cast","Compile Driver","Blizzard","Storm+1","Stack+1","Storm+1","Go for the Eyes","Echo Form","Conserve Battery+1","Apotheosis+1","Storm+1","Hologram+1","Heatsinks+1","Storm+1","Madness+1","Madness+1"],"relics":["Cracked Core","Juzu Bracelet","Blue Candle","Blood Vial","Pandora\u0027s Box","Enchiridion","Membership Card","Toxic Egg 2","Lantern","Pen Nib","White Beast Statue","Ginger","Emotion Chip"],"potions_floor_usage":[16,24,24,33,33,35,45,45,45,50],"damage_taken":[{"damage":1,"enemies":"Cultist","floor":1,"turns":3},{"damage":3,"enemies":"Jaw Worm","floor":2,"turns":3},{"damage":5,"enemies":"2 Louse","floor":3,"turns":3},{"damage":4,"enemies":"Red Slaver","floor":4,"turns":5},{"damage":2,"enemies":"Blue Slaver","floor":5,"turns":5},{"damage":5,"enemies":"Looter","floor":8,"turns":4},{"damage":11,"enemies":"Lots of Slimes","floor":11,"turns":6},{"damage":7,"enemies":"The Guardian","floor":16,"turns":11},{"damage":25,"enemies":"Spheric Guardian","floor":18,"turns":6},{"damage":6,"enemies":"Shell Parasite","floor":19,"turns":7},{"damage":48,"enemies":"Slavers","floor":24,"turns":5},{"damage":0,"enemies":"Sentry and Sphere","floor":29,"turns":5},{"damage":15,"enemies":"Snake Plant","floor":31,"turns":4},{"damage":42,"enemies":"Automaton","floor":33,"turns":9},{"damage":45,"enemies":"3 Darklings","floor":35,"turns":5},{"damage":12,"enemies":"3 Shapes","floor":37,"turns":3},{"damage":13,"enemies":"3 Darklings","floor":39,"turns":4},{"damage":4,"enemies":"Sphere and 2 Shapes","floor":41,"turns":6},{"damage":37,"enemies":"Nemesis","floor":45,"turns":7},{"damage":59,"enemies":"Awakened One","floor":50,"turns":3}],"seed_played":"8547131097761551648","potions_obtained":[{"floor":3,"key":"AttackPotion"},{"floor":5,"key":"Ancient Potion"},{"floor":11,"key":"PowerPotion"},{"floor":16,"key":"Weak Potion"},{"floor":19,"key":"Swift Potion"},{"floor":24,"key":"FearPotion"},{"floor":27,"key":"Dexterity Potion"},{"floor":27,"key":"Weak Potion"},{"floor":35,"key":"Energy Potion"},{"floor":37,"key":"Block Potion"},{"floor":39,"key":"SneckoOil"},{"floor":41,"key":"SpeedPotion"},{"floor":45,"key":"Explosive Potion"}],"is_trial":false,"path_per_floor":["M","M","M","M","M","?","$","M","T","R","M","T","?","?","R","B",null,"M","M","?","$","?","R","E","R","T","?","R","M","?","M","R","B",null,"M","$","M","?","M","R","M","?","T","?","E","R","?","?","R","B"],"character_chosen":"DEFECT","items_purchased":["Juzu Bracelet","Membership Card","Apotheosis+1","Storm"],"campfire_rested":6,"item_purchase_floors":[7,21,36,36],"current_hp_per_floor":[74,71,66,62,60,60,60,55,55,55,44,44,29,29,29,24,75,50,46,30,30,30,52,6,28,28,28,50,52,52,39,61,21,75,30,30,20,66,53,53,51,51,51,51,16,35,35,27,46,0],"gold":116,"neow_bonus":"RANDOM_COLORLESS","is_prod":false,"is_daily":false,"chose_seed":false,"campfire_upgraded":3,"win_rate":0,"timestamp":1546208046,"path_taken":["M","M","?","M","M","?","?","M","T","R","M","?","?","?","R","BOSS","M","M","?","$","?","R","E","R","T","?","R","M","?","M","R","BOSS","M","$","M","?","M","R","M","?","T","?","E","R","?","?","R","BOSS"],"build_version":"2018-12-25","purchased_purges":0,"victory":false,"max_hp_per_floor":[75,75,75,75,75,75,75,75,75,75,75,75,75,75,75,75,75,75,75,75,75,75,75,75,75,75,75,75,75,75,75,75,75,75,75,75,75,66,66,66,66,66,66,66,66,66,66,66,66,66],"card_choices":[{"not_picked":["Redo","Cold Snap"],"picked":"Go for the Eyes","floor":1},{"not_picked":["Hologram","Stack"],"picked":"Undo","floor":2},{"not_picked":["Steam","Redo"],"picked":"Capacitor","floor":3},{"not_picked":["Rebound","Lockon"],"picked":"Creative AI","floor":4},{"not_picked":["Stack","Fusion"],"picked":"Consume","floor":5},{"not_picked":["Compile Driver","Barrage"],"picked":"Conserve Battery","floor":8},{"not_picked":["Self Repair","Reinforced Body"],"picked":"Conserve Battery","floor":11},{"not_picked":["Fission","Core Surge"],"picked":"Biased Cognition","floor":16},{"not_picked":["Scrape+1","Rebound+1"],"picked":"Blizzard","floor":18},{"not_picked":["Gash","Fusion+1"],"picked":"Storm+1","floor":19},{"not_picked":["Leap","Streamline"],"picked":"Stack","floor":24},{"not_picked":["Steam+1","Electrodynamics"],"picked":"Storm+1","floor":29},{"not_picked":["Steam Power+1","Streamline"],"picked":"Go for the Eyes","floor":31},{"not_picked":["Hyperbeam","Amplify+1"],"picked":"Echo Form","floor":33},{"not_picked":["Hologram+1","Tempest+1"],"picked":"Conserve Battery+1","floor":35},{"not_picked":["Sweeping Beam","Tempest+1"],"picked":"Hologram+1","floor":37},{"not_picked":["Gash+1","All For One","Barrage+1"],"picked":"SKIP","floor":39},{"not_picked":["Rip and Tear","Leap+1"],"picked":"Heatsinks+1","floor":41},{"not_picked":["Genetic Algorithm+1","BootSequence+1"],"picked":"Storm+1","floor":45}],"player_experience":698411,"relics_obtained":[{"floor":9,"key":"Blue Candle"},{"floor":12,"key":"Blood Vial"},{"floor":20,"key":"Enchiridion"},{"floor":24,"key":"Toxic Egg 2"},{"floor":26,"key":"Lantern"},{"floor":42,"key":"Ginger"},{"floor":45,"key":"Emotion Chip"}],"event_choices":[{"damage_healed":0,"gold_gain":0,"player_choice":"1 cards matched","damage_taken":0,"max_hp_gain":0,"max_hp_loss":0,"event_name":"Match and Keep!","floor":6,"gold_loss":0,"cards_obtained":["Coolheaded"]},{"damage_healed":0,"gold_gain":0,"player_choice":"Entered Light","damage_taken":15,"max_hp_gain":0,"max_hp_loss":0,"event_name":"Shining Light","floor":13,"gold_loss":0,"cards_upgraded":["Capacitor","Conserve Battery"]},{"cards_removed":["Strike_B"],"damage_healed":0,"gold_gain":0,"player_choice":"Offered Basic","damage_taken":0,"max_hp_gain":0,"max_hp_loss":0,"event_name":"Bonfire Elementals","floor":14,"gold_loss":0},{"damage_healed":0,"gold_gain":0,"player_choice":"Obtained Book","damage_taken":16,"max_hp_gain":0,"max_hp_loss":0,"event_name":"Cursed Tome","floor":20,"gold_loss":0},{"damage_healed":0,"gold_gain":0,"player_choice":"Ignored","damage_taken":0,"max_hp_gain":0,"max_hp_loss":0,"event_name":"Beggar","floor":22,"gold_loss":0},{"damage_healed":0,"gold_gain":0,"player_choice":"Got Potions","damage_taken":0,"max_hp_gain":0,"max_hp_loss":0,"event_name":"Lab","floor":27,"gold_loss":0},{"damage_healed":0,"gold_gain":0,"player_choice":"Obtained Relic","damage_taken":0,"relics_obtained":["Pen Nib"],"max_hp_gain":0,"max_hp_loss":0,"event_name":"Addict","floor":30,"gold_loss":85},{"damage_healed":66,"gold_gain":0,"player_choice":"Heal","damage_taken":0,"max_hp_gain":0,"max_hp_loss":9,"event_name":"The Moai Head","floor":38,"gold_loss":0},{"damage_healed":0,"gold_gain":0,"player_choice":"Relic","damage_taken":0,"max_hp_gain":0,"max_hp_loss":0,"event_name":"Wheel of Change","floor":42,"gold_loss":0},{"damage_healed":0,"gold_gain":0,"player_choice":"Ignored","damage_taken":0,"max_hp_gain":0,"max_hp_loss":0,"event_name":"Mysterious Sphere","floor":44,"gold_loss":0},{"damage_healed":0,"gold_gain":0,"player_choice":"Ignored","damage_taken":0,"max_hp_gain":0,"max_hp_loss":0,"event_name":"Tomb of Lord Red Mask","floor":47,"gold_loss":0},{"damage_healed":0,"gold_gain":0,"player_choice":"Embrace Madness","damage_taken":8,"max_hp_gain":0,"max_hp_loss":0,"event_name":"Winding Halls","floor":48,"gold_loss":0,"cards_obtained":["Madness","Madness"]}],"is_beta":true,"boss_relics":[{"not_picked":["Cursed Key","Lizard Tail"],"picked":"Pandora\u0027s Box"},{"not_picked":["Velvet Choker","Sozu"],"picked":"White Beast Statue"}],"items_purged_floors":[],"is_endless":false,"potions_floor_spawned":[3,5,11,16,19,24,29,35,37,39,41,45],"killed_by":"Awakened One","ascension_level":0}