{"gold_per_floor":[119,129,141,66,76,76,103,119,167,183,195,195,206,218,218,323,323,337,350,350,367,383,383,395,41,41,53,65,94,206,2,2,102,102,113,113,0,17,17,17,34,48,75,75],"floor_reached":44,"playtime":6302,"items_purged":["Doubt","Strike_G"],"score":418,"play_id":"85a6d1f6-f93f-4e50-a1f2-abf66ec46f6e","local_time":"20190704222856","is_ascension_mode":false,"campfire_choices":[{"data":"Acrobatics","floor":6,"key":"SMITH"},{"data":"Prepared","floor":12,"key":"SMITH"},{"data":"Calculated Gamble","floor":15,"key":"SMITH"},{"floor":23,"key":"REST"},{"floor":27,"key":"REST"},{"floor":32,"key":"REST"},{"data":"A Thousand Cuts","floor":40,"key":"SMITH"}],"neow_cost":"CURSE","seed_source_timestamp":1063877668601006,"circlet_count":0,"master_deck":["Strike_G","Strike_G","Strike_G","Defend_G","Defend_G","Defend_G","Defend_G+1","Defend_G","Survivor+1","Neutralize","Underhanded Strike","Acrobatics+1","Prepared+1","Footwork","Tactician","Outmaneuver","Underhanded Strike","Calculated Gamble+1","A Thousand Cuts+1","Deflect","Footwork+1","Backflip","Adrenaline","Apotheosis","Infinite Blades","Infinite Blades","Reflex+1","Mayhem","Venomology+1","Acrobatics+1","Acrobatics+1"],"relics":["Ring of the Snake","Thread and Needle","Letter Opener","War Paint","Philosopher\u0027s Stone","MawBank","Pocketwatch","Toxic Egg 2","Coffee Dripper","Red Mask","Snake Skull"],"potions_floor_usage":[16,16,21,22,24,30,35,35,38,42,44],"damage_taken":[{"damage":0,"enemies":"2 Louse","floor":1,"turns":4},{"damage":0,"enemies":"Jaw Worm","floor":2,"turns":3},{"damage":0,"enemies":"Small Slimes","floor":3,"turns":4},{"damage":0,"enemies":"Blue Slaver","floor":5,"turns":4},{"damage":20,"enemies":"3 Sentries","floor":7,"turns":13},{"damage":0,"enemies":"Looter","floor":8,"turns":3},{"damage":0,"enemies":"2 Fungi Beasts","floor":10,"turns":4},{"damage":1,"enemies":"Blue Slaver","floor":11,"turns":4},{"damage":6,"enemies":"Exordium Wildlife","floor":13,"turns":5},{"damage":0,"enemies":"2 Fungi Beasts","floor":14,"turns":3},{"damage":33,"enemies":"The Guardian","floor":16,"turns":19},{"damage":21,"enemies":"3 Byrds","floor":18,"turns":4},{"damage":0,"enemies":"Shell Parasite","floor":19,"turns":10},{"damage":18,"enemies":"Sentry and Sphere","floor":21,"turns":8},{"damage":3,"enemies":"3 Cultists","floor":22,"turns":5},{"damage":3,"enemies":"Snake Plant","floor":24,"turns":4},{"damage":2,"enemies":"Snecko","floor":29,"turns":6},{"damage":0,"enemies":"Colosseum Slavers","floor":30,"turns":5},{"damage":46,"enemies":"Colosseum Nobs","floor":30,"turns":6},{"damage":4,"enemies":"Collector","floor":33,"turns":7},{"damage":11,"enemies":"3 Shapes","floor":35,"turns":5},{"damage":8,"enemies":"3 Darklings","floor":38,"turns":5},{"damage":0,"enemies":"Maw","floor":41,"turns":8},{"damage":9,"enemies":"4 Shapes","floor":42,"turns":3},{"damage":48,"enemies":"Sphere and 2 Shapes","floor":44,"turns":3}],"seed_played":"1650894427051079908","potions_obtained":[{"floor":8,"key":"SkillPotion"},{"floor":10,"key":"Poison Potion"},{"floor":11,"key":"PowerPotion"},{"floor":16,"key":"LiquidBronze"},{"floor":18,"key":"LiquidBronze"},{"floor":21,"key":"Poison Potion"},{"floor":33,"key":"FearPotion"},{"floor":35,"key":"FearPotion"},{"floor":41,"key":"SteroidPotion"}],"is_trial":false,"path_per_floor":["M","M","M","$","M","R","E","M","T","M","M","R","M","M","R","B",null,"M","M","?","M","M","R","M","$","T","R","?","M","?","$","R","B",null,"M","?","?","M","$","R","M","M","T","M"],"character_chosen":"THE_SILENT","items_purchased":["Apotheosis","Infinite Blades","Reflex+1","Mayhem"],"campfire_rested":3,"item_purchase_floors":[25,25,31,31],"current_hp_per_floor":[70,70,70,70,70,70,50,50,50,50,49,49,43,43,43,10,70,49,49,49,31,28,49,46,46,46,67,67,65,19,19,40,36,70,59,59,59,51,51,51,51,42,42,0],"gold":75,"neow_bonus":"ONE_RARE_RELIC","is_prod":false,"is_daily":false,"chose_seed":false,"campfire_upgraded":4,"win_rate":0.0,"timestamp":1562304536,"path_taken":["M","M","M","$","M","R","E","M","T","M","M","R","M","M","R","BOSS","M","M","?","M","M","R","M","$","T","R","?","M","?","?","R","BOSS","M","?","?","M","$","R","M","M","T","M"],"build_version":"2019-07-01","purchased_purges":2,"victory":false,"max_hp_per_floor":[70,70,70,70,70,70,70,70,70,70,70,70,70,70,70,70,70,70,70,70,70,70,70,70,70,70,70,70,70,70,70,70,70,70,70,70,70,70,70,70,70,70,70,70],"card_choices":[{"not_picked":["Dagger Throw","Blade Dance"],"picked":"Underhanded Strike","floor":1},{"not_picked":["PiercingWail","Dagger Spray"],"picked":"Acrobatics","floor":2},{"not_picked":["Bane","Catalyst","Bouncing Flask"],"picked":"SKIP","floor":3},{"not_picked":["Infinite Blades","Noxious Fumes"],"picked":"Prepared","floor":5},{"not_picked":["Leg Sweep","Backflip"],"picked":"Footwork","floor":7},{"not_picked":["Deadly Poison","Bane"],"picked":"Tactician","floor":8},{"not_picked":["Poisoned Stab","Prepared"],"picked":"Outmaneuver","floor":10},{"not_picked":["Blade Dance","Phantasmal Killer"],"picked":"Underhanded Strike","floor":11},{"not_picked":["Terror","Poisoned Stab","Flying Knee"],"picked":"SKIP","floor":13},{"not_picked":["Well Laid Plans","Poisoned Stab"],"picked":"Calculated Gamble","floor":14},{"not_picked":["Night Terror","Glass Knife"],"picked":"A Thousand Cuts","floor":16},{"not_picked":["Quick Slash","Well Laid Plans"],"picked":"Deflect","floor":18},{"not_picked":["Slice","Terror"],"picked":"Footwork+1","floor":19},{"not_picked":["Deflect","Poisoned Stab","PiercingWail+1"],"picked":"SKIP","floor":21},{"not_picked":["Dodge and Roll","Tactician"],"picked":"Backflip","floor":22},{"not_picked":["Catalyst+1","Bane"],"picked":"Adrenaline","floor":24},{"not_picked":["PiercingWail","Blade Dance+1"],"picked":"Infinite Blades","floor":29},{"not_picked":["Corpse Explosion+1","Night Terror+1"],"picked":"Venomology+1","floor":33},{"not_picked":["Calculated Gamble+1","Caltrops+1"],"picked":"Acrobatics+1","floor":35},{"not_picked":["Poisoned Stab+1","Terror+1","Backflip+1"],"picked":"SKIP","floor":38},{"not_picked":["Poisoned Stab+1","Deflect+1","Bane"],"picked":"SKIP","floor":41},{"not_picked":["Quick Slash+1","Footwork"],"picked":"Acrobatics+1","floor":42}],"player_experience":62531,"relics_obtained":[{"floor":7,"key":"Letter Opener"},{"floor":9,"key":"War Paint"},{"floor":26,"key":"MawBank"},{"floor":30,"key":"Pocketwatch"},{"floor":30,"key":"Toxic Egg 2"},{"floor":43,"key":"Snake Skull"}],"event_choices":[{"damage_healed":0,"gold_gain":0,"player_choice":"Ignored","damage_taken":0,"max_hp_gain":0,"max_hp_loss":0,"event_name":"Ghosts","floor":20,"gold_loss":0},{"damage_healed":0,"gold_gain":0,"player_choice":"Fight","damage_taken":0,"max_hp_gain":0,"max_hp_loss":0,"event_name":"Colosseum","floor":30,"gold_loss":0},{"damage_healed":0,"gold_gain":0,"player_choice":"Fought Nobs","damage_taken":0,"max_hp_gain":0,"max_hp_loss":0,"event_name":"Colosseum","floor":30,"gold_loss":0},{"cards_removed":["Strike_G"],"damage_healed":0,"gold_gain":0,"player_choice":"Removed Attack","damage_taken":0,"max_hp_gain":0,"max_hp_loss":0,"event_name":"Falling","floor":36,"gold_loss":0},{"damage_healed":0,"gold_gain":0,"player_choice":"Paid","damage_taken":0,"relics_obtained":["Red Mask"],"max_hp_gain":0,"max_hp_loss":0,"event_name":"Tomb of Lord Red Mask","floor":37,"gold_loss":113}],"is_beta":false,"boss_relics":[{"not_picked":["Orrery","Cursed Key"],"picked":"Philosopher\u0027s Stone"},{"not_picked":["Calling Bell","Velvet Choker"],"picked":"Coffee Dripper"}],"items_purged_floors":[4,25],"is_endless":false,"potions_floor_spawned":[8,10,11,13,14,16,18,21,30,33,35,41],"killed_by":"Sphere and 2 Shapes","ascension_level":0}