{"gold_per_floor":[109,129,140,140,159,159,12,12,12,12,12,32,44,76,76,180,180,199,219,219],"floor_reached":20,"playtime":2528,"items_purged":[],"score":194,"play_id":"e4738ef1-7818-4fc4-8af8-72db0fa81b6a","local_time":"20190723215518","is_ascension_mode":true,"campfire_choices":[{"data":"Dualcast","floor":6,"key":"SMITH"},{"data":"Zap","floor":10,"key":"SMITH"},{"data":"Sweeping Beam","floor":15,"key":"SMITH"}],"neow_cost":"NONE","seed_source_timestamp":1021895913572400,"circlet_count":0,"master_deck":["Strike_B","Strike_B","Strike_B","Defend_B","Defend_B","Defend_B","Defend_B","Zap+1","Dualcast+1","Sweeping Beam+1","Leap+1","Gash","All For One","Consume+1","Beam Cell"],"relics":["Cracked Core","NeowsBlessing","Orichalcum","Toxic Egg 2","Sundial","Art of War","Inserter"],"potions_floor_usage":[16,16],"damage_taken":[{"damage":0,"enemies":"Jaw Worm","floor":1,"turns":1},{"damage":0,"enemies":"Cultist","floor":2,"turns":1},{"damage":0,"enemies":"Small Slimes","floor":3,"turns":1},{"damage":3,"enemies":"Blue Slaver","floor":5,"turns":4},{"damage":0,"enemies":"Large Slime","floor":12,"turns":5},{"damage":0,"enemies":"3 Louse","floor":13,"turns":2},{"damage":10,"enemies":"3 Sentries","floor":14,"turns":7},{"damage":48,"enemies":"Hexaghost","floor":16,"turns":12},{"damage":6,"enemies":"Chosen","floor":18,"turns":4},{"damage":0,"enemies":"Spheric Guardian","floor":19,"turns":3},{"damage":28,"enemies":"Snake Plant","floor":20,"turns":4}],"seed_played":"-3372996949021542480","potions_obtained":[{"floor":3,"key":"SpeedPotion"},{"floor":5,"key":"Block Potion"},{"floor":14,"key":"Regen Potion"}],"is_trial":false,"path_per_floor":["M","M","M","?","M","R","$","?","T","R","T","M","M","E","R","B",null,"M","M","M"],"character_chosen":"DEFECT","items_purchased":["Orichalcum"],"campfire_rested":0,"item_purchase_floors":[7],"current_hp_per_floor":[75,75,75,75,72,72,72,77,77,77,77,77,77,67,67,19,80,74,74,46],"gold":219,"neow_bonus":"THREE_ENEMY_KILL","is_prod":false,"is_daily":false,"chose_seed":false,"campfire_upgraded":3,"win_rate":0,"timestamp":1563933318,"path_taken":["M","M","M","?","?","R","?","?","T","R","?","M","M","E","R","BOSS","M","M","M"],"build_version":"2019-07-17","purchased_purges":0,"victory":false,"max_hp_per_floor":[75,75,75,75,75,75,75,80,80,80,80,80,80,80,80,80,80,80,80,80],"card_choices":[{"not_picked":["Compile Driver","Turbo"],"picked":"Sweeping Beam","floor":1},{"not_picked":["Barrage","Stack","Go for the Eyes"],"picked":"SKIP","floor":2},{"not_picked":["Compile Driver","Redo","Amplify"],"picked":"SKIP","floor":3},{"not_picked":["Coolheaded","Stack","Scrape"],"picked":"SKIP","floor":5},{"not_picked":["Reprogram+1","Hologram+1"],"picked":"Leap+1","floor":12},{"not_picked":["Storm","Streamline"],"picked":"Gash","floor":13},{"not_picked":["Reprogram+1","Go for the Eyes","Force Field+1"],"picked":"SKIP","floor":14},{"not_picked":["Multi-Cast+1","Meteor Strike"],"picked":"All For One","floor":16},{"not_picked":["Coolheaded+1","Turbo+1"],"picked":"Consume+1","floor":18},{"not_picked":["Doom and Gloom","Aggregate+1"],"picked":"Beam Cell","floor":19}],"player_experience":789876,"relics_obtained":[{"floor":9,"key":"Toxic Egg 2"},{"floor":11,"key":"Sundial"},{"floor":14,"key":"Art of War"}],"event_choices":[{"cards_removed":["Strike_B"],"damage_healed":0,"gold_gain":0,"player_choice":"Offered Basic","damage_taken":0,"max_hp_gain":0,"max_hp_loss":0,"event_name":"Bonfire Elementals","floor":4,"gold_loss":0},{"damage_healed":0,"gold_gain":0,"player_choice":"Donut","damage_taken":0,"max_hp_gain":5,"max_hp_loss":0,"event_name":"Big Fish","floor":8,"gold_loss":0}],"is_beta":false,"boss_relics":[{"not_picked":["Coffee Dripper","Busted Crown"],"picked":"Inserter"}],"items_purged_floors":[],"is_endless":false,"potions_floor_spawned":[3,5,14],"killed_by":"Snake Plant","ascension_level":2}