{"path_per_floor":["M","?","M","M","?","E","R","?","T","M","R","M","M","M","R","B",null,"M","?","M","?","$","R","M"],"character_chosen":"DEFECT","items_purchased":["Symbiotic Virus"],"gold_per_floor":[111,111,129,149,224,259,259,289,289,301,301,320,336,354,354,459,459,477,477,488,413,169,169,185,185],"floor_reached":25,"campfire_rested":3,"playtime":1630,"current_hp_per_floor":[67,67,61,61,50,26,48,48,48,40,40,33,25,11,48,32,75,42,28,22,22,22,61,19,0],"items_purged":[],"gold":185,"score":226,"play_id":"5fb1d980-5b52-4c0f-800a-22c6a531a801","local_time":"20180511145926","is_prod":false,"is_daily":false,"chose_seed":false,"is_ascension_mode":true,"campfire_upgraded":1,"timestamp":1526065166,"path_taken":["M","?","M","M","?","E","R","?","T","?","R","M","M","?","R","BOSS","M","?","M","?","$","R","?","M"],"build_version":"2018-05-10","seed_source_timestamp":72317335809787,"purchased_purges":1,"victory":false,"master_deck":["Strike_B","Strike_B","Strike_B","Strike_B","Defend_B","Defend_B","Defend_B","Defend_B","Zap","Dualcast","Go for the Eyes+1","Sweeping Beam","Beam Cell","Coolheaded","Cold Snap","Go for the Eyes","Machine Learning","Creative AI","White Noise","FTL","Turbo+1"],"max_hp_per_floor":[75,75,75,75,75,75,75,75,75,75,75,75,75,75,75,75,75,75,80,80,80,80,80,80,80],"relics":["Cracked Core","Lantern","Kunai","Pantograph","Regal Pillow","Cables","Inserter","Symbiotic Virus"],"card_choices":[{"not_picked":["Stack","Streamline"],"picked":"Go for the Eyes","floor":1},{"not_picked":["Barrage","Skim"],"picked":"Sweeping Beam","floor":3},{"not_picked":["Turbo","Sunder"],"picked":"Beam Cell","floor":4},{"not_picked":["Capacitor","Leap"],"picked":"Coolheaded","floor":10},{"not_picked":["Capacitor","Streamline"],"picked":"Cold Snap","floor":12},{"not_picked":["Darkness","Axe Kick"],"picked":"Go for the Eyes","floor":13},{"not_picked":["Impulse","Defragment"],"picked":"Machine Learning","floor":14},{"not_picked":["Meteor Strike","Echo Form"],"picked":"Creative AI","floor":16},{"not_picked":["Cold Snap","Self Repair"],"picked":"White Noise","floor":18},{"not_picked":["Leap","Ball Lightning"],"picked":"FTL","floor":20},{"not_picked":["Axe Kick","Chill"],"picked":"Turbo","floor":24}],"player_experience":64933,"potions_floor_usage":[16,20,24,24],"damage_taken":[{"damage":8,"enemies":"2 Louse","floor":1,"turns":2},{"damage":6,"enemies":"Cultist","floor":3,"turns":4},{"damage":0,"enemies":"Small Slimes","floor":4,"turns":2},{"damage":24,"enemies":"Gremlin Nob","floor":6,"turns":5},{"damage":8,"enemies":"Exordium Wildlife","floor":10,"turns":5},{"damage":7,"enemies":"2 Fungi Beasts","floor":12,"turns":3},{"damage":8,"enemies":"3 Louse","floor":13,"turns":3},{"damage":14,"enemies":"Exordium Thugs","floor":14,"turns":4},{"damage":41,"enemies":"The Guardian","floor":16,"turns":12},{"damage":33,"enemies":"Spheric Guardian","floor":18,"turns":7},{"damage":6,"enemies":"Shell Parasite","floor":20,"turns":6},{"damage":42,"enemies":"3 Cultists","floor":24,"turns":6},{"damage":19,"enemies":"Snake Plant","floor":25,"turns":1}],"event_choices":[{"event_name":"Accursed Blacksmith","player_choice":"Rummage","floor":2,"damage_taken":0},{"event_name":"World of Goop","player_choice":"Gather Gold","floor":5,"damage_taken":0},{"event_name":"Dead Adventurer","player_choice":"Searched \u00272\u0027 times","floor":8,"damage_taken":0},{"event_name":"Forgotten Altar","player_choice":"Shed Blood","floor":19,"damage_taken":0},{"event_name":"Beggar","player_choice":"Gave Gold","floor":21,"damage_taken":0}],"boss_relics":[{"not_picked":["Runic Dome","Sozu"],"picked":"Inserter"}],"potions_floor_spawned":[6,12,14,16,24],"seed_played":"-2385631488307457839","killed_by":"Snake Plant","ascension_level":2,"is_trial":false}