{"gold_per_floor":[368,379,554,629,19,44,44,44],"floor_reached":8,"playtime":329,"items_purged":["Doubt"],"score":65,"play_id":"06966955-e2bb-4b60-b10f-fcd6c0062284","local_time":"20190708191446","is_ascension_mode":true,"campfire_choices":[],"neow_cost":"TEN_PERCENT_HP_LOSS","seed_source_timestamp":11760348907000,"circlet_count":0,"master_deck":["Strike_R","Strike_R","Strike_R","Strike_R","Strike_R","Defend_R","Defend_R","Defend_R","Defend_R","Bash","Intimidate","Pommel Strike","Immolate","Flex","Cloak And Dagger","Injury"],"relics":["Burning Blood","Lantern","PrismaticShard","Blue Candle","Golden Idol"],"potions_floor_usage":[6],"damage_taken":[{"damage":0,"enemies":"Small Slimes","floor":1,"turns":3},{"damage":11,"enemies":"2 Louse","floor":2,"turns":4},{"damage":29,"enemies":"Lagavulin","floor":6,"turns":5},{"damage":37,"enemies":"Gremlin Nob","floor":8,"turns":4}],"seed_played":"4315406698432066527","potions_obtained":[{"floor":2,"key":"SkillPotion"}],"is_trial":false,"path_per_floor":["M","M","?","?","$","E","?","E"],"character_chosen":"IRONCLAD","items_purchased":["Lantern","PrismaticShard","Immolate","Flex"],"campfire_rested":0,"item_purchase_floors":[5,5,5,5],"current_hp_per_floor":[72,67,67,56,56,33,33,0],"gold":44,"neow_bonus":"TWO_FIFTY_GOLD","is_prod":false,"is_daily":false,"chose_seed":false,"campfire_upgraded":0,"win_rate":0,"timestamp":1562627686,"path_taken":["M","M","?","?","$","E","?","E"],"build_version":"2019-07-05","purchased_purges":1,"victory":false,"max_hp_per_floor":[72,72,72,72,72,72,72,72],"card_choices":[{"not_picked":["Clash","Infernal Blade"],"picked":"Intimidate","floor":1},{"not_picked":["Rage","Rupture"],"picked":"Pommel Strike","floor":2},{"not_picked":["Fire Breathing","Disarm"],"picked":"Cloak And Dagger","floor":6}],"player_experience":541307,"relics_obtained":[{"floor":6,"key":"Blue Candle"}],"event_choices":[{"damage_healed":0,"gold_gain":175,"player_choice":"AGREE","damage_taken":0,"max_hp_gain":0,"max_hp_loss":0,"event_name":"Liars Game","floor":3,"gold_loss":0,"cards_obtained":["Doubt"]},{"damage_healed":0,"gold_gain":75,"player_choice":"Gather Gold","damage_taken":11,"max_hp_gain":0,"max_hp_loss":0,"event_name":"World of Goop","floor":4,"gold_loss":0},{"damage_healed":0,"gold_gain":0,"player_choice":"Take Wound","damage_taken":0,"relics_obtained":["Golden Idol"],"max_hp_gain":0,"max_hp_loss":0,"event_name":"Golden Idol","floor":7,"gold_loss":0,"cards_obtained":["Injury"]}],"is_beta":false,"boss_relics":[],"items_purged_floors":[5],"is_endless":false,"potions_floor_spawned":[2],"killed_by":"Gremlin Nob","ascension_level":4}