{"gold_per_floor":[116,116,131,144,69,69,100,100,100,10,10,26,41,41,41,145,145,157,174,27,27,0,0,19,19,19,19,34,49,148,163,163,263,263,276,276,93,107,121,121],"floor_reached":40,"playtime":16486,"items_purged":["Strike_B","Strike_B"],"score":482,"play_id":"a9ea9e84-c8ee-439c-bd77-313960d6dab1","local_time":"20190719200014","is_ascension_mode":true,"campfire_choices":[{"data":"Zap","floor":6,"key":"SMITH"},{"data":"Dualcast","floor":8,"key":"SMITH"},{"data":"Redo","floor":11,"key":"SMITH"},{"data":"Go for the Eyes","floor":15,"key":"SMITH"},{"data":"Leap","floor":23,"key":"SMITH"},{"data":"Swift Strike","floor":25,"key":"SMITH"},{"data":"Sweeping Beam","floor":32,"key":"SMITH"}],"neow_cost":"PERCENT_DAMAGE","seed_source_timestamp":655391552571000,"circlet_count":0,"master_deck":["Strike_B","Defend_B+1","Defend_B","Defend_B","Defend_B","Zap+1","Dualcast+1","Chill","Redo+1","Gash","Leap+1","Swift Strike+1","Go for the Eyes+1","Core Surge","Go for the Eyes","BootSequence","Sweeping Beam+1","Gash","Echo Form","Redo+1","Impatience+1","Chill+1"],"relics":["Cracked Core","Unceasing Top","Singing Bowl","Matryoshka","Eternal Feather","Bag of Marbles","Omamori","Toxic Egg 2","Bag of Preparation","Symbiotic Virus","Lizard Tail"],"potions_floor_usage":[16,16,33,33,38,38,39,39],"damage_taken":[{"damage":0,"enemies":"2 Louse","floor":1,"turns":3},{"damage":0,"enemies":"Cultist","floor":3,"turns":3},{"damage":5,"enemies":"Jaw Worm","floor":4,"turns":4},{"damage":18,"enemies":"3 Sentries","floor":7,"turns":10},{"damage":6,"enemies":"Lots of Slimes","floor":12,"turns":3},{"damage":0,"enemies":"Exordium Wildlife","floor":13,"turns":3},{"damage":0,"enemies":"Hexaghost","floor":16,"turns":9},{"damage":15,"enemies":"2 Thieves","floor":18,"turns":4},{"damage":0,"enemies":"Spheric Guardian","floor":19,"turns":3},{"damage":3,"enemies":"Centurion and Healer","floor":24,"turns":6},{"damage":2,"enemies":"Snecko","floor":28,"turns":4},{"damage":9,"enemies":"3 Cultists","floor":29,"turns":5},{"damage":0,"enemies":"Chosen and Byrds","floor":31,"turns":4},{"damage":10,"enemies":"Collector","floor":33,"turns":9},{"damage":5,"enemies":"3 Shapes","floor":35,"turns":5},{"damage":1,"enemies":"3 Darklings","floor":38,"turns":4},{"damage":9,"enemies":"Maw","floor":39,"turns":6},{"damage":62,"enemies":"Nemesis","floor":40,"turns":5}],"seed_played":"-873171825000854530","potions_obtained":[{"floor":1,"key":"Poison Potion"},{"floor":12,"key":"Strength Potion"},{"floor":18,"key":"Block Potion"},{"floor":31,"key":"AttackPotion"},{"floor":33,"key":"Explosive Potion"},{"floor":35,"key":"GamblersBrew"},{"floor":36,"key":"Block Potion"},{"floor":38,"key":"Energy Potion"}],"is_trial":false,"path_per_floor":["M","?","M","M","$","R","E","R","T","$","R","M","M","?","R","B",null,"M","M","$","$","?","R","M","R","T","T","M","M","?","M","R","B",null,"M","?","$","M","M","E"],"character_chosen":"DEFECT","items_purchased":["Swift Strike","Bag of Marbles","Impatience+1"],"campfire_rested":0,"item_purchase_floors":[10,20,37],"current_hp_per_floor":[54,54,54,49,49,49,31,31,31,31,31,27,27,27,27,27,77,64,64,64,64,64,73,70,79,79,79,77,68,68,70,79,69,81,76,76,76,77,68,6],"gold":121,"neow_bonus":"ONE_RARE_RELIC","is_prod":false,"is_daily":false,"chose_seed":false,"campfire_upgraded":7,"win_rate":0,"timestamp":1563580814,"path_taken":["M","?","?","M","$","R","E","R","T","$","R","M","M","?","R","BOSS","M","M","?","$","?","R","M","R","T","?","?","M","?","M","R","BOSS","M","?","?","?","M","E"],"build_version":"2019-07-17","purchased_purges":2,"victory":false,"max_hp_per_floor":[75,75,75,75,75,75,75,75,75,75,75,77,77,77,77,77,77,79,79,79,79,79,79,79,79,79,79,79,79,79,81,81,81,81,81,81,81,83,83,83],"card_choices":[{"not_picked":["Auto Shields","Ball Lightning"],"picked":"Chill","floor":1},{"not_picked":["Leap","Hologram"],"picked":"Redo","floor":3},{"not_picked":["Reprogram","Doom and Gloom"],"picked":"Gash","floor":4},{"not_picked":["Hello World","Darkness"],"picked":"Leap","floor":7},{"not_picked":["Amplify","Heatsinks","Redo"],"picked":"Singing Bowl","floor":12},{"not_picked":["Rip and Tear","Sunder"],"picked":"Go for the Eyes","floor":13},{"not_picked":["Biased Cognition","Reboot"],"picked":"Core Surge","floor":16},{"not_picked":["Recycle","Barrage","Skim+1"],"picked":"Singing Bowl","floor":18},{"not_picked":["Auto Shields+1","Coolheaded"],"picked":"Go for the Eyes","floor":19},{"not_picked":["Turbo","Defragment"],"picked":"BootSequence","floor":24},{"not_picked":["Rebound","Steam+1"],"picked":"Sweeping Beam","floor":28},{"not_picked":["Meteor Strike","Steam+1"],"picked":"Gash","floor":29},{"not_picked":["Coolheaded+1","Hologram+1","Ball Lightning"],"picked":"Singing Bowl","floor":31},{"not_picked":["Meteor Strike","Amplify+1"],"picked":"Echo Form","floor":33},{"not_picked":["Steam+1","Coolheaded+1"],"picked":"Redo+1","floor":35},{"not_picked":["Streamline+1","Sweeping Beam","Lockon+1"],"picked":"Singing Bowl","floor":38},{"not_picked":["Reinforced Body+1","Doom and Gloom+1"],"picked":"Chill+1","floor":39}],"player_experience":756547,"relics_obtained":[{"floor":7,"key":"Singing Bowl"},{"floor":9,"key":"Matryoshka"},{"floor":26,"key":"Omamori"},{"floor":26,"key":"Toxic Egg 2"},{"floor":27,"key":"Bag of Preparation"},{"floor":27,"key":"Symbiotic Virus"}],"event_choices":[{"cards_removed":["Strike_B"],"damage_healed":0,"gold_gain":0,"player_choice":"Offered Basic","damage_taken":0,"max_hp_gain":0,"max_hp_loss":0,"event_name":"Bonfire Elementals","floor":2,"gold_loss":0},{"damage_healed":0,"gold_gain":0,"player_choice":"Forge","damage_taken":0,"max_hp_gain":0,"max_hp_loss":0,"event_name":"Accursed Blacksmith","floor":14,"gold_loss":0,"cards_upgraded":["Defend_B"]},{"damage_healed":0,"gold_gain":0,"player_choice":"Paid Fearfully","damage_taken":0,"max_hp_gain":0,"max_hp_loss":0,"event_name":"Masked Bandits","floor":22,"gold_loss":27},{"damage_healed":0,"gold_gain":99,"player_choice":"Stole From Cult","damage_taken":0,"max_hp_gain":0,"max_hp_loss":0,"event_name":"Nest","floor":30,"gold_loss":0},{"damage_healed":0,"gold_gain":0,"player_choice":"Got Potions","damage_taken":0,"max_hp_gain":0,"max_hp_loss":0,"event_name":"Lab","floor":36,"gold_loss":0}],"is_beta":false,"boss_relics":[{"not_picked":["Pandora\u0027s Box","Busted Crown"],"picked":"Eternal Feather"},{"not_picked":["Black Star","Velvet Choker"],"picked":"Lizard Tail"}],"items_purged_floors":[5,37],"is_endless":false,"potions_floor_spawned":[1,12,18,31,33,35,38],"killed_by":"Nemesis","ascension_level":2}