{"gold_per_floor":[109,122,142,155,105,138,138,170,170,170,186,196,196,226,226,226],"floor_reached":16,"playtime":1340,"items_purged":[],"score":128,"play_id":"0ce7c85d-9370-4cdc-814c-3b5a7f8bfd27","local_time":"20190715155129","is_ascension_mode":true,"campfire_choices":[{"floor":7,"key":"REST"},{"floor":13,"key":"REST"},{"floor":15,"key":"REST"}],"neow_cost":"NONE","seed_source_timestamp":0,"circlet_count":0,"master_deck":["Strike_G","Strike_G","Strike_G","Strike_G","Defend_G","Defend_G","Defend_G","Defend_G","Defend_G","Survivor","Neutralize+1","Deflect","Quick Slash","Dagger Spray","Expertise","Adrenaline","Acrobatics","Backflip","Riddle With Holes"],"special_seed":0,"relics":["Ring of the Snake","Darkstone Periapt","Du-Vu Doll","Bottled Flame","Singing Bowl"],"potions_floor_usage":[3,6,14],"damage_taken":[{"damage":0.0,"enemies":"Small Slimes","floor":1.0,"turns":4.0},{"damage":0,"enemies":"Jaw Worm","floor":2,"turns":6},{"damage":0,"enemies":"Cultist","floor":3,"turns":3},{"damage":0,"enemies":"Looter","floor":4,"turns":3},{"damage":30,"enemies":"Gremlin Nob","floor":6,"turns":5},{"damage":26,"enemies":"Lagavulin","floor":8,"turns":11},{"damage":21,"enemies":"Exordium Thugs","floor":11,"turns":6},{"damage":0,"enemies":"Exordium Wildlife","floor":12,"turns":3},{"damage":25,"enemies":"Gremlin Nob","floor":14,"turns":5},{"damage":32,"enemies":"Hexaghost","floor":16,"turns":11}],"seed_played":"7237236738065359774","potions_obtained":[{"floor":1.0,"key":"Swift Potion"},{"floor":2,"key":"GamblersBrew"},{"floor":11,"key":"Energy Potion"}],"is_trial":false,"path_per_floor":["M","M","M","M","?","E","R","E","T","?","M","M","R","E","R","B"],"character_chosen":"THE_SILENT","items_purchased":[],"campfire_rested":3,"item_purchase_floors":[],"current_hp_per_floor":[70,70,70,70,70,40,61,35,35,35,14,14,35,10,31,0],"gold":226,"neow_bonus":"UPGRADE_CARD","is_prod":false,"is_daily":false,"chose_seed":false,"campfire_upgraded":0,"win_rate":0,"timestamp":1563223889,"path_taken":["M","M","M","M","?","E","R","E","T","?","M","M","R","E","R","BOSS"],"build_version":"2019-07-05","purchased_purges":0,"victory":false,"max_hp_per_floor":[70,70,70,70,70,70,70,70,70,70,70,70,70,70,70,70],"card_choices":[{"not_picked":["Finisher","Underhanded Strike"],"picked":"Deflect","floor":1.0},{"not_picked":["Choke","Footwork"],"picked":"Quick Slash","floor":2},{"not_picked":["Storm of Steel","Masterful Stab"],"picked":"Dagger Spray","floor":3},{"not_picked":["Choke","Catalyst"],"picked":"Expertise","floor":4},{"not_picked":["Footwork","Bane","Tactician"],"picked":"SKIP","floor":6},{"not_picked":["Flying Knee","Accuracy"],"picked":"Adrenaline","floor":8},{"not_picked":["PiercingWail","Dagger Spray"],"picked":"Acrobatics","floor":11},{"not_picked":["Cloak And Dagger","Crippling Poison"],"picked":"Backflip","floor":12},{"not_picked":["Quick Slash","Prepared"],"picked":"Riddle With Holes","floor":14}],"player_experience":173434,"relics_obtained":[{"floor":6,"key":"Darkstone Periapt"},{"floor":8,"key":"Du-Vu Doll"},{"floor":9,"key":"Bottled Flame"},{"floor":14,"key":"Singing Bowl"}],"event_choices":[{"cards_removed":["Strike_G"],"damage_healed":0,"gold_gain":0,"player_choice":"Card Removal","damage_taken":0,"max_hp_gain":0,"max_hp_loss":0,"event_name":"The Cleric","floor":5,"gold_loss":50},{"damage_healed":0,"gold_gain":0,"player_choice":"0 cards matched","damage_taken":0,"max_hp_gain":0,"max_hp_loss":0,"event_name":"Match and Keep!","floor":10,"gold_loss":0,"cards_obtained":[]}],"is_beta":false,"boss_relics":[],"items_purged_floors":[],"is_endless":false,"potions_floor_spawned":[1,2,11],"killed_by":"Hexaghost","ascension_level":1}