{"gold_per_floor":[113,129,304,304,304,340,340,361,361,381,8,32,67,91,91,219,219,210,210,210,234,35,35,71,91,91,91,91,91,91],"floor_reached":30,"playtime":2335,"items_purged":["Doubt"],"score":258,"play_id":"6ea6b6ff-8043-43cc-87c7-7e539933db31","local_time":"20190626165117","is_ascension_mode":false,"campfire_choices":[{"data":"1","floor":7,"key":"LIFT"},{"floor":15,"key":"REST"},{"data":"2","floor":23,"key":"LIFT"},{"floor":27,"key":"REST"}],"neow_cost":"NONE","seed_source_timestamp":0,"circlet_count":0,"master_deck":["Strike_R","Strike_R","Strike_R","Strike_R","Defend_R","Defend_R","Defend_R","Defend_R","Bash","Shrug It Off","Sword Boomerang","Iron Wave","Inflame","Thunderclap","Berserk+1","Entrench","Demon Form+1","Thunderclap","Heavy Blade+1","Uppercut","Fire Breathing+1","Whirlwind","Body Slam","Flame Barrier","Double Tap","Ghostly Armor","Impervious","Inflame+1"],"special_seed":0,"relics":["Burning Blood","Golden Idol","Girya","Letter Opener","Thread and Needle","Frozen Egg 2","Orrery","MutagenicStrength","Gremlin Horn"],"potions_floor_usage":[6,16,16,25,30],"damage_taken":[{"damage":9.0,"enemies":"Jaw Worm","floor":1.0,"turns":5.0},{"damage":0.0,"enemies":"2 Louse","floor":2.0,"turns":3.0},{"damage":42,"enemies":"3 Sentries","floor":6,"turns":13},{"damage":0,"enemies":"Small Slimes","floor":8,"turns":4},{"damage":12,"enemies":"Exordium Wildlife","floor":10,"turns":6},{"damage":0,"enemies":"3 Louse","floor":12,"turns":3},{"damage":32,"enemies":"Lagavulin","floor":13,"turns":9},{"damage":4,"enemies":"Gremlin Gang","floor":14,"turns":4},{"damage":22,"enemies":"The Guardian","floor":16,"turns":13},{"damage":18,"enemies":"2 Thieves","floor":18,"turns":4},{"damage":17,"enemies":"Shell Parasite","floor":21,"turns":5},{"damage":69,"enemies":"Book of Stabbing","floor":24,"turns":6},{"damage":12,"enemies":"Snecko","floor":25,"turns":5},{"damage":39,"enemies":"Slavers","floor":30,"turns":2}],"seed_played":"1531527723709193176","potions_obtained":[{"floor":2.0,"key":"LiquidBronze"},{"floor":5.0,"key":"FairyPotion"},{"floor":5.0,"key":"Fire Potion"},{"floor":12,"key":"GamblersBrew"},{"floor":13,"key":"SkillPotion"},{"floor":24,"key":"Strength Potion"},{"floor":25,"key":"AttackPotion"}],"is_trial":false,"path_per_floor":["M","M","?","?","?","E","R","M","T","M","$","M","E","M","R","B",null,"M","?","?","M","$","R","E","M","T","R","?","?","E"],"character_chosen":"IRONCLAD","items_purchased":["Thread and Needle","Double Tap","Ghostly Armor"],"campfire_rested":2,"item_purchase_floors":[11,22,22],"current_hp_per_floor":[85,88,88,66,66,30,30,36,36,30,30,36,10,12,38,22,88,76,76,76,65,65,65,14,8,8,34,34,34,0],"gold":91,"neow_bonus":"TEN_PERCENT_HP_BONUS","is_prod":false,"is_daily":false,"chose_seed":false,"campfire_upgraded":0,"win_rate":0,"timestamp":1561585877,"path_taken":["M","M","?","?","?","E","R","M","T","?","$","M","E","M","R","BOSS","M","?","?","M","$","R","E","?","T","R","?","?","E"],"build_version":"2019-01-23","purchased_purges":1,"victory":false,"max_hp_per_floor":[88,88,88,88,88,88,88,88,88,88,88,88,88,88,88,88,88,88,88,88,88,88,88,88,88,88,88,88,88,88],"card_choices":[{"not_picked":["Havoc","Pommel Strike"],"picked":"Shrug It Off","floor":1.0},{"not_picked":["Havoc","Clothesline"],"picked":"Sword Boomerang","floor":2.0},{"not_picked":["Havoc","Headbutt","Warcry"],"picked":"SKIP","floor":6},{"not_picked":["Wild Strike","Feel No Pain"],"picked":"Iron Wave","floor":8},{"not_picked":["Burning Pact","True Grit"],"picked":"Inflame","floor":10},{"not_picked":["Battle Trance","Disarm"],"picked":"Thunderclap","floor":12},{"not_picked":["Corruption","Body Slam"],"picked":"Berserk","floor":13},{"not_picked":["Sword Boomerang","Clothesline"],"picked":"Entrench","floor":14},{"not_picked":["Impervious","Berserk+1"],"picked":"Demon Form+1","floor":16},{"not_picked":["Hemokinesis","Iron Wave"],"picked":"Thunderclap","floor":17},{"not_picked":["Twin Strike","Shrug It Off"],"picked":"Heavy Blade","floor":17},{"not_picked":["Twin Strike","Body Slam"],"picked":"Uppercut","floor":17},{"not_picked":["Ghostly Armor","Anger"],"picked":"Fire Breathing+1","floor":17},{"not_picked":["Feel No Pain+1","True Grit"],"picked":"Whirlwind","floor":17},{"not_picked":["Burning Pact","Wild Strike"],"picked":"Body Slam","floor":18},{"not_picked":["Flex","Ghostly Armor+1"],"picked":"Flame Barrier","floor":21},{"not_picked":["Flex","Rampage"],"picked":"Impervious","floor":24},{"not_picked":["Thunderclap","Clothesline"],"picked":"Inflame+1","floor":25}],"player_experience":100842,"relics_obtained":[{"floor":6,"key":"Girya"},{"floor":9,"key":"Letter Opener"},{"floor":13,"key":"Frozen Egg 2"},{"floor":24,"key":"Gremlin Horn"}],"event_choices":[{"damage_healed":0.0,"max_hp_gain":0.0,"max_hp_loss":0.0,"gold_gain":175.0,"event_name":"Liars Game","player_choice":"AGREE","floor":3.0,"gold_loss":0.0,"damage_taken":0.0,"cards_obtained":["Doubt"]},{"damage_healed":0.0,"max_hp_gain":0.0,"max_hp_loss":0.0,"gold_gain":0.0,"event_name":"Golden Idol","player_choice":"Take Damage","floor":4.0,"gold_loss":0.0,"damage_taken":22.0,"relics_obtained":["Golden Idol"]},{"damage_healed":0.0,"max_hp_gain":0.0,"max_hp_loss":0.0,"gold_gain":0.0,"event_name":"Lab","player_choice":"Got Potions","floor":5.0,"gold_loss":0.0,"damage_taken":0.0},{"damage_healed":0,"gold_gain":0,"player_choice":"Inject Mutagens","damage_taken":0,"relics_obtained":["MutagenicStrength"],"max_hp_gain":0,"max_hp_loss":0,"event_name":"Drug Dealer","floor":19,"gold_loss":0},{"cards_removed":["Strike_R"],"damage_healed":0,"gold_gain":0,"player_choice":"Purged","damage_taken":0,"max_hp_gain":0,"max_hp_loss":0,"event_name":"Purifier","floor":20,"gold_loss":0},{"damage_healed":0,"gold_gain":0,"player_choice":"Ignored","damage_taken":0,"max_hp_gain":0,"max_hp_loss":0,"event_name":"Ghosts","floor":28,"gold_loss":0},{"damage_healed":0,"gold_gain":0,"player_choice":"Upgraded","damage_taken":0,"max_hp_gain":0,"max_hp_loss":0,"event_name":"Upgrade Shrine","floor":29,"gold_loss":0,"cards_upgraded":["Heavy Blade"]}],"is_beta":false,"boss_relics":[{"not_picked":["Tiny House","Snecko Eye"],"picked":"Orrery"}],"items_purged_floors":[11],"is_endless":false,"potions_floor_spawned":[2,12,13,24,25],"killed_by":"Slavers","ascension_level":0}