{"gold_per_floor":[109,69,83,94,112,112,132,158,185,205,205,205,205,205,205,279,279,297,297,68,81,94,94,94,94,94,0,0,0,0,13,13,86,86,106,106,1105,2,2,2,2,2,27,46,59,85,85,95,95,95],"floor_reached":51,"playtime":4567,"items_purged":["Shame"],"score":1216,"play_id":"8099de5f-c5c3-455d-9ce2-f32a42c3dd67","local_time":"20190128211522","is_ascension_mode":true,"campfire_choices":[{"data":"Feel No Pain","floor":6.0,"key":"SMITH"},{"data":"Shockwave","floor":11.0,"key":"SMITH"},{"data":"Iron Wave","floor":13.0,"key":"SMITH"},{"data":"True Grit","floor":15.0,"key":"SMITH"},{"data":"Armaments","floor":25.0,"key":"SMITH"},{"data":"Armaments","floor":28.0,"key":"SMITH"},{"floor":32.0,"key":"REST"},{"data":"True Grit","floor":40,"key":"SMITH"},{"floor":42,"key":"REST"},{"data":"Demon Form","floor":47,"key":"SMITH"},{"data":"Shockwave","floor":49,"key":"SMITH"}],"neow_cost":"NONE","seed_source_timestamp":0,"circlet_count":0,"master_deck":["AscendersBane","Strike_R","Strike_R+1","Strike_R","Strike_R","Defend_R","Defend_R","Defend_R","Defend_R","Bash+1","True Grit+1","Iron Wave+1","Shockwave+1","Feel No Pain+1","Reaper","Shrug It Off","Impervious","Armaments+1","Shockwave+1","Uppercut+1","Armaments+1","Disarm","Evolve","Demon Form+1","Burning Pact","True Grit+1","Purity","Thinking Ahead","Iron Wave+1","Warcry+1","Shockwave+1"],"special_seed":0,"relics":["Burning Blood","Paper Frog","Lantern","Runic Pyramid","CultistMask","DollysMirror","Meat on the Bone","Nilry\u0027s Codex","Oddly Smooth Stone","Runic Cube","Happy Flower","Vajra","Frozen Eye","Juzu Bracelet","Omamori"],"potions_floor_usage":[45,45,50],"damage_taken":[{"damage":1.0,"enemies":"Cultist","floor":1.0,"turns":4.0},{"damage":2.0,"enemies":"Jaw Worm","floor":3.0,"turns":4.0},{"damage":5.0,"enemies":"Small Slimes","floor":4.0,"turns":3.0},{"damage":14.0,"enemies":"Red Slaver","floor":5.0,"turns":4.0},{"damage":3.0,"enemies":"Blue Slaver","floor":7.0,"turns":5.0},{"damage":5.0,"enemies":"3 Sentries","floor":8.0,"turns":17.0},{"damage":9.0,"enemies":"3 Louse","floor":10.0,"turns":3.0},{"damage":77.0,"enemies":"Slime Boss","floor":16.0,"turns":19.0},{"damage":30.0,"enemies":"3 Byrds","floor":18.0,"turns":10.0},{"damage":1.0,"enemies":"Shell Parasite","floor":21.0,"turns":14.0},{"damage":17.0,"enemies":"Centurion and Healer","floor":22.0,"turns":10.0},{"damage":54.0,"enemies":"3 Cultists","floor":31.0,"turns":8.0},{"damage":74.0,"enemies":"Collector","floor":33.0,"turns":20.0},{"damage":54,"enemies":"Orb Walker","floor":35,"turns":10},{"damage":20,"enemies":"3 Darklings","floor":44,"turns":9},{"damage":93,"enemies":"Jaw Worm Horde","floor":45,"turns":16},{"damage":8,"enemies":"Nemesis","floor":46,"turns":23},{"damage":8,"enemies":"Sphere and 2 Shapes","floor":48,"turns":18},{"damage":55,"enemies":"Awakened One","floor":50,"turns":34}],"seed_played":"-3433435687591105093","potions_obtained":[{"floor":2.0,"key":"Strength Potion"},{"floor":2.0,"key":"AttackPotion"},{"floor":4.0,"key":"Strength Potion"},{"floor":5.0,"key":"Regen Potion"},{"floor":16.0,"key":"Regen Potion"},{"floor":21.0,"key":"Weak Potion"},{"floor":22.0,"key":"SpeedPotion"},{"floor":48,"key":"Ancient Potion"}],"is_trial":false,"path_per_floor":["M","?","M","M","M","R","M","E","T","M","R","?","R","?","R","B",null,"M","?","$","M","M","?","?","R","T","?","R","?","?","M","R","B",null,"M","?","?","$","?","R","?","R","T","M","M","E","R","M","R","B",null],"character_chosen":"IRONCLAD","items_purchased":["DollysMirror","Happy Flower","Vajra","Regen Potion","FearPotion","True Grit","Purity","Frozen Eye","Thinking Ahead"],"campfire_rested":2,"item_purchase_floors":[20,38,38,38,38,38,38,38,38],"current_hp_per_floor":[80,80,82,82,74,74,77,78,78,79,79,54,54,54,54,10,64,64,64,64,73,76,76,76,76,76,76,76,55,55,43,67,35,70,41,41,41,41,41,41,41,65,65,82,72,82,82,82,82,53],"gold":95,"neow_bonus":"TEN_PERCENT_HP_BONUS","is_prod":false,"is_daily":false,"chose_seed":false,"campfire_upgraded":9,"win_rate":0,"timestamp":1548728122,"path_taken":["M","?","?","M","M","R","M","E","T","M","R","?","R","?","R","BOSS","M","?","$","?","M","?","?","R","T","?","R","?","?","M","R","BOSS","BOSS","M","?","?","$","?","R","?","R","T","M","M","E","R","M","R","BOSS"],"build_version":"2019-01-23","purchased_purges":1,"victory":true,"max_hp_per_floor":[82,82,82,82,82,82,82,82,82,82,82,82,82,82,82,82,82,82,82,82,82,82,82,82,82,82,82,82,82,82,82,82,82,82,82,82,82,82,82,82,82,82,82,82,82,82,82,82,82,82],"card_choices":[{"not_picked":["Anger","Heavy Blade"],"picked":"True Grit","floor":1.0},{"not_picked":["Headbutt","Second Wind"],"picked":"Iron Wave","floor":3.0},{"not_picked":["Warcry","Combust"],"picked":"Shockwave","floor":4.0},{"not_picked":["Body Slam","Flex"],"picked":"Feel No Pain","floor":5.0},{"not_picked":["Brutality","Iron Wave"],"picked":"Shrug It Off","floor":7.0},{"not_picked":["Rampage","Blood for Blood"],"picked":"Reaper","floor":8.0},{"not_picked":["Perfected Strike","Heavy Blade"],"picked":"Shrug It Off","floor":10.0},{"not_picked":["Exhume","Immolate"],"picked":"Impervious","floor":16.0},{"not_picked":["Havoc","Blood for Blood"],"picked":"Armaments","floor":18.0},{"not_picked":["Entrench","Warcry"],"picked":"Uppercut+1","floor":21.0},{"not_picked":["Fiend Fire","Burning Pact"],"picked":"Armaments","floor":22.0},{"not_picked":["Armaments","Thunderclap"],"picked":"Evolve","floor":31.0},{"not_picked":["Feed","Immolate"],"picked":"Demon Form","floor":33},{"not_picked":["Clash","Clothesline"],"picked":"Burning Pact","floor":35},{"not_picked":["Anger","Perfected Strike+1"],"picked":"Iron Wave+1","floor":44},{"not_picked":["Burning Pact","Body Slam","Sentinel"],"picked":"SKIP","floor":45},{"not_picked":["Iron Wave","Pommel Strike"],"picked":"Warcry+1","floor":46},{"not_picked":["Combust","Dropkick"],"picked":"Shockwave","floor":48}],"player_experience":890372,"relics_obtained":[{"floor":8.0,"key":"Paper Frog"},{"floor":9.0,"key":"Lantern"},{"floor":26.0,"key":"Meat on the Bone"},{"floor":29.0,"key":"Nilry\u0027s Codex"},{"floor":43,"key":"Juzu Bracelet"},{"floor":46,"key":"Omamori"}],"event_choices":[{"damage_healed":0.0,"max_hp_gain":0.0,"max_hp_loss":0.0,"gold_gain":0.0,"event_name":"The Woman in Blue","player_choice":"Bought 3 Potions","floor":2.0,"gold_loss":0.0,"damage_taken":0.0},{"damage_healed":0.0,"max_hp_gain":0.0,"max_hp_loss":0.0,"gold_gain":0.0,"event_name":"Shining Light","player_choice":"Entered Light","floor":12.0,"gold_loss":0.0,"damage_taken":25.0,"cards_upgraded":["Bash","Strike_R"]},{"cards_removed":["Strike_R"],"damage_healed":0.0,"max_hp_gain":0.0,"max_hp_loss":0.0,"gold_gain":0.0,"event_name":"Living Wall","player_choice":"Forget","floor":14.0,"gold_loss":0.0,"damage_taken":0.0},{"damage_healed":0.0,"max_hp_gain":0.0,"max_hp_loss":0.0,"gold_gain":0.0,"event_name":"FaceTrader","player_choice":"Trade","floor":19.0,"gold_loss":0.0,"damage_taken":0.0,"relics_obtained":["CultistMask"]},{"damage_healed":0.0,"max_hp_gain":0.0,"max_hp_loss":0.0,"gold_gain":0.0,"event_name":"Vampires","player_choice":"Ignored","floor":23.0,"gold_loss":0.0,"damage_taken":0.0},{"damage_healed":0.0,"max_hp_gain":0.0,"max_hp_loss":0.0,"gold_gain":0.0,"event_name":"The Library","player_choice":"Read","floor":24.0,"gold_loss":0.0,"damage_taken":0.0,"cards_obtained":["Disarm"]},{"damage_healed":0.0,"max_hp_gain":0.0,"max_hp_loss":0.0,"gold_gain":0.0,"event_name":"Masked Bandits","player_choice":"Paid Fearfully","floor":27.0,"gold_loss":94.0,"damage_taken":0.0},{"damage_healed":0.0,"max_hp_gain":0.0,"max_hp_loss":0.0,"gold_gain":0.0,"event_name":"Cursed Tome","player_choice":"Obtained Book","floor":29.0,"gold_loss":0.0,"damage_taken":21.0},{"damage_healed":0.0,"max_hp_gain":0.0,"max_hp_loss":0.0,"gold_gain":0.0,"event_name":"Addict","player_choice":"Stole Relic","floor":30.0,"gold_loss":0.0,"damage_taken":0.0,"relics_obtained":["Oddly Smooth Stone"],"cards_obtained":["Shame"]},{"cards_removed":["Shrug It Off"],"damage_healed":0,"gold_gain":0,"player_choice":"Removed Skill","damage_taken":0,"max_hp_gain":0,"max_hp_loss":0,"event_name":"Falling","floor":36,"gold_loss":0},{"damage_healed":0,"gold_gain":999,"player_choice":"Gold","damage_taken":0,"max_hp_gain":0,"max_hp_loss":0,"event_name":"MindBloom","floor":37,"gold_loss":0,"cards_obtained":["Normality","Normality"]},{"damage_healed":0,"gold_gain":0,"player_choice":"Ignored","damage_taken":0,"max_hp_gain":0,"max_hp_loss":0,"event_name":"Mysterious Sphere","floor":39,"gold_loss":0},{"cards_removed":["Normality","Normality"],"damage_healed":0,"gold_gain":0,"player_choice":"Removed Curses","damage_taken":0,"max_hp_gain":0,"max_hp_loss":0,"event_name":"Fountain of Cleansing","floor":41,"gold_loss":0}],"is_beta":true,"boss_relics":[{"not_picked":["Runic Dome","Cursed Key"],"picked":"Runic Pyramid"},{"not_picked":["Snecko Eye","Velvet Choker"],"picked":"Runic Cube"}],"items_purged_floors":[38],"is_endless":false,"potions_floor_spawned":[4,5,8,16,21,22,48],"ascension_level":16}