{"gold_per_floor":[114,114,114,79,90,122,122,141,165,67,87,87,110,122,122,199,199,215,215,194,144,154,181,181,192,192,202,202,45,63,63,63,63],"floor_reached":33,"playtime":1357,"items_purged":[],"score":650,"play_id":"43635492-dbf1-4cf2-be89-fd27e623ab8a","local_time":"20190207140322","is_ascension_mode":true,"campfire_choices":[{"data":"Chaos","floor":7.0,"key":"SMITH"},{"data":"Loop","floor":15.0,"key":"SMITH"},{"floor":24.0,"key":"REST"},{"floor":32,"key":"REST"}],"neow_cost":"NONE","seed_source_timestamp":0,"circlet_count":0,"master_deck":["AscendersBane","Strike_B+1","Defend_B","Defend_B","Defend_B","Defend_B","Zap","Dualcast","Leap","Rainbow+1","Auto Shields+1","Chaos+1","Consume","Loop+1","Cold Snap","Coolheaded","Conserve Battery","Loop+1","Sweeping Beam+1","Loop+1","Go for the Eyes","Recycle+1","BootSequence","Compile Driver","Darkness","Conserve Battery","Coolheaded"],"special_seed":0,"relics":["Cracked Core","Lantern","Blood Vial","Dream Catcher","Omamori","Eternal Feather","Ancient Tea Set","Darkstone Periapt","Anchor"],"potions_floor_usage":[30,33],"damage_taken":[{"damage":5.0,"enemies":"Small Slimes","floor":1.0,"turns":3.0},{"damage":0.0,"enemies":"2 Louse","floor":5.0,"turns":2.0},{"damage":16.0,"enemies":"3 Sentries","floor":6.0,"turns":11.0},{"damage":7.0,"enemies":"Jaw Worm","floor":8.0,"turns":3.0},{"damage":4.0,"enemies":"Exordium Thugs","floor":11.0,"turns":4.0},{"damage":4.0,"enemies":"Large Slime","floor":14.0,"turns":5.0},{"damage":0.0,"enemies":"Hexaghost","floor":16.0,"turns":11.0},{"damage":0.0,"enemies":"Chosen","floor":18.0,"turns":5.0},{"damage":12.0,"enemies":"2 Thieves","floor":20.0,"turns":4.0},{"damage":16.0,"enemies":"Snecko","floor":22.0,"turns":5.0},{"damage":56.0,"enemies":"Slavers","floor":23.0,"turns":8.0},{"damage":8.0,"enemies":"Sentry and Sphere","floor":25.0,"turns":6.0},{"damage":19.0,"enemies":"Centurion and Healer","floor":27.0,"turns":8.0},{"damage":21,"enemies":"Chosen and Byrds","floor":30,"turns":7},{"damage":49,"enemies":"Collector","floor":33,"turns":3}],"seed_played":"6039022659353485448","potions_obtained":[{"floor":5.0,"key":"Block Potion"},{"floor":8.0,"key":"Fire Potion"},{"floor":11.0,"key":"AttackPotion"},{"floor":16.0,"key":"Energy Potion"},{"floor":22.0,"key":"Strength Potion"},{"floor":23.0,"key":"Fire Potion"},{"floor":30,"key":"GamblersBrew"}],"is_trial":false,"path_per_floor":["M","?","?","?","M","E","R","M","T","$","M","?","T","M","R","B",null,"M","?","M","?","M","E","R","M","T","M","?","$","M","?","R","B"],"character_chosen":"DEFECT","items_purchased":["Loop","Cold Snap","Anchor"],"campfire_rested":2,"item_purchase_floors":[10,10,29],"current_hp_per_floor":[66,66,43,62,62,46,46,39,39,39,37,37,37,35,35,37,68,70,88,76,76,62,8,46,40,40,23,23,23,4,4,45,0],"gold":63,"neow_bonus":"TEN_PERCENT_HP_BONUS","is_prod":false,"is_daily":false,"chose_seed":false,"campfire_upgraded":2,"win_rate":0,"timestamp":1549566202,"path_taken":["M","?","?","?","M","E","R","M","T","?","?","?","?","M","R","BOSS","M","?","?","?","M","E","R","M","T","?","?","$","M","?","R","BOSS"],"build_version":"2019-02-06","purchased_purges":0,"victory":false,"max_hp_per_floor":[78,78,78,78,78,78,78,78,78,78,78,78,78,78,78,78,78,78,88,88,88,88,88,88,88,88,88,88,88,88,88,88,88],"card_choices":[{"not_picked":["Compile Driver","Fusion"],"picked":"Leap","floor":1.0},{"not_picked":["Steam","Barrage"],"picked":"Auto Shields","floor":5.0},{"not_picked":["Hologram","Redo"],"picked":"Chaos","floor":6.0},{"not_picked":["Steam Power","Gash"],"picked":"Consume","floor":8.0},{"not_picked":["Sweeping Beam","Consume"],"picked":"Coolheaded","floor":11.0},{"not_picked":["Rebound","Barrage"],"picked":"Conserve Battery","floor":14.0},{"not_picked":["All For One","Meteor Strike"],"picked":"Seek","floor":16.0},{"not_picked":["Redo","Sunder"],"picked":"Loop","floor":18.0},{"not_picked":["Consume","Heatsinks"],"picked":"Sweeping Beam+1","floor":20.0},{"not_picked":["Leap","Compile Driver"],"picked":"Loop+1","floor":22.0},{"not_picked":["Gash+1","All For One"],"picked":"Go for the Eyes","floor":23.0},{"not_picked":["Coolheaded","Go for the Eyes"],"picked":"Recycle+1","floor":25.0},{"not_picked":["Go for the Eyes","Rebound"],"picked":"BootSequence","floor":27.0},{"not_picked":["Blizzard","Leap"],"picked":"Conserve Battery","floor":30},{"not_picked":["Auto Shields","Beam Cell"],"picked":"Coolheaded","floor":32}],"player_experience":925562,"relics_obtained":[{"floor":6.0,"key":"Lantern"},{"floor":9.0,"key":"Blood Vial"},{"floor":13.0,"key":"Omamori"},{"floor":23.0,"key":"Ancient Tea Set"},{"floor":26.0,"key":"Darkstone Periapt"}],"event_choices":[{"damage_healed":0.0,"max_hp_gain":0.0,"max_hp_loss":0.0,"gold_gain":0.0,"cards_transformed":["Strike_B"],"event_name":"Living Wall","player_choice":"Change","floor":2.0,"gold_loss":0.0,"damage_taken":0.0,"cards_obtained":["Rainbow"]},{"damage_healed":0.0,"max_hp_gain":0.0,"max_hp_loss":0.0,"gold_gain":0.0,"event_name":"Shining Light","player_choice":"Entered Light","floor":3.0,"gold_loss":0.0,"damage_taken":23.0,"cards_upgraded":["Strike_B","Rainbow"]},{"damage_healed":19.0,"max_hp_gain":0.0,"max_hp_loss":0.0,"gold_gain":0.0,"event_name":"The Cleric","player_choice":"Healed","floor":4.0,"gold_loss":35.0,"damage_taken":0.0},{"damage_healed":0.0,"max_hp_gain":0.0,"max_hp_loss":0.0,"gold_gain":0.0,"event_name":"Dead Adventurer","player_choice":"Searched \u00271\u0027 times","floor":12.0,"gold_loss":0.0,"damage_taken":0.0,"relics_obtained":["Dream Catcher"]},{"cards_removed":["Seek"],"damage_healed":8.0,"max_hp_gain":10.0,"max_hp_loss":0.0,"gold_gain":0.0,"event_name":"Bonfire Elementals","player_choice":"Offered Rare","floor":19.0,"gold_loss":0.0,"damage_taken":0.0},{"damage_healed":0.0,"max_hp_gain":0.0,"max_hp_loss":0.0,"gold_gain":0.0,"event_name":"Designer","player_choice":"Upgraded Two","floor":21.0,"gold_loss":50.0,"damage_taken":0.0,"cards_upgraded":["Loop","Auto Shields"]},{"damage_healed":0.0,"max_hp_gain":0.0,"max_hp_loss":0.0,"gold_gain":0.0,"cards_transformed":["Strike_B","Strike_B"],"event_name":"Drug Dealer","player_choice":"Became Test Subject","floor":28.0,"gold_loss":0.0,"damage_taken":0.0,"cards_obtained":["Compile Driver","Darkness"]},{"damage_healed":0,"gold_gain":0,"player_choice":"Ignored","damage_taken":0,"max_hp_gain":0,"max_hp_loss":0,"event_name":"Beggar","floor":31,"gold_loss":0}],"is_beta":true,"boss_relics":[{"not_picked":["Pandora\u0027s Box","Velvet Choker"],"picked":"Eternal Feather"}],"items_purged_floors":[],"is_endless":false,"potions_floor_spawned":[5,8,11,16,22,23,30],"killed_by":"Collector","ascension_level":18}