{"gold_per_floor":[112,112,123,123,198,198,218,218,218,218,218,237,46,69,69,142,142,96,96,110,128,128,158,158,158],"floor_reached":25,"playtime":887,"items_purged":["Strike_R"],"score":408,"play_id":"b7903874-0baa-420a-9d69-70ba08db7c49","local_time":"20190306161836","is_ascension_mode":true,"campfire_choices":[{"data":"Pommel Strike","floor":6.0,"key":"SMITH"},{"data":"Bash","floor":8.0,"key":"SMITH"},{"data":"Heavy Blade","floor":10.0,"key":"SMITH"},{"floor":15.0,"key":"REST"},{"floor":24,"key":"REST"}],"neow_cost":"NONE","seed_source_timestamp":191083685684320,"circlet_count":0,"master_deck":["AscendersBane","Defend_R","Defend_R","Defend_R","Defend_R","Bash+1","Bloodletting","Pommel Strike+1","Heavy Blade+1","Exhume","Disarm","True Grit","Demon Form","Ghostly Armor+1","Anger+1","Reckless Charge+1","Armaments","Demon Form","Iron Wave","Battle Trance","Ghostly","Ghostly","Ghostly","Intimidate"],"special_seed":0,"relics":["Burning Blood","Red Skull","Ornamental Fan","Regal Pillow","Astrolabe","Vajra"],"potions_floor_usage":[23,25,25],"damage_taken":[{"damage":9.0,"enemies":"2 Louse","floor":1.0,"turns":4.0},{"damage":0.0,"enemies":"Small Slimes","floor":3.0,"turns":5.0},{"damage":1.0,"enemies":"Cultist","floor":7.0,"turns":3.0},{"damage":39.0,"enemies":"Gremlin Gang","floor":12.0,"turns":5.0},{"damage":20.0,"enemies":"The Guardian","floor":16.0,"turns":11.0},{"damage":28.0,"enemies":"2 Thieves","floor":18.0,"turns":5.0},{"damage":24.0,"enemies":"Spheric Guardian","floor":20.0,"turns":4.0},{"damage":23.0,"enemies":"Centurion and Healer","floor":21.0,"turns":7.0},{"damage":5,"enemies":"Book of Stabbing","floor":23,"turns":9},{"damage":37,"enemies":"Slavers","floor":25,"turns":6}],"seed_played":"-5456663671867528641","potions_obtained":[{"floor":7.0,"key":"SteroidPotion"},{"floor":12.0,"key":"Strength Potion"},{"floor":16.0,"key":"GamblersBrew"},{"floor":21.0,"key":"Ancient Potion"},{"floor":23,"key":"Block Potion"}],"is_trial":false,"path_per_floor":["M","?","M","?","?","R","M","R","T","R","?","M","$","T","R","B",null,"M","?","M","M","?","E","R","E"],"character_chosen":"IRONCLAD","items_purchased":["Disarm","True Grit"],"campfire_rested":2,"item_purchase_floors":[13,13],"current_hp_per_floor":[65,58,64,64,53,53,58,58,58,58,58,25,25,25,62,48,68,46,46,28,11,11,12,37,0],"gold":158,"neow_bonus":"RANDOM_COMMON_RELIC","is_prod":false,"is_daily":false,"chose_seed":false,"campfire_upgraded":3,"win_rate":0,"timestamp":1551907116,"path_taken":["M","?","M","?","?","R","M","R","T","R","?","M","?","?","R","BOSS","M","?","?","?","?","E","R","E"],"build_version":"2019-02-06","purchased_purges":1,"victory":false,"max_hp_per_floor":[75,75,75,75,75,75,75,75,75,75,75,75,75,75,75,75,75,75,75,75,75,37,37,37,37],"card_choices":[{"not_picked":["Wild Strike","Anger"],"picked":"Bloodletting","floor":1.0},{"not_picked":["Clash","Sever Soul"],"picked":"Pommel Strike","floor":3.0},{"not_picked":["Carnage","Flex"],"picked":"Heavy Blade","floor":7.0},{"not_picked":["Sword Boomerang","Twin Strike"],"picked":"Exhume","floor":12.0},{"not_picked":["Fiend Fire","Berserk"],"picked":"Demon Form","floor":16.0},{"not_picked":["Flex","Clash"],"picked":"Armaments","floor":18.0},{"not_picked":["Twin Strike","Anger"],"picked":"Iron Wave","floor":20.0},{"not_picked":["Demon Form","Anger+1"],"picked":"Battle Trance","floor":21.0},{"not_picked":["Armaments","Twin Strike"],"picked":"Intimidate","floor":23}],"player_experience":1036594,"relics_obtained":[{"floor":9.0,"key":"Ornamental Fan"},{"floor":14.0,"key":"Regal Pillow"},{"floor":23,"key":"Vajra"}],"event_choices":[{"cards_removed":["Strike_R"],"damage_healed":0.0,"max_hp_gain":0.0,"max_hp_loss":0.0,"gold_gain":0.0,"event_name":"Golden Wing","player_choice":"Card Removal","floor":2.0,"gold_loss":0.0,"damage_taken":7.0},{"damage_healed":0.0,"max_hp_gain":0.0,"max_hp_loss":0.0,"gold_gain":0.0,"cards_transformed":["Strike_R"],"event_name":"Living Wall","player_choice":"Change","floor":4.0,"gold_loss":0.0,"damage_taken":0.0,"cards_obtained":["Corruption"]},{"damage_healed":0.0,"max_hp_gain":0.0,"max_hp_loss":0.0,"gold_gain":75.0,"event_name":"World of Goop","player_choice":"Gather Gold","floor":5.0,"gold_loss":0.0,"damage_taken":11.0},{"damage_healed":0.0,"max_hp_gain":0.0,"max_hp_loss":0.0,"gold_gain":0.0,"event_name":"Liars Game","player_choice":"Ignored","floor":11.0,"gold_loss":0.0,"damage_taken":0.0},{"damage_healed":0.0,"max_hp_gain":0.0,"max_hp_loss":0.0,"gold_gain":0.0,"event_name":"Match and Keep!","player_choice":"1 cards matched","floor":19.0,"gold_loss":0.0,"damage_taken":0.0,"cards_obtained":["Demon Form"]},{"damage_healed":0.0,"max_hp_gain":0.0,"max_hp_loss":38.0,"gold_gain":0.0,"event_name":"Ghosts","player_choice":"Became a Ghost","floor":22.0,"gold_loss":0.0,"damage_taken":0.0,"cards_obtained":["Ghostly","Ghostly","Ghostly"]}],"is_beta":true,"boss_relics":[{"not_picked":["Orrery","Calling Bell"],"picked":"Astrolabe"}],"items_purged_floors":[13],"is_endless":false,"potions_floor_spawned":[7,12,16,21,23],"killed_by":"Slavers","ascension_level":19}