{"gold_per_floor":[110,5,80,45,57,89,89,114,141,159,159,171,171,183,183,260,260,271,284,3,17,34,60,60,75,75,75,175,188,223,273,273,273],"floor_reached":33,"playtime":1378,"items_purged":[],"score":520,"play_id":"5c13ee4e-b8d9-4dc9-8e0b-cc8878aedf79","local_time":"20190726201312","is_ascension_mode":true,"campfire_choices":[{"data":"Inflame","floor":11,"key":"SMITH"},{"data":"Hemokinesis","floor":13,"key":"SMITH"},{"data":"Spot Weakness","floor":15,"key":"SMITH"},{"floor":24,"key":"REST"},{"data":"Double Tap","floor":27,"key":"SMITH"},{"floor":32,"key":"REST"}],"neow_cost":"NONE","seed_source_timestamp":176725408268600,"circlet_count":0,"master_deck":["AscendersBane","Strike_R","Strike_R","Strike_R","Strike_R","Defend_R","Defend_R","Defend_R","Defend_R","Bash","Cleave","Inflame+1","Hemokinesis+1","Pummel","Flame Barrier","Battle Trance","Spot Weakness+1","Double Tap+1","Heavy Blade","Headbutt","Panacea","Metallicize","Flame Barrier","Thunderclap","Pommel Strike+1","Armaments+1","Heavy Blade"],"relics":["Burning Blood","Centennial Puzzle","Blood Vial","Pen Nib","Boot","Mark of Pain","PreservedInsect","Vajra","Sundial","Turnip","Pear","Mercury Hourglass"],"potions_floor_usage":[6,8,18,23,28],"damage_taken":[{"damage":1,"enemies":"2 Louse","floor":1,"turns":3},{"damage":18,"enemies":"Small Slimes","floor":5,"turns":3},{"damage":19,"enemies":"Gremlin Nob","floor":6,"turns":3},{"damage":13,"enemies":"3 Sentries","floor":8,"turns":6},{"damage":3,"enemies":"Jaw Worm","floor":10,"turns":3},{"damage":7,"enemies":"Exordium Thugs","floor":12,"turns":3},{"damage":8,"enemies":"Lots of Slimes","floor":14,"turns":2},{"damage":28,"enemies":"The Guardian","floor":16,"turns":12},{"damage":4,"enemies":"Chosen","floor":18,"turns":4},{"damage":3,"enemies":"3 Byrds","floor":19,"turns":3},{"damage":25,"enemies":"3 Cultists","floor":21,"turns":5},{"damage":21,"enemies":"Shelled Parasite and Fungi","floor":22,"turns":5},{"damage":24,"enemies":"Slavers","floor":23,"turns":3},{"damage":7,"enemies":"Sentry and Sphere","floor":25,"turns":3},{"damage":9,"enemies":"Colosseum Slavers","floor":28,"turns":3},{"damage":17,"enemies":"Colosseum Nobs","floor":28,"turns":3},{"damage":15,"enemies":"Snecko","floor":29,"turns":3},{"damage":25,"enemies":"Book of Stabbing","floor":30,"turns":3},{"damage":83,"enemies":"Automaton","floor":33,"turns":6}],"seed_played":"-340434794654685478","potions_obtained":[{"floor":5,"key":"Energy Potion"},{"floor":6,"key":"Energy Potion"},{"floor":16,"key":"Fire Potion"},{"floor":19,"key":"AttackPotion"},{"floor":21,"key":"SteroidPotion"},{"floor":28,"key":"FearPotion"}],"is_trial":false,"path_per_floor":["M","$","?","?","M","E","?","E","T","M","R","M","R","M","R","B",null,"M","M","$","M","M","E","R","M","T","R","?","M","E","?","R","B"],"character_chosen":"IRONCLAD","items_purchased":["Inflame","Hemokinesis","PreservedInsect","Panacea","Metallicize"],"campfire_rested":2,"item_purchase_floors":[2,2,20,20,20],"current_hp_per_floor":[73,73,62,75,63,50,50,45,45,50,50,51,51,51,51,31,64,68,73,73,56,43,27,49,50,50,50,50,43,26,26,51,0],"gold":273,"neow_bonus":"RANDOM_COMMON_RELIC","is_prod":false,"is_daily":false,"chose_seed":false,"campfire_upgraded":4,"win_rate":0,"timestamp":1564186392,"path_taken":["M","$","?","?","M","E","?","E","T","?","R","M","R","M","R","BOSS","M","M","$","?","M","E","R","M","T","R","?","M","E","?","R","BOSS"],"build_version":"2019-07-17","purchased_purges":0,"victory":false,"max_hp_per_floor":[75,75,75,75,75,75,75,75,75,75,75,75,75,75,75,75,75,75,75,75,75,75,75,75,75,75,75,85,85,85,85,85,85],"card_choices":[{"not_picked":["True Grit","Thunderclap"],"picked":"Cleave","floor":1},{"not_picked":["Thunderclap","Iron Wave"],"picked":"Pummel","floor":5},{"not_picked":["Body Slam","Double Tap"],"picked":"Flame Barrier","floor":6},{"not_picked":["Flex","Perfected Strike","Sentinel"],"picked":"SKIP","floor":8},{"not_picked":["Pommel Strike","Cleave"],"picked":"Battle Trance","floor":10},{"not_picked":["Reckless Charge","Anger"],"picked":"Spot Weakness","floor":12},{"not_picked":["Fire Breathing","Entrench","Havoc"],"picked":"SKIP","floor":14},{"not_picked":["Fiend Fire","Bludgeon"],"picked":"Double Tap","floor":16},{"not_picked":["True Grit","Searing Blow"],"picked":"Heavy Blade","floor":18},{"not_picked":["Perfected Strike","Havoc"],"picked":"Headbutt","floor":19},{"not_picked":["Perfected Strike","Headbutt"],"picked":"Flame Barrier","floor":21},{"not_picked":["Pommel Strike","Clash"],"picked":"Thunderclap","floor":22},{"not_picked":["Wild Strike","Barricade"],"picked":"Pommel Strike+1","floor":23},{"not_picked":["Pommel Strike","Iron Wave","Body Slam"],"picked":"SKIP","floor":25},{"not_picked":["Wild Strike","Warcry"],"picked":"Armaments+1","floor":28},{"not_picked":["Double Tap","Headbutt","Combust"],"picked":"SKIP","floor":29},{"not_picked":["Double Tap","Headbutt","Combust"],"picked":"SKIP","floor":29},{"not_picked":["Rage","Pommel Strike"],"picked":"Heavy Blade","floor":30}],"player_experience":699728,"relics_obtained":[{"floor":6,"key":"Blood Vial"},{"floor":8,"key":"Pen Nib"},{"floor":9,"key":"Boot"},{"floor":23,"key":"Vajra"},{"floor":26,"key":"Sundial"},{"floor":28,"key":"Turnip"},{"floor":28,"key":"Pear"},{"floor":30,"key":"Mercury Hourglass"}],"event_choices":[{"damage_healed":0,"gold_gain":75,"player_choice":"Gather Gold","damage_taken":11,"max_hp_gain":0,"max_hp_loss":0,"event_name":"World of Goop","floor":3,"gold_loss":0},{"damage_healed":18,"gold_gain":0,"player_choice":"Healed","damage_taken":0,"max_hp_gain":0,"max_hp_loss":0,"event_name":"The Cleric","floor":4,"gold_loss":35},{"cards_removed":["Strike_R"],"damage_healed":0,"gold_gain":0,"player_choice":"Offered Basic","damage_taken":0,"max_hp_gain":0,"max_hp_loss":0,"event_name":"Bonfire Elementals","floor":7,"gold_loss":0},{"damage_healed":0,"gold_gain":0,"player_choice":"Fight","damage_taken":0,"max_hp_gain":0,"max_hp_loss":0,"event_name":"Colosseum","floor":28,"gold_loss":0},{"damage_healed":0,"gold_gain":0,"player_choice":"Fought Nobs","damage_taken":0,"max_hp_gain":0,"max_hp_loss":0,"event_name":"Colosseum","floor":28,"gold_loss":0},{"damage_healed":0,"gold_gain":50,"player_choice":"Stole From Cult","damage_taken":0,"max_hp_gain":0,"max_hp_loss":0,"event_name":"Nest","floor":31,"gold_loss":0}],"is_beta":false,"boss_relics":[{"not_picked":["Runic Dome","Busted Crown"],"picked":"Mark of Pain"}],"items_purged_floors":[],"is_endless":false,"potions_floor_spawned":[5,6,16,19,21,22,28,28],"killed_by":"Automaton","ascension_level":15}