{"gold_per_floor":[117,117,117,133,153,188,188,80,149,168,187,187,203,104,104,206,206,216,235,157,157],"floor_reached":21,"playtime":1482,"items_purged":[],"score":235,"play_id":"8b4a08a0-c228-4640-b69d-9b6c5a598700","local_time":"20181111071529","is_ascension_mode":true,"campfire_choices":[{"floor":7,"key":"REST"},{"data":"Defragment","floor":15,"key":"SMITH"}],"neow_cost":"NONE","seed_source_timestamp":310330949960169,"circlet_count":0,"master_deck":["Strike_B","Strike_B","Defend_B","Defend_B","Defend_B","Defend_B","Zap","Dualcast","Ball Lightning","Sunder","Melter","Conserve Battery","Chaos","Defragment+1","Aggregate","Redo","Undo","Fission","Turbo","Storm","Thunder Strike","Lockon","Defragment"],"relics":["Cracked Core","Anchor","Bag of Marbles","Busted Crown"],"potions_floor_usage":[21,21],"damage_taken":[{"damage":7,"enemies":"Jaw Worm","floor":1,"turns":5},{"damage":0,"enemies":"Cultist","floor":4,"turns":3},{"damage":0,"enemies":"2 Louse","floor":5,"turns":2},{"damage":25,"enemies":"3 Sentries","floor":6,"turns":8},{"damage":0,"enemies":"Lots of Slimes","floor":10,"turns":2},{"damage":0,"enemies":"2 Fungi Beasts","floor":11,"turns":3},{"damage":1,"enemies":"Looter","floor":13,"turns":2},{"damage":36,"enemies":"Hexaghost","floor":16,"turns":10},{"damage":24,"enemies":"3 Byrds","floor":18,"turns":5},{"damage":0,"enemies":"Chosen","floor":19,"turns":4},{"damage":56,"enemies":"3 Cultists","floor":21,"turns":4}],"seed_played":"3755132097192738800","potions_obtained":[{"floor":4,"key":"EssenceOfSteel"},{"floor":6,"key":"Explosive Potion"},{"floor":10,"key":"Regen Potion"}],"is_trial":false,"path_per_floor":["M","?","?","M","M","E","R","$","T","M","M","?","M","$","R","B",null,"M","M","$","M"],"character_chosen":"DEFECT","items_purchased":["Chaos","Defragment","Turbo","Storm","Defragment"],"campfire_rested":1,"item_purchase_floors":[8,8,14,14,20],"current_hp_per_floor":[61,61,61,61,61,36,58,58,58,58,58,58,57,57,57,21,62,38,38,38,0],"gold":157,"neow_bonus":"RANDOM_COMMON_RELIC","is_prod":false,"is_daily":false,"chose_seed":false,"campfire_upgraded":1,"win_rate":0,"timestamp":1541938529,"path_taken":["M","?","?","M","?","E","R","$","T","M","?","?","?","$","R","BOSS","M","M","?","M"],"build_version":"2018-11-08","purchased_purges":0,"victory":false,"max_hp_per_floor":[75,75,75,75,75,75,75,75,75,75,75,75,75,75,75,75,75,75,75,75,75],"card_choices":[{"not_picked":["Steam","Coolheaded"],"picked":"Ball Lightning","floor":1},{"not_picked":["Hologram","Recycle"],"picked":"Sunder","floor":4},{"not_picked":["Rebound","Reprogram"],"picked":"Melter","floor":5},{"not_picked":["Recycle","Hologram"],"picked":"Conserve Battery","floor":6},{"not_picked":["Reprogram","Blizzard"],"picked":"Aggregate","floor":10},{"not_picked":["Gash","Streamline"],"picked":"Redo","floor":11},{"not_picked":["Barrage","Rebound"],"picked":"Fission","floor":13},{"not_picked":["Seek","Machine Learning"],"picked":"Thunder Strike","floor":16},{"not_picked":["Go for the Eyes"],"picked":"SKIP","floor":18},{"not_picked":[],"picked":"Lockon","floor":19}],"player_experience":351443,"relics_obtained":[{"floor":6,"key":"Bag of Marbles"}],"event_choices":[{"damage_healed":0,"gold_gain":0,"player_choice":"Leave","damage_taken":0,"max_hp_gain":0,"max_hp_loss":0,"event_name":"The Cleric","floor":2,"gold_loss":0},{"cards_removed":["Strike_B"],"damage_healed":0,"gold_gain":0,"player_choice":"Card Removal","damage_taken":0,"max_hp_gain":0,"max_hp_loss":0,"event_name":"Wheel of Change","floor":3,"gold_loss":0},{"damage_healed":0,"gold_gain":0,"cards_transformed":["Strike_B"],"player_choice":"Transformed","damage_taken":0,"max_hp_gain":0,"max_hp_loss":0,"event_name":"Transmorgrifier","floor":12,"gold_loss":0,"cards_obtained":["Undo"]}],"is_beta":true,"boss_relics":[{"not_picked":["Snecko Eye","Tiny House"],"picked":"Busted Crown"}],"items_purged_floors":[],"is_endless":false,"potions_floor_spawned":[4,6,10,18],"killed_by":"3 Cultists","ascension_level":6}