{"gold_per_floor":[112,33,63,63,80,113,113,144,144,157,157,157],"floor_reached":12,"playtime":384,"items_purged":[],"score":117,"play_id":"66e36b36-0a12-46c7-8f8e-b34d25c5a44c","local_time":"20190704105700","is_ascension_mode":true,"campfire_choices":[{"data":"Choke","floor":7.0,"key":"SMITH"}],"neow_cost":"NONE","seed_source_timestamp":0,"circlet_count":0,"master_deck":["Strike_G","Strike_G","Strike_G","Strike_G","Strike_G","Defend_G+1","Defend_G+1","Defend_G","Defend_G","Defend_G","Survivor","Neutralize","Sucker Punch","Choke+1","Regret","Backflip","Distraction","Setup","Heel Hook","Die Die Die","Enlightenment+1"],"special_seed":0,"relics":["Ring of the Snake","NeowsBlessing","Tiny Chest","War Paint","Strawberry","Turnip","Toxic Egg 2"],"potions_floor_usage":[],"damage_taken":[{"damage":0.0,"enemies":"Small Slimes","floor":1.0,"turns":1.0},{"damage":0.0,"enemies":"Jaw Worm","floor":5.0,"turns":1.0},{"damage":0.0,"enemies":"3 Sentries","floor":6.0,"turns":1.0},{"damage":51.0,"enemies":"Lagavulin","floor":8.0,"turns":8.0},{"damage":0.0,"enemies":"Cultist","floor":10.0,"turns":3.0},{"damage":0,"enemies":"3 Sentries","floor":12,"turns":1}],"seed_played":"6608641188176247118","potions_obtained":[{"floor":8.0,"key":"Block Potion"}],"is_trial":false,"path_per_floor":["M","$","?","T","M","E","R","E","T","M","?","E"],"character_chosen":"THE_SILENT","items_purchased":["Choke"],"campfire_rested":0,"item_purchase_floors":[2],"current_hp_per_floor":[70,70,70,70,70,77,77,26,26,26,26,26],"gold":157,"neow_bonus":"THREE_ENEMY_KILL","is_prod":false,"is_daily":false,"chose_seed":false,"campfire_upgraded":1,"win_rate":0,"timestamp":1562252220,"path_taken":["M","$","?","?","?","E","R","E","T","M","?","E"],"build_version":"2019-07-01","purchased_purges":0,"victory":false,"max_hp_per_floor":[70,70,70,70,70,77,77,77,77,77,77,77],"card_choices":[{"not_picked":["Prepared","Accuracy"],"picked":"Sucker Punch","floor":1.0},{"not_picked":["Dagger Spray","PiercingWail"],"picked":"Backflip","floor":5.0},{"not_picked":["Riddle With Holes","Dagger Spray"],"picked":"Distraction","floor":6.0},{"not_picked":["Calculated Gamble","Expertise"],"picked":"Setup","floor":8.0},{"not_picked":["Choke","Reflex+1"],"picked":"Heel Hook","floor":10.0}],"player_experience":577846,"relics_obtained":[{"floor":4.0,"key":"War Paint"},{"floor":6.0,"key":"Strawberry"},{"floor":8.0,"key":"Turnip"},{"floor":9.0,"key":"Toxic Egg 2"}],"event_choices":[{"damage_healed":0.0,"max_hp_gain":0.0,"max_hp_loss":0.0,"gold_gain":0.0,"event_name":"Big Fish","player_choice":"Box","floor":3.0,"gold_loss":0.0,"damage_taken":0.0,"relics_obtained":["Tiny Chest"],"cards_obtained":["Regret"]},{"damage_healed":0.0,"max_hp_gain":0.0,"max_hp_loss":0.0,"gold_gain":0.0,"event_name":"Match and Keep!","player_choice":"2 cards matched","floor":11.0,"gold_loss":0.0,"damage_taken":0.0,"cards_obtained":["Die Die Die","Enlightenment"]}],"is_beta":false,"boss_relics":[],"items_purged_floors":[],"is_endless":false,"potions_floor_spawned":[8],"killed_by":"3 Sentries","ascension_level":1}