{"gold_per_floor":[113,124,124,134,209,242,242,85,109,124,142,142,142,160,160,263,313,327,327,309,309,328,328,340,353,353,353,353,268,280,291,291,387,387,401,77,77,77,93,93,93,108,108,108,124,124,124,224,224,224],"floor_reached":51,"playtime":4358,"items_purged":["Defend_B"],"score":599,"play_id":"c8dc0802-7cfb-45a3-9d64-dd22b0fb8a2d","local_time":"20181110123405","is_ascension_mode":false,"campfire_choices":[{"data":"Leap","floor":7,"key":"SMITH"},{"floor":13,"key":"REST"},{"data":"Static Discharge","floor":15,"key":"SMITH"},{"data":"Blizzard","floor":23,"key":"SMITH"},{"data":"Glacier","floor":28,"key":"SMITH"},{"data":"Loop","floor":32,"key":"SMITH"},{"data":"Go for the Eyes","floor":40,"key":"SMITH"},{"data":"Fission","floor":44,"key":"SMITH"},{"data":"Capacitor","floor":46,"key":"SMITH"},{"data":"Coolheaded","floor":49,"key":"SMITH"}],"neow_cost":"PERCENT_DAMAGE","seed_source_timestamp":240148506246451,"circlet_count":0,"master_deck":["Defend_B","Defend_B","Defend_B","Leap+1","Coolheaded+1","BootSequence","Conserve Battery","Blizzard+1","Static Discharge+1","Core Surge+1","Go for the Eyes+1","Coolheaded+1","Loop+1","Cold Snap","Glacier+1","Leap","Hologram","Fission+1","Cold Snap","Master of Strategy","Capacitor+1"],"relics":["Cracked Core","Thread and Needle","Ancient Tea Set","Juzu Bracelet","Art of War","Tiny House","Bottled Lightning","Oddly Smooth Stone","Empty Cage","Medical Kit"],"potions_floor_usage":[33,33],"damage_taken":[{"damage":0,"enemies":"Small Slimes","floor":1,"turns":2},{"damage":0,"enemies":"2 Louse","floor":2,"turns":3},{"damage":1,"enemies":"Jaw Worm","floor":4,"turns":3},{"damage":17,"enemies":"3 Sentries","floor":6,"turns":10},{"damage":0,"enemies":"Looter","floor":10,"turns":3},{"damage":0,"enemies":"2 Fungi Beasts","floor":11,"turns":4},{"damage":0,"enemies":"3 Louse","floor":14,"turns":4},{"damage":19,"enemies":"Slime Boss","floor":16,"turns":14},{"damage":1,"enemies":"Shell Parasite","floor":18,"turns":11},{"damage":0,"enemies":"2 Thieves","floor":20,"turns":4},{"damage":0,"enemies":"Snake Plant","floor":22,"turns":6},{"damage":0,"enemies":"Centurion and Healer","floor":24,"turns":12},{"damage":0,"enemies":"Cultist and Chosen","floor":25,"turns":8},{"damage":0,"enemies":"Chosen and Byrds","floor":30,"turns":12},{"damage":0,"enemies":"Centurion and Healer","floor":31,"turns":10},{"damage":23,"enemies":"Collector","floor":33,"turns":17},{"damage":1,"enemies":"Orb Walker","floor":35,"turns":7},{"damage":0,"enemies":"3 Darklings","floor":39,"turns":8},{"damage":3,"enemies":"Sphere and 2 Shapes","floor":42,"turns":8},{"damage":0,"enemies":"Jaw Worm Horde","floor":45,"turns":7},{"damage":11,"enemies":"Time Eater","floor":50,"turns":18}],"seed_played":"-2725385156245095050","potions_obtained":[{"floor":6,"key":"Poison Potion"},{"floor":10,"key":"Dexterity Potion"},{"floor":11,"key":"SpeedPotion"},{"floor":17,"key":"Block Potion"},{"floor":33,"key":"SneckoOil"},{"floor":35,"key":"Poison Potion"}],"is_trial":false,"path_per_floor":["M","M","?","M","?","E","R","$","T","M","M","?","R","M","R","B",null,"M","?","M","?","M","R","M","M","T","?","R","?","M","M","R","B",null,"M","$","?","$","M","R","?","M","T","R","M","R","?","?","R","B",null],"character_chosen":"DEFECT","items_purchased":["Juzu Bracelet","Medical Kit","Cold Snap"],"campfire_rested":1,"item_purchase_floors":[8,36,36],"current_hp_per_floor":[54,54,54,53,42,25,25,25,25,25,25,10,32,32,32,13,80,79,79,79,79,79,79,79,79,79,79,79,79,79,79,79,56,80,79,79,79,79,79,79,69,66,66,66,66,66,66,66,66,55],"gold":224,"neow_bonus":"ONE_RARE_RELIC","is_prod":false,"is_daily":false,"chose_seed":false,"campfire_upgraded":9,"win_rate":0,"timestamp":1541871245,"path_taken":["M","M","?","M","?","E","R","$","T","M","M","?","R","M","R","BOSS","M","?","M","?","M","R","M","M","T","?","R","?","M","M","R","BOSS","M","$","?","?","M","R","?","M","T","R","M","R","?","?","R","BOSS"],"build_version":"2018-11-08","purchased_purges":1,"victory":true,"max_hp_per_floor":[75,75,75,75,75,75,75,75,75,75,75,75,75,75,75,75,80,80,80,80,80,80,80,80,80,80,80,80,80,80,80,80,80,80,80,80,80,80,80,80,80,80,80,80,80,80,80,80,80,80],"card_choices":[{"not_picked":["Stack","Fusion"],"picked":"Leap","floor":1},{"not_picked":["Compile Driver","Fusion"],"picked":"Coolheaded","floor":2},{"not_picked":["Cold Snap","Rebound"],"picked":"BootSequence","floor":4},{"not_picked":["Lockon","Steam","Barrage"],"picked":"SKIP","floor":6},{"not_picked":["Leap","Beam Cell"],"picked":"Conserve Battery","floor":10},{"not_picked":["Aggregate","Stack"],"picked":"Blizzard","floor":11},{"not_picked":["Gash","Steam"],"picked":"Static Discharge","floor":14},{"not_picked":["Amplify","Buffer"],"picked":"Core Surge","floor":16},{"not_picked":["Streamline","Consume"],"picked":"Go for the Eyes","floor":17},{"not_picked":["FTL","Sweeping Beam"],"picked":"Coolheaded","floor":18},{"not_picked":["Sweeping Beam","Turbo"],"picked":"Cold Snap","floor":20},{"not_picked":["Sweeping Beam","Chaos"],"picked":"Glacier","floor":22},{"not_picked":["Static Discharge","Cold Snap","FTL"],"picked":"SKIP","floor":24},{"not_picked":["Turbo","Barrage","Darkness+1"],"picked":"SKIP","floor":25},{"not_picked":["Chaos","Force Field","Ball Lightning"],"picked":"SKIP","floor":30},{"not_picked":["Stack+1","Tempest","Biased Cognition"],"picked":"SKIP","floor":31},{"not_picked":["Amplify","Hyperbeam"],"picked":"Fission","floor":33},{"not_picked":["Sweeping Beam+1","Go for the Eyes","Gash"],"picked":"SKIP","floor":35},{"not_picked":["Beam Cell+1","Steam","FTL"],"picked":"SKIP","floor":39},{"not_picked":["PanicButton","Bandage Up"],"picked":"Master of Strategy","floor":41},{"not_picked":["Streamline","Lockon","Go for the Eyes"],"picked":"SKIP","floor":42},{"not_picked":["Turbo","Redo"],"picked":"Capacitor","floor":45}],"player_experience":315323,"relics_obtained":[{"floor":6,"key":"Ancient Tea Set"},{"floor":9,"key":"Art of War"},{"floor":26,"key":"Bottled Lightning"}],"event_choices":[{"cards_removed":["Strike_B"],"damage_healed":0,"gold_gain":0,"player_choice":"Forget","damage_taken":0,"max_hp_gain":0,"max_hp_loss":0,"event_name":"Living Wall","floor":3,"gold_loss":0},{"damage_healed":0,"gold_gain":75,"player_choice":"Gather Gold","damage_taken":11,"max_hp_gain":0,"max_hp_loss":0,"event_name":"World of Goop","floor":5,"gold_loss":0},{"damage_healed":0,"gold_gain":0,"player_choice":"Entered Light","damage_taken":15,"max_hp_gain":0,"max_hp_loss":0,"event_name":"Shining Light","floor":12,"gold_loss":0,"cards_upgraded":["Dualcast","Coolheaded"]},{"damage_healed":0,"gold_gain":0,"player_choice":"Read","damage_taken":0,"max_hp_gain":0,"max_hp_loss":0,"event_name":"The Library","floor":19,"gold_loss":0,"cards_obtained":["Loop"]},{"damage_healed":0,"gold_gain":0,"player_choice":"Ignored","damage_taken":0,"max_hp_gain":0,"max_hp_loss":0,"event_name":"Vampires","floor":21,"gold_loss":0},{"damage_healed":0,"gold_gain":0,"cards_transformed":["Strike_B","Strike_B"],"player_choice":"Became Test Subject","damage_taken":0,"max_hp_gain":0,"max_hp_loss":0,"event_name":"Drug Dealer","floor":27,"gold_loss":0,"cards_obtained":["Leap","Hologram"]},{"damage_healed":0,"gold_gain":0,"player_choice":"Obtained Relic","damage_taken":0,"relics_obtained":["Oddly Smooth Stone"],"max_hp_gain":0,"max_hp_loss":0,"event_name":"Addict","floor":29,"gold_loss":85},{"damage_healed":0,"gold_gain":0,"player_choice":"0 cards matched","damage_taken":0,"max_hp_gain":0,"max_hp_loss":0,"event_name":"Match and Keep!","floor":37,"gold_loss":0,"cards_obtained":[]},{"damage_healed":0,"gold_gain":0,"player_choice":"Memory 3","damage_taken":10,"max_hp_gain":0,"max_hp_loss":0,"event_name":"SensoryStone","floor":41,"gold_loss":0},{"cards_removed":["Dualcast"],"damage_healed":0,"gold_gain":0,"player_choice":"Removed Skill","damage_taken":0,"max_hp_gain":0,"max_hp_loss":0,"event_name":"Falling","floor":47,"gold_loss":0},{"damage_healed":0,"gold_gain":100,"player_choice":"Pray","damage_taken":0,"max_hp_gain":0,"max_hp_loss":0,"event_name":"Golden Shrine","floor":48,"gold_loss":0}],"is_beta":true,"boss_relics":[{"not_picked":["Nuclear Battery","Ectoplasm"],"picked":"Tiny House"},{"not_picked":["Runic Pyramid","Astrolabe"],"picked":"Empty Cage"}],"items_purged_floors":[36],"is_endless":false,"potions_floor_spawned":[6,10,11,18,20,30,33,35,45],"ascension_level":0}