{"gold_per_floor":[112,112,112,3,18,18,43,43,43,118,132,157,173,201,201,279,279,296,27,44,72,72,106,125,154,178,178],"floor_reached":27,"playtime":1398,"items_purged":[],"score":500,"play_id":"c1bb898d-1700-4406-859f-c31284cf348a","local_time":"20190721021130","is_ascension_mode":true,"campfire_choices":[{"data":"Combust","floor":6,"key":"SMITH"},{"data":"Corruption","floor":8,"key":"SMITH"},{"data":"Inflame","floor":15,"key":"SMITH"}],"neow_cost":"NONE","seed_source_timestamp":182705788942700,"circlet_count":0,"master_deck":["AscendersBane","Strike_R+1","Strike_R","Strike_R","Strike_R","Strike_R","Defend_R+1","Defend_R","Defend_R","Defend_R","Bash","Iron Wave","Bandage Up","Shrug It Off","Combust+1","Corruption+1","Sever Soul","Cleave","Inflame+1","Bludgeon","Fiend Fire","Cleave+1","Fiend Fire","Evolve","Whirlwind+1","True Grit","Fiend Fire","Carnage","True Grit","Iron Wave+1"],"relics":["Burning Blood","NeowsBlessing","Meat on the Bone","Dead Branch","Blue Candle","Thread and Needle","FossilizedHelix","Runic Pyramid","DollysMirror","Red Mask","Blood Vial","Paper Frog","Bag of Preparation"],"potions_floor_usage":[25,27,27],"damage_taken":[{"damage":0,"enemies":"Jaw Worm","floor":1,"turns":1},{"damage":0,"enemies":"Small Slimes","floor":5,"turns":2},{"damage":0,"enemies":"Gremlin Nob","floor":7,"turns":1},{"damage":10,"enemies":"Cultist","floor":11,"turns":4},{"damage":26,"enemies":"Lagavulin","floor":12,"turns":6},{"damage":2,"enemies":"Large Slime","floor":13,"turns":5},{"damage":28,"enemies":"3 Sentries","floor":14,"turns":4},{"damage":39,"enemies":"The Guardian","floor":16,"turns":8},{"damage":17,"enemies":"2 Thieves","floor":18,"turns":2},{"damage":0,"enemies":"Chosen","floor":20,"turns":3},{"damage":13,"enemies":"Masked Bandits","floor":21,"turns":4},{"damage":42,"enemies":"Gremlin Leader","floor":23,"turns":5},{"damage":0,"enemies":"Snecko","floor":24,"turns":3},{"damage":20,"enemies":"Slavers","floor":25,"turns":3},{"damage":75,"enemies":"Gremlin Leader","floor":27,"turns":4}],"seed_played":"-135589389352153029","potions_obtained":[{"floor":13,"key":"SteroidPotion"},{"floor":16,"key":"Dexterity Potion"},{"floor":18,"key":"BloodPotion"},{"floor":25,"key":"SkillPotion"}],"is_trial":false,"path_per_floor":["M","?","?","$","M","R","E","R","T","?","M","E","M","E","R","B",null,"M","$","M","?","?","E","M","E","T","E"],"character_chosen":"IRONCLAD","items_purchased":["Bandage Up","Shrug It Off","DollysMirror","Evolve"],"campfire_rested":0,"item_purchase_floors":[4,4,19,19],"current_hp_per_floor":[74,59,47,47,53,53,63,63,63,52,56,52,64,46,46,29,64,57,57,67,68,68,52,64,52,52,0],"gold":178,"neow_bonus":"THREE_ENEMY_KILL","is_prod":false,"is_daily":false,"chose_seed":false,"campfire_upgraded":3,"win_rate":0,"timestamp":1563689490,"path_taken":["M","?","?","?","?","R","E","R","T","?","M","E","M","E","R","BOSS","M","$","M","?","?","E","M","E","T","E"],"build_version":"2019-07-17","purchased_purges":0,"victory":false,"max_hp_per_floor":[75,75,75,75,75,75,75,75,75,75,75,75,75,75,75,75,75,75,75,75,75,75,75,75,75,75,75],"card_choices":[{"not_picked":["Twin Strike","Warcry"],"picked":"Iron Wave","floor":1},{"not_picked":["Sword Boomerang","Wild Strike"],"picked":"Combust","floor":5},{"not_picked":["Juggernaut","Headbutt"],"picked":"Corruption","floor":7},{"not_picked":["Dropkick","Wild Strike"],"picked":"Sever Soul","floor":11},{"not_picked":["Clash","Blood for Blood"],"picked":"Cleave","floor":12},{"not_picked":["Intimidate","Sword Boomerang"],"picked":"Inflame","floor":13},{"not_picked":["Body Slam","Rupture"],"picked":"Bludgeon","floor":14},{"not_picked":["Dark Embrace","Demon Form"],"picked":"Fiend Fire","floor":16},{"not_picked":["Flex","Whirlwind"],"picked":"Cleave+1","floor":18},{"not_picked":["Clothesline","Clash+1"],"picked":"Whirlwind+1","floor":20},{"not_picked":["Flex","Thunderclap"],"picked":"True Grit","floor":21},{"not_picked":["Armaments","Shrug It Off"],"picked":"Carnage","floor":23},{"not_picked":["Heavy Blade+1","Iron Wave"],"picked":"True Grit","floor":24},{"not_picked":["Body Slam","Carnage"],"picked":"Iron Wave+1","floor":25}],"player_experience":674157,"relics_obtained":[{"floor":7,"key":"Dead Branch"},{"floor":9,"key":"Blue Candle"},{"floor":12,"key":"Thread and Needle"},{"floor":14,"key":"FossilizedHelix"},{"floor":21,"key":"Red Mask"},{"floor":23,"key":"Blood Vial"},{"floor":25,"key":"Paper Frog"},{"floor":26,"key":"Bag of Preparation"}],"event_choices":[{"damage_healed":0,"gold_gain":0,"player_choice":"Entered Light","damage_taken":15,"max_hp_gain":0,"max_hp_loss":0,"event_name":"Shining Light","floor":2,"gold_loss":0,"cards_upgraded":["Strike_R","Defend_R"]},{"damage_healed":0,"gold_gain":0,"player_choice":"Success","damage_taken":12,"relics_obtained":["Meat on the Bone"],"max_hp_gain":0,"max_hp_loss":0,"event_name":"Scrap Ooze","floor":3,"gold_loss":0},{"damage_healed":0,"gold_gain":75,"player_choice":"Gather Gold","damage_taken":11,"max_hp_gain":0,"max_hp_loss":0,"event_name":"World of Goop","floor":10,"gold_loss":0},{"damage_healed":0,"gold_gain":0,"player_choice":"Fought Bandits","damage_taken":0,"max_hp_gain":0,"max_hp_loss":0,"event_name":"Masked Bandits","floor":21,"gold_loss":0},{"damage_healed":0,"gold_gain":0,"player_choice":"Copied","damage_taken":0,"max_hp_gain":0,"max_hp_loss":0,"event_name":"Duplicator","floor":22,"gold_loss":0,"cards_obtained":["Fiend Fire"]}],"is_beta":false,"boss_relics":[{"not_picked":["Pandora\u0027s Box","Philosopher\u0027s Stone"],"picked":"Runic Pyramid"}],"items_purged_floors":[],"is_endless":false,"potions_floor_spawned":[13,16,18,20,24,25],"killed_by":"Gremlin Leader","ascension_level":14}