{"gold_per_floor":[118,393,404,404,418,418,22,22,76,106,126,126,139,44,44,165,165,184,0,18,43,63,63],"floor_reached":23,"playtime":1243,"items_purged":["Regret"],"score":191,"play_id":"6df52a58-e64f-4800-b58c-7a0575174893","local_time":"20190512163157","is_ascension_mode":false,"campfire_choices":[{"floor":6.0,"key":"RECALL"},{"data":"Dagger Throw","floor":15.0,"key":"SMITH"}],"neow_cost":"NONE","seed_source_timestamp":0,"circlet_count":0,"master_deck":["Defend_G","Defend_G","Defend_G","Defend_G","Defend_G","Strike_G","Strike_G","Strike_G","Strike_G","Strike_G","Survivor","Neutralize","PiercingWail","Slice","Flying Knee","Distraction+1","Underhanded Strike","Predator","Dagger Throw","Sucker Punch","Dagger Throw+1","Envenom","Bane+1","Crippling Poison","Catalyst"],"special_seed":0,"relics":["Ring of the Snake","NeowsBlessing","Matryoshka","FossilizedHelix","Tiny Chest","Bag of Preparation","Golden Idol","Lizard Tail","Regal Pillow","Boot"],"potions_floor_usage":[23],"damage_taken":[{"damage":0.0,"enemies":"2 Louse","floor":1.0,"turns":1.0},{"damage":0.0,"enemies":"Cultist","floor":3.0,"turns":1.0},{"damage":0.0,"enemies":"Jaw Worm","floor":5.0,"turns":1.0},{"damage":21.0,"enemies":"Gremlin Nob","floor":10.0,"turns":5.0},{"damage":0.0,"enemies":"2 Fungi Beasts","floor":11.0,"turns":3.0},{"damage":0.0,"enemies":"Blue Slaver","floor":13.0,"turns":3.0},{"damage":12.0,"enemies":"Slime Boss","floor":16.0,"turns":8.0},{"damage":35.0,"enemies":"Spheric Guardian","floor":18.0,"turns":7.0},{"damage":15.0,"enemies":"Chosen","floor":20.0,"turns":8.0},{"damage":34.0,"enemies":"3 Cultists","floor":22.0,"turns":6.0},{"damage":18,"enemies":"Gremlin Leader","floor":23,"turns":5}],"seed_played":"1465364003214896148","potions_obtained":[{"floor":3.0,"key":"EssenceOfSteel"},{"floor":5.0,"key":"PowerPotion"},{"floor":10.0,"key":"FearPotion"},{"floor":22.0,"key":"Fire Potion"}],"is_trial":false,"path_per_floor":["M","?","M","T","M","R","$","?","T","E","M","?","M","$","R","B",null,"M","?","M","T","M","E"],"character_chosen":"THE_SILENT","items_purchased":["FossilizedHelix","Distraction","Sucker Punch","Dagger Throw"],"campfire_rested":0,"item_purchase_floors":[7,7,14,14],"current_hp_per_floor":[70,70,70,70,70,70,70,70,70,49,49,49,49,49,49,37,65,30,30,15,15,16,0],"gold":63,"neow_bonus":"THREE_ENEMY_KILL","is_prod":false,"is_daily":false,"chose_seed":false,"campfire_upgraded":1,"win_rate":0,"timestamp":1557693117,"path_taken":["M","?","?","?","M","R","$","?","T","E","M","?","M","?","R","BOSS","M","?","M","?","M","E"],"build_version":"2019-01-23","purchased_purges":1,"victory":false,"max_hp_per_floor":[70,70,70,70,70,70,70,70,70,70,70,65,65,65,65,65,65,65,65,65,65,65,65],"card_choices":[{"not_picked":["Quick Slash","Underhanded Strike"],"picked":"PiercingWail","floor":1.0},{"not_picked":["Bane","Dodge and Roll"],"picked":"Slice","floor":3.0},{"not_picked":["Deadly Poison","Crippling Poison"],"picked":"Flying Knee","floor":5.0},{"not_picked":["Footwork","Poisoned Stab"],"picked":"Underhanded Strike","floor":10.0},{"not_picked":["Catalyst","Underhanded Strike"],"picked":"Predator","floor":11.0},{"not_picked":["Flying Knee","Dodge and Roll"],"picked":"Dagger Throw","floor":13.0},{"not_picked":["Malaise","Die Die Die"],"picked":"Envenom","floor":16.0},{"not_picked":["Quick Slash","Endless Agony"],"picked":"Bane+1","floor":18.0},{"not_picked":["Poisoned Stab","Terror"],"picked":"Crippling Poison","floor":20.0},{"not_picked":["Escape Plan","Concentrate"],"picked":"Catalyst","floor":22.0}],"player_experience":339372,"relics_obtained":[{"floor":4.0,"key":"Matryoshka"},{"floor":9.0,"key":"Tiny Chest"},{"floor":10.0,"key":"Bag of Preparation"},{"floor":21.0,"key":"Regal Pillow"},{"floor":21.0,"key":"Boot"}],"event_choices":[{"damage_healed":0.0,"max_hp_gain":0.0,"max_hp_loss":0.0,"gold_gain":275.0,"event_name":"Golden Shrine","player_choice":"Desecrate","floor":2.0,"gold_loss":0.0,"damage_taken":0.0,"cards_obtained":["Regret"]},{"damage_healed":0.0,"max_hp_gain":0.0,"max_hp_loss":0.0,"gold_gain":0.0,"event_name":"Living Wall","player_choice":"Grow","floor":8.0,"gold_loss":0.0,"damage_taken":0.0,"cards_upgraded":["Distraction"]},{"damage_healed":0.0,"max_hp_gain":0.0,"max_hp_loss":5.0,"gold_gain":0.0,"event_name":"Golden Idol","player_choice":"Lose Max HP","floor":12.0,"gold_loss":0.0,"damage_taken":0.0,"relics_obtained":["Golden Idol"]},{"damage_healed":0.0,"max_hp_gain":0.0,"max_hp_loss":0.0,"gold_gain":0.0,"event_name":"Masked Bandits","player_choice":"Paid Fearfully","floor":19.0,"gold_loss":184.0,"damage_taken":0.0}],"is_beta":false,"boss_relics":[{"not_picked":["Philosopher\u0027s Stone","Velvet Choker"],"picked":"Lizard Tail"}],"items_purged_floors":[7],"is_endless":false,"potions_floor_spawned":[3,5,10,22],"killed_by":"Gremlin Leader","ascension_level":0}