{"gold_per_floor":[113,40,55,73,83,83,110,110,188,199,216,229,249,267,267,371,371,386,386,386,48,64,64],"floor_reached":23,"playtime":1555,"items_purged":[],"score":220,"play_id":"d8e7c941-e138-4463-9f6c-71485a7b0ab6","local_time":"20190213224639","is_ascension_mode":false,"campfire_choices":[{"floor":6,"key":"RECALL"},{"floor":8,"key":"REST"},{"floor":15,"key":"REST"}],"neow_cost":"NONE","seed_source_timestamp":611303028012,"circlet_count":0,"master_deck":["Strike_B","Strike_B","Strike_B","Strike_B","Defend_B","Defend_B","Defend_B","Defend_B","Zap","Dualcast","Conserve Battery","Darkness","Doom and Gloom","Tempest","Capacitor","Rebound","Leap","White Noise","Sunder","Conserve Battery","Biased Cognition","Thunder Strike","Redo+1","Ghostly","Ghostly","Ghostly","Ghostly","Ghostly","The Bomb","Go for the Eyes+1"],"relics":["Cracked Core","NeowsBlessing","Ginger","Mummified Hand","Odd Mushroom","Lizard Tail","MutagenicStrength","Bag of Marbles"],"potions_floor_usage":[7,7,11,16,18],"damage_taken":[{"damage":0,"enemies":"Jaw Worm","floor":1,"turns":1},{"damage":0,"enemies":"Small Slimes","floor":3,"turns":1},{"damage":0,"enemies":"2 Louse","floor":4,"turns":1},{"damage":4,"enemies":"Exordium Wildlife","floor":5,"turns":4},{"damage":41,"enemies":"Gremlin Nob","floor":7,"turns":5},{"damage":10,"enemies":"Looter","floor":10,"turns":3},{"damage":7,"enemies":"2 Fungi Beasts","floor":11,"turns":2},{"damage":2,"enemies":"3 Louse","floor":12,"turns":4},{"damage":11,"enemies":"The Mushroom Lair","floor":13,"turns":3},{"damage":2,"enemies":"Exordium Thugs","floor":14,"turns":3},{"damage":32,"enemies":"Slime Boss","floor":16,"turns":9},{"damage":29,"enemies":"Spheric Guardian","floor":18,"turns":6},{"damage":5,"enemies":"Shell Parasite","floor":22,"turns":6},{"damage":59,"enemies":"Book of Stabbing","floor":23,"turns":7}],"seed_played":"-1255765535563221135","potions_obtained":[{"floor":1,"key":"EssenceOfSteel"},{"floor":3,"key":"Ancient Potion"},{"floor":5,"key":"PowerPotion"},{"floor":10,"key":"PowerPotion"},{"floor":12,"key":"AttackPotion"},{"floor":16,"key":"PowerPotion"},{"floor":18,"key":"FairyPotion"}],"is_trial":false,"path_per_floor":["M","$","M","M","M","R","E","R","T","M","M","M","?","M","R","B",null,"M","?","?","$","M","E"],"character_chosen":"DEFECT","items_purchased":["Darkness","The Bomb","Bag of Marbles"],"campfire_rested":2,"item_purchase_floors":[2,21,21],"current_hp_per_floor":[75,75,75,75,71,71,30,52,52,42,35,33,22,20,42,10,75,46,37,37,37,32,0],"gold":64,"neow_bonus":"THREE_ENEMY_KILL","is_prod":false,"is_daily":false,"chose_seed":false,"campfire_upgraded":0,"win_rate":0,"timestamp":1550115999,"path_taken":["M","$","M","M","M","R","E","R","T","M","M","M","?","M","R","BOSS","M","?","?","$","M","E"],"build_version":"2019-01-23","purchased_purges":0,"victory":false,"max_hp_per_floor":[75,75,75,75,75,75,75,75,75,75,75,75,75,75,75,75,75,75,37,37,37,37,37],"card_choices":[{"not_picked":["Consume","Compile Driver"],"picked":"Conserve Battery","floor":1},{"not_picked":["Compile Driver","BootSequence"],"picked":"Doom and Gloom","floor":3},{"not_picked":["Hologram","Skim"],"picked":"Tempest","floor":4},{"not_picked":["FTL","Go for the Eyes"],"picked":"Capacitor","floor":5},{"not_picked":["Consume","Coolheaded"],"picked":"Rebound","floor":7},{"not_picked":["Streamline","Barrage"],"picked":"Leap","floor":10},{"not_picked":["Rebound","Sweeping Beam"],"picked":"White Noise","floor":11},{"not_picked":["Steam","Cold Snap"],"picked":"Sunder","floor":12},{"not_picked":["Fusion","Skim"],"picked":"Conserve Battery","floor":13},{"not_picked":["Redo","Stack"],"picked":"Biased Cognition","floor":14},{"not_picked":["Buffer","Fission"],"picked":"Thunder Strike","floor":16},{"not_picked":["Recycle+1","Gash"],"picked":"Redo+1","floor":18},{"not_picked":["Heatsinks+1","Rebound"],"picked":"Go for the Eyes+1","floor":22}],"player_experience":219872,"relics_obtained":[{"floor":7,"key":"Ginger"},{"floor":9,"key":"Mummified Hand"},{"floor":13,"key":"Odd Mushroom"}],"event_choices":[{"damage_healed":0,"gold_gain":0,"player_choice":"Fought Mushrooms","damage_taken":0,"max_hp_gain":0,"max_hp_loss":0,"event_name":"Mushrooms","floor":13,"gold_loss":0},{"damage_healed":0,"gold_gain":0,"player_choice":"Became a Ghost","damage_taken":0,"max_hp_gain":0,"max_hp_loss":38,"event_name":"Ghosts","floor":19,"gold_loss":0,"cards_obtained":["Ghostly","Ghostly","Ghostly","Ghostly","Ghostly"]},{"damage_healed":0,"gold_gain":0,"player_choice":"Inject Mutagens","damage_taken":0,"relics_obtained":["MutagenicStrength"],"max_hp_gain":0,"max_hp_loss":0,"event_name":"Drug Dealer","floor":20,"gold_loss":0}],"is_beta":false,"boss_relics":[{"not_picked":["Astrolabe","Tiny House"],"picked":"Lizard Tail"}],"items_purged_floors":[],"is_endless":false,"potions_floor_spawned":[1,3,5,10,12,16,18],"killed_by":"Book of Stabbing","ascension_level":0}