{"gold_per_floor":[117,130,12,29,29,59,59,92,119,46,46,59,88,106,106,180,180,193,193,207,225,241,241,300,300,323,349,382,382,431,93,93,93],"floor_reached":33,"playtime":1804,"items_purged":["Strike_R"],"score":592,"play_id":"acb4e344-f089-4eac-9e1a-9cca4cfcbafc","local_time":"20190720191107","is_ascension_mode":true,"campfire_choices":[{"data":"Flame Barrier","floor":7,"key":"SMITH"},{"data":"Whirlwind","floor":11,"key":"SMITH"},{"data":"Armaments","floor":15,"key":"SMITH"},{"data":"Bludgeon","floor":23,"key":"SMITH"},{"data":"Clothesline","floor":25,"key":"SMITH"},{"data":"Combust","floor":32,"key":"SMITH"}],"neow_cost":"CURSE","seed_source_timestamp":157077725633500,"circlet_count":0,"master_deck":["AscendersBane","Strike_R","Strike_R","Strike_R","Strike_R","Defend_R","Defend_R","Defend_R","Defend_R","Bash","Rampage","Clothesline+1","Thunderclap","Flame Barrier+1","Armaments+1","Whirlwind+1","Bludgeon+1","True Grit","Feed","Corruption","Carnage","Impervious","Clothesline","Clothesline","Necronomicurse","Combust+1"],"relics":["Burning Blood","FossilizedHelix","Happy Flower","Strawberry","Smiling Mask","Red Skull","Shuriken","Snecko Eye","Tiny Chest","Bag of Preparation","WingedGreaves","Singing Bowl","Necronomicon","Omamori","Mummified Hand"],"potions_floor_usage":[6,16,16,18,21,28,33],"damage_taken":[{"damage":10,"enemies":"Cultist","floor":1,"turns":4},{"damage":0,"enemies":"Jaw Worm","floor":2,"turns":3},{"damage":0,"enemies":"Small Slimes","floor":4,"turns":3},{"damage":6,"enemies":"Gremlin Nob","floor":6,"turns":5},{"damage":35,"enemies":"Lagavulin","floor":8,"turns":8},{"damage":0,"enemies":"Blue Slaver","floor":12,"turns":4},{"damage":12,"enemies":"Gremlin Nob","floor":13,"turns":4},{"damage":0,"enemies":"2 Fungi Beasts","floor":14,"turns":2},{"damage":28,"enemies":"Hexaghost","floor":16,"turns":8},{"damage":6,"enemies":"Chosen","floor":18,"turns":3},{"damage":0,"enemies":"3 Byrds","floor":20,"turns":2},{"damage":0,"enemies":"3 Cultists","floor":21,"turns":3},{"damage":0,"enemies":"Snecko","floor":22,"turns":4},{"damage":0,"enemies":"Gremlin Leader","floor":24,"turns":3},{"damage":7,"enemies":"Slavers","floor":27,"turns":4},{"damage":33,"enemies":"Book of Stabbing","floor":28,"turns":5},{"damage":70,"enemies":"Champ","floor":33,"turns":6}],"seed_played":"4365437877663762344","potions_obtained":[{"floor":2,"key":"Block Potion"},{"floor":4,"key":"FearPotion"},{"floor":8,"key":"EssenceOfSteel"},{"floor":16,"key":"LiquidBronze"},{"floor":20,"key":"Strength Potion"},{"floor":21,"key":"PowerPotion"},{"floor":22,"key":"GamblersBrew"}],"is_trial":false,"path_per_floor":["M","M","?","M","?","E","R","E","T","$","R","M","E","M","R","B",null,"M","?","M","M","M","R","E","R","T","E","E","?","T","$","R","B"],"character_chosen":"IRONCLAD","items_purchased":["Whirlwind","Mummified Hand","Combust"],"campfire_rested":0,"item_purchase_floors":[10,31,31],"current_hp_per_floor":[64,70,70,75,75,82,82,53,53,53,53,59,53,59,59,37,71,71,55,61,67,73,73,79,79,79,81,56,40,40,40,40,0],"gold":93,"neow_bonus":"ONE_RARE_RELIC","is_prod":false,"is_daily":false,"chose_seed":false,"campfire_upgraded":6,"win_rate":0,"timestamp":1563664267,"path_taken":["M","?","?","?","?","E","R","E","T","$","R","M","E","M","R","BOSS","M","?","M","M","M","R","E","R","T","E","E","?","?","$","R","BOSS"],"build_version":"2019-07-17","purchased_purges":1,"victory":false,"max_hp_per_floor":[75,75,75,75,75,82,82,82,82,82,82,82,82,82,82,82,82,82,87,87,87,87,87,87,87,87,90,92,92,92,92,92,92],"card_choices":[{"not_picked":["Headbutt","Body Slam"],"picked":"Rampage","floor":1},{"not_picked":["Perfected Strike","Bloodletting"],"picked":"Clothesline","floor":2},{"not_picked":["Rage","Fire Breathing"],"picked":"Thunderclap","floor":4},{"not_picked":["Inflame","Disarm"],"picked":"Flame Barrier","floor":6},{"not_picked":["Blood for Blood","Sever Soul"],"picked":"Armaments","floor":8},{"not_picked":["Iron Wave","Clash"],"picked":"Bludgeon","floor":12},{"not_picked":["Havoc","Armaments","Reckless Charge"],"picked":"SKIP","floor":13},{"not_picked":["Thunderclap","Burning Pact"],"picked":"True Grit","floor":14},{"not_picked":["Limit Break","Impervious"],"picked":"Feed","floor":16},{"not_picked":["Anger","Pummel","Havoc"],"picked":"SKIP","floor":18},{"not_picked":["Shockwave","Ghostly Armor"],"picked":"Corruption","floor":20},{"not_picked":["Body Slam","Whirlwind"],"picked":"Carnage","floor":21},{"not_picked":["Anger","Dual Wield"],"picked":"Impervious","floor":22},{"not_picked":["Reckless Charge","Twin Strike"],"picked":"Clothesline","floor":24},{"not_picked":["Iron Wave","Cleave"],"picked":"Clothesline","floor":27},{"not_picked":["Sentinel","Fire Breathing","Warcry"],"picked":"Singing Bowl","floor":28}],"player_experience":668420,"relics_obtained":[{"floor":6,"key":"Strawberry"},{"floor":8,"key":"Smiling Mask"},{"floor":9,"key":"Red Skull"},{"floor":13,"key":"Shuriken"},{"floor":24,"key":"Tiny Chest"},{"floor":26,"key":"Bag of Preparation"},{"floor":27,"key":"WingedGreaves"},{"floor":28,"key":"Singing Bowl"},{"floor":29,"key":"Necronomicon"},{"floor":30,"key":"Omamori"}],"event_choices":[{"damage_healed":0,"gold_gain":0,"player_choice":"Paid Gold","damage_taken":0,"relics_obtained":["Happy Flower"],"max_hp_gain":0,"max_hp_loss":0,"event_name":"WeMeetAgain","floor":3,"gold_loss":118},{"cards_removed":["Clumsy"],"damage_healed":0,"gold_gain":0,"player_choice":"Forget","damage_taken":0,"max_hp_gain":0,"max_hp_loss":0,"event_name":"Living Wall","floor":5,"gold_loss":0},{"damage_healed":0,"gold_gain":0,"player_choice":"Shed Blood","damage_taken":21,"max_hp_gain":5,"max_hp_loss":0,"event_name":"Forgotten Altar","floor":19,"gold_loss":0},{"damage_healed":0,"gold_gain":0,"player_choice":"Obtained Book","damage_taken":16,"max_hp_gain":0,"max_hp_loss":0,"event_name":"Cursed Tome","floor":29,"gold_loss":0}],"is_beta":false,"boss_relics":[{"not_picked":["Fusion Hammer","Lizard Tail"],"picked":"Snecko Eye"}],"items_purged_floors":[31],"is_endless":false,"potions_floor_spawned":[2,4,8,16,20,21,22,24],"killed_by":"Champ","ascension_level":14}