{"gold_per_floor":[119,129,279,298,318,318,366,366,392,411,437,456,531,13,13,87,87,97,115,115,134,148,148,148],"floor_reached":24,"playtime":1671,"items_purged":[],"score":361,"play_id":"9ef740e8-c2e7-4c56-9476-b17f2cff1722","local_time":"20190213231550","is_ascension_mode":true,"campfire_choices":[{"data":"A Thousand Cuts","floor":6,"key":"SMITH"},{"data":"Neutralize","floor":8,"key":"SMITH"},{"data":"Leg Sweep","floor":15,"key":"SMITH"},{"floor":23,"key":"REST"}],"neow_cost":"NONE","seed_source_timestamp":8185461570102,"circlet_count":0,"master_deck":["AscendersBane","Defend_G","Defend_G","Defend_G+1","Defend_G","Defend_G","Strike_G","Strike_G","Strike_G","Strike_G","Strike_G","Survivor+1","Neutralize+1","Crippling Poison","Backflip","Doubt","A Thousand Cuts+1","Backflip","Leg Sweep+1","Cloak And Dagger","After Image","PiercingWail","Acrobatics+1","Dagger Throw+1"],"special_seed":0,"relics":["Ring of the Snake","Pen Nib","War Paint","Odd Mushroom","Lee\u0027s Waffle","Mercury Hourglass","Runic Pyramid","FaceOfCleric"],"potions_floor_usage":[5,5,16,18,21,22],"damage_taken":[{"damage":0.0,"enemies":"Cultist","floor":1.0,"turns":4.0},{"damage":5.0,"enemies":"Jaw Worm","floor":2.0,"turns":4.0},{"damage":0.0,"enemies":"Small Slimes","floor":4.0,"turns":4.0},{"damage":0,"enemies":"Gremlin Gang","floor":5,"turns":2},{"damage":19,"enemies":"Exordium Wildlife","floor":10,"turns":7},{"damage":19,"enemies":"The Mushroom Lair","floor":11,"turns":5},{"damage":1,"enemies":"2 Fungi Beasts","floor":12,"turns":4},{"damage":34,"enemies":"Slime Boss","floor":16,"turns":13},{"damage":5,"enemies":"Spheric Guardian","floor":18,"turns":9},{"damage":3,"enemies":"Chosen","floor":19,"turns":8},{"damage":25,"enemies":"Centurion and Healer","floor":21,"turns":12},{"damage":16,"enemies":"Snake Plant","floor":22,"turns":8},{"damage":40,"enemies":"Book of Stabbing","floor":24,"turns":7}],"seed_played":"3910336403212568761","potions_obtained":[{"floor":0.0,"key":"Explosive Potion"},{"floor":0.0,"key":"Energy Potion"},{"floor":4.0,"key":"EntropicBrew"},{"floor":10,"key":"GhostInAJar"},{"floor":16,"key":"PowerPotion"},{"floor":21,"key":"Weak Potion"}],"is_trial":false,"path_per_floor":["M","M","?","M","M","R","T","R","T","M","?","M","?","$","R","B",null,"M","M","?","M","M","R","E"],"character_chosen":"THE_SILENT","items_purchased":["Lee\u0027s Waffle","Mercury Hourglass"],"campfire_rested":1,"item_purchase_floors":[14,14],"current_hp_per_floor":[59,54,54,54,54,54,54,54,54,35,16,15,4,73,73,39,65,60,57,57,33,18,40,0],"gold":148,"neow_bonus":"THREE_SMALL_POTIONS","is_prod":false,"is_daily":false,"chose_seed":false,"campfire_upgraded":3,"win_rate":0,"timestamp":1550117750,"path_taken":["M","M","?","M","M","R","?","R","T","M","?","M","?","$","R","BOSS","M","M","?","M","M","R","E"],"build_version":"2019-02-06","purchased_purges":0,"victory":false,"max_hp_per_floor":[66,66,66,66,66,66,66,66,66,66,66,66,66,73,73,73,73,73,73,73,74,75,75,75],"card_choices":[{"not_picked":["Dagger Throw","Acrobatics"],"picked":"Crippling Poison","floor":1.0},{"not_picked":["Sucker Punch","Blade Dance"],"picked":"Backflip","floor":2.0},{"not_picked":["Dodge and Roll","Skewer"],"picked":"A Thousand Cuts","floor":4.0},{"not_picked":["Eviscerate","Terror"],"picked":"Backflip","floor":5},{"not_picked":["Reflex","Blade Dance"],"picked":"Leg Sweep","floor":10},{"not_picked":["Outmaneuver","Slice"],"picked":"Cloak And Dagger","floor":11},{"not_picked":["Endless Agony","Eviscerate","Dagger Throw"],"picked":"SKIP","floor":12},{"not_picked":["A Thousand Cuts","Venomology"],"picked":"After Image","floor":16},{"not_picked":["Poisoned Stab+1","Dagger Throw"],"picked":"PiercingWail","floor":18},{"not_picked":["Deadly Poison","Flying Knee"],"picked":"Acrobatics+1","floor":19},{"not_picked":["Bane","PiercingWail"],"picked":"Dagger Throw+1","floor":21},{"not_picked":["Bane","Eviscerate","Backflip"],"picked":"SKIP","floor":22}],"player_experience":960244,"relics_obtained":[{"floor":7,"key":"Pen Nib"},{"floor":9,"key":"War Paint"},{"floor":11,"key":"Odd Mushroom"}],"event_choices":[{"damage_healed":0.0,"max_hp_gain":0.0,"max_hp_loss":0.0,"gold_gain":150.0,"event_name":"Liars Game","player_choice":"AGREE","floor":3.0,"gold_loss":0.0,"damage_taken":0.0,"cards_obtained":["Doubt"]},{"damage_healed":0,"gold_gain":0,"player_choice":"Fought Mushrooms","damage_taken":0,"max_hp_gain":0,"max_hp_loss":0,"event_name":"Mushrooms","floor":11,"gold_loss":0},{"damage_healed":0,"gold_gain":75,"player_choice":"Gather Gold","damage_taken":11,"max_hp_gain":0,"max_hp_loss":0,"event_name":"World of Goop","floor":13,"gold_loss":0},{"damage_healed":0,"gold_gain":0,"player_choice":"Trade","damage_taken":0,"relics_obtained":["FaceOfCleric"],"max_hp_gain":0,"max_hp_loss":0,"event_name":"FaceTrader","floor":20,"gold_loss":0}],"is_beta":true,"boss_relics":[{"not_picked":["Cursed Key","WristBlade"],"picked":"Runic Pyramid"}],"items_purged_floors":[],"is_endless":false,"potions_floor_spawned":[4,10,12,16,21],"killed_by":"Book of Stabbing","ascension_level":18}