{"gold_per_floor":[366,378,378,6,25,25,54,54,54,54,66,66,80,90,90,185,185,196,196],"floor_reached":19,"playtime":1547,"items_purged":["Pain"],"score":169,"play_id":"3ab45d4d-af8b-4fda-8971-b86f5b5de45d","local_time":"20190210150221","is_ascension_mode":false,"campfire_choices":[{"floor":6,"key":"RECALL"},{"floor":8,"key":"REST"},{"floor":10,"key":"REST"},{"data":"Zap","floor":15,"key":"SMITH"}],"neow_cost":"CURSE","seed_source_timestamp":240305016459241,"circlet_count":0,"master_deck":["Strike_B","Strike_B","Defend_B","Defend_B","Defend_B","Zap+1","Dualcast","Conserve Battery","Steam","Gash","Finesse","Force Field","Capacitor","Ball Lightning","Streamline","Leap","Reboot","Loop+1","Aggregate+1","Multi-Cast+1","Hello World"],"relics":["Cracked Core","Lantern","Blue Candle","Matryoshka","Astrolabe"],"potions_floor_usage":[7,16,16,19],"damage_taken":[{"damage":5,"enemies":"Cultist","floor":1,"turns":4},{"damage":4,"enemies":"Small Slimes","floor":2,"turns":3},{"damage":3,"enemies":"Jaw Worm","floor":5,"turns":3},{"damage":68,"enemies":"Gremlin Nob","floor":7,"turns":6},{"damage":13,"enemies":"3 Louse","floor":11,"turns":4},{"damage":0,"enemies":"Looter","floor":13,"turns":3},{"damage":2,"enemies":"Large Slime","floor":14,"turns":5},{"damage":18,"enemies":"The Guardian","floor":16,"turns":10},{"damage":1,"enemies":"Shell Parasite","floor":18,"turns":5},{"damage":38,"enemies":"Colosseum Slavers","floor":19,"turns":5},{"damage":64,"enemies":"Colosseum Nobs","floor":19,"turns":4}],"seed_played":"678557788941263097","potions_obtained":[{"floor":1,"key":"Regen Potion"},{"floor":11,"key":"Dexterity Potion"},{"floor":13,"key":"Fire Potion"},{"floor":16,"key":"Energy Potion"}],"is_trial":false,"path_per_floor":["M","M","T","$","M","R","E","R","T","R","M","?","M","M","R","B",null,"M","?"],"character_chosen":"DEFECT","items_purchased":["Lantern","Gash","Finesse"],"campfire_rested":2,"item_purchase_floors":[4,4,4],"current_hp_per_floor":[70,66,66,66,63,63,7,29,29,51,38,38,38,36,36,18,75,74,0],"gold":196,"neow_bonus":"TWO_FIFTY_GOLD","is_prod":false,"is_daily":false,"chose_seed":false,"campfire_upgraded":1,"win_rate":0,"timestamp":1549828941,"path_taken":["M","M","?","$","M","R","E","R","T","R","M","?","M","M","R","BOSS","M","?"],"build_version":"2019-01-23","purchased_purges":1,"victory":false,"max_hp_per_floor":[75,75,75,75,75,75,75,75,75,75,75,75,75,75,75,75,75,75,75],"card_choices":[{"not_picked":["Turbo","Compile Driver"],"picked":"Conserve Battery","floor":1},{"not_picked":["Chaos","Leap"],"picked":"Steam","floor":2},{"not_picked":["Steam","Turbo"],"picked":"Force Field","floor":5},{"not_picked":["Leap","Machine Learning"],"picked":"Capacitor","floor":7},{"not_picked":["Force Field","Scrape"],"picked":"Ball Lightning","floor":11},{"not_picked":["Lockon","Sweeping Beam"],"picked":"Streamline","floor":13},{"not_picked":["Streamline","Hologram"],"picked":"Leap","floor":14},{"not_picked":["Rainbow","Core Surge"],"picked":"Reboot","floor":16},{"not_picked":["Force Field","Heatsinks"],"picked":"Hello World","floor":18}],"player_experience":209348,"relics_obtained":[{"floor":7,"key":"Blue Candle"},{"floor":9,"key":"Matryoshka"}],"event_choices":[{"damage_healed":0,"gold_gain":0,"player_choice":"Leave","damage_taken":0,"max_hp_gain":0,"max_hp_loss":0,"event_name":"The Cleric","floor":12,"gold_loss":0},{"damage_healed":0,"gold_gain":0,"player_choice":"Fight","damage_taken":0,"max_hp_gain":0,"max_hp_loss":0,"event_name":"Colosseum","floor":19,"gold_loss":0},{"damage_healed":0,"gold_gain":0,"player_choice":"Fought Nobs","damage_taken":0,"max_hp_gain":0,"max_hp_loss":0,"event_name":"Colosseum","floor":19,"gold_loss":0}],"is_beta":false,"boss_relics":[{"not_picked":["Calling Bell","Fusion Hammer"],"picked":"Astrolabe"}],"items_purged_floors":[4],"is_endless":false,"potions_floor_spawned":[1,11,13,16],"killed_by":"Colosseum Nobs","ascension_level":0}