{"gold_per_floor":[116,133,50,65,25,25,25,36,59,59,75,75,86,161,161,236,236,250,250,262,279,549,549,583,599,599,599,619,669,669,685,685,762,762,774,794,289,303,313,313],"floor_reached":40,"playtime":1835,"items_purged":[],"score":836,"play_id":"7de3eb27-6a09-4abb-9a4b-071ad1d6c8ac","local_time":"20190204183035","is_ascension_mode":true,"campfire_choices":[{"data":"Defragment","floor":6.0,"key":"SMITH"},{"data":"Static Discharge","floor":10.0,"key":"SMITH"},{"data":"Thunder Strike","floor":12.0,"key":"SMITH"},{"floor":15.0,"key":"REST"},{"floor":23.0,"key":"REST"},{"floor":27.0,"key":"REST"},{"data":"Storm","floor":32.0,"key":"SMITH"}],"neow_cost":"NONE","seed_source_timestamp":534065040868529,"circlet_count":0,"master_deck":["AscendersBane","Strike_B+1","Strike_B+1","Strike_B+1","Strike_B+1","Defend_B+1","Defend_B+1","Defend_B+1","Defend_B+1","Zap+1","Dualcast","Tempest","Leap","Static Discharge+1","Defragment+1","Self Repair","Capacitor","Thunder Strike+1","Glacier","Seek","Go for the Eyes","Storm+1","Leap+1","White Noise+1","Coolheaded+1","Seek","Fission","Chill+1","Glacier","Stack+1"],"special_seed":0,"relics":["Cracked Core","Centennial Puzzle","Anchor","Nuclear Battery","Art of War","Bottled Tornado","CultistMask","Sozu","Juzu Bracelet","Gambling Chip"],"potions_floor_usage":[],"damage_taken":[{"damage":0.0,"enemies":"Cultist","floor":1.0,"turns":3.0},{"damage":5.0,"enemies":"2 Louse","floor":2.0,"turns":3.0},{"damage":4.0,"enemies":"Small Slimes","floor":4.0,"turns":3.0},{"damage":13.0,"enemies":"Looter","floor":8.0,"turns":3.0},{"damage":22.0,"enemies":"2 Fungi Beasts","floor":11.0,"turns":2.0},{"damage":9.0,"enemies":"Gremlin Gang","floor":13.0,"turns":3.0},{"damage":0.0,"enemies":"Hexaghost","floor":16.0,"turns":10.0},{"damage":7.0,"enemies":"2 Thieves","floor":18.0,"turns":2.0},{"damage":0.0,"enemies":"Shell Parasite","floor":20.0,"turns":7.0},{"damage":11.0,"enemies":"Snecko","floor":21.0,"turns":4.0},{"damage":12.0,"enemies":"Book of Stabbing","floor":24.0,"turns":6.0},{"damage":12.0,"enemies":"3 Cultists","floor":25.0,"turns":4.0},{"damage":14.0,"enemies":"Centurion and Healer","floor":28.0,"turns":7.0},{"damage":4.0,"enemies":"Snecko","floor":31.0,"turns":4.0},{"damage":47.0,"enemies":"Automaton","floor":33.0,"turns":9.0},{"damage":30.0,"enemies":"3 Darklings","floor":35.0,"turns":4.0},{"damage":0.0,"enemies":"Orb Walker","floor":36.0,"turns":4.0},{"damage":0.0,"enemies":"4 Shapes","floor":38.0,"turns":4.0},{"damage":9,"enemies":"Transient","floor":39,"turns":6},{"damage":48,"enemies":"Reptomancer","floor":40,"turns":4}],"seed_played":"4131295194456641102","potions_obtained":[{"floor":1.0,"key":"Dexterity Potion"},{"floor":11.0,"key":"FocusPotion"},{"floor":13.0,"key":"FocusPotion"},{"floor":20.0,"key":"SkillPotion"},{"floor":25.0,"key":"FocusPotion"},{"floor":33.0,"key":"LiquidBronze"}],"is_trial":false,"path_per_floor":["M","M","$","M","$","R","?","M","T","R","M","R","M","?","R","B",null,"M","?","M","M","?","R","E","M","T","R","M","?","?","M","R","B",null,"M","M","$","M","M","E"],"character_chosen":"DEFECT","items_purchased":["Static Discharge","Self Repair","Juzu Bracelet","Gambling Chip"],"campfire_rested":3,"item_purchase_floors":[3,5,37,37],"current_hp_per_floor":[64,59,59,55,55,55,50,44,44,44,22,22,13,2,23,30,61,54,54,61,57,29,50,45,40,40,61,54,54,54,57,57,17,58,35,42,42,49,47,0],"gold":313,"neow_bonus":"UPGRADE_CARD","is_prod":false,"is_daily":false,"chose_seed":false,"campfire_upgraded":4,"win_rate":0,"timestamp":1549323035,"path_taken":["M","M","$","?","?","R","?","M","T","R","M","R","M","?","R","BOSS","M","?","M","M","?","R","E","M","T","R","?","?","?","M","R","BOSS","M","M","$","M","M","E"],"build_version":"2019-01-23","purchased_purges":0,"victory":false,"max_hp_per_floor":[71,71,71,71,71,71,71,71,71,71,71,71,71,71,71,71,71,71,71,71,71,71,71,71,71,71,71,71,71,71,71,71,71,71,71,71,71,71,71,71],"card_choices":[{"not_picked":["Aggregate","Steam"],"picked":"Tempest","floor":1.0},{"not_picked":["Steam Power","Aggregate"],"picked":"Leap","floor":2.0},{"not_picked":["Skim","Hologram"],"picked":"Defragment","floor":4.0},{"not_picked":["Sunder","Gash"],"picked":"Capacitor","floor":8.0},{"not_picked":["Compile Driver","Gash"],"picked":"Thunder Strike","floor":11.0},{"not_picked":["Leap","Reinforced Body"],"picked":"Glacier","floor":13.0},{"not_picked":["Fission","All For One"],"picked":"Seek","floor":16.0},{"not_picked":["Steam","Hello World"],"picked":"Go for the Eyes","floor":18.0},{"not_picked":["Stack","Conserve Battery"],"picked":"Storm","floor":20.0},{"not_picked":["Redo","Stack"],"picked":"Leap+1","floor":21.0},{"not_picked":["Coolheaded","Turbo"],"picked":"White Noise+1","floor":24.0},{"not_picked":["Redo","Barrage","Sweeping Beam"],"picked":"SKIP","floor":25.0},{"not_picked":["Redo","Streamline"],"picked":"Coolheaded+1","floor":28.0},{"not_picked":["Self Repair","Lockon"],"picked":"Seek","floor":31.0},{"not_picked":["Hyperbeam","Biased Cognition"],"picked":"Fission","floor":33.0},{"not_picked":["Cold Snap","BootSequence"],"picked":"Chill+1","floor":35.0},{"not_picked":["Steam","Gash","Rebound+1"],"picked":"SKIP","floor":36.0},{"not_picked":["Barrage","Force Field"],"picked":"Glacier","floor":38.0},{"not_picked":["Melter","Sweeping Beam"],"picked":"Stack+1","floor":39}],"player_experience":904913,"relics_obtained":[{"floor":9.0,"key":"Anchor"},{"floor":24.0,"key":"Art of War"},{"floor":26.0,"key":"Bottled Tornado"}],"event_choices":[{"damage_healed":0.0,"max_hp_gain":0.0,"max_hp_loss":0.0,"gold_gain":0.0,"event_name":"Scrap Ooze","player_choice":"Success","floor":7.0,"gold_loss":0.0,"damage_taken":5.0,"relics_obtained":["Centennial Puzzle"]},{"damage_healed":0.0,"max_hp_gain":0.0,"max_hp_loss":0.0,"gold_gain":75.0,"event_name":"World of Goop","player_choice":"Gather Gold","floor":14.0,"gold_loss":0.0,"damage_taken":11.0},{"damage_healed":0.0,"max_hp_gain":0.0,"max_hp_loss":0.0,"gold_gain":0.0,"event_name":"Back to Basics","player_choice":"Simplicity","floor":19.0,"gold_loss":0.0,"damage_taken":0.0,"cards_upgraded":["Strike_B","Strike_B","Strike_B","Strike_B","Defend_B","Defend_B","Defend_B","Defend_B"]},{"damage_healed":0.0,"max_hp_gain":0.0,"max_hp_loss":0.0,"gold_gain":270.0,"event_name":"Knowing Skull","player_choice":"GOLD GOLD GOLD ","floor":22.0,"potions_obtained":[],"gold_loss":0.0,"damage_taken":28.0,"cards_obtained":[]},{"damage_healed":0.0,"max_hp_gain":0.0,"max_hp_loss":0.0,"gold_gain":50.0,"event_name":"Nest","player_choice":"Stole From Cult","floor":29.0,"gold_loss":0.0,"damage_taken":0.0},{"damage_healed":0.0,"max_hp_gain":0.0,"max_hp_loss":0.0,"gold_gain":0.0,"event_name":"FaceTrader","player_choice":"Trade","floor":30.0,"gold_loss":0.0,"damage_taken":0.0,"relics_obtained":["CultistMask"]}],"is_beta":true,"boss_relics":[{"not_picked":["Black Star","Philosopher\u0027s Stone"],"picked":"Nuclear Battery"},{"not_picked":["Fusion Hammer","Busted Crown"],"picked":"Sozu"}],"items_purged_floors":[],"is_endless":false,"potions_floor_spawned":[1,11,13,20,21,25,28,33,35],"killed_by":"Reptomancer","ascension_level":17}