{"gold_per_floor":[117,128,148,164,184,211,211,243,268,283,313,313,338,318,318,417,417,434,533,543,562,438,472,472,472,472,505,505,537,537,13,13,111,111,123,141,151,46,146,146,172,192,242,242,259,259,259,0,0,0],"floor_reached":50,"playtime":5349,"items_purged":["Strike_R","Defend_R"],"score":694,"play_id":"8c07e0fe-2011-4794-bc24-e5c1f1a1d89f","local_time":"20190716114741","is_ascension_mode":true,"campfire_choices":[{"floor":7,"key":"REST"},{"floor":12,"key":"REST"},{"floor":15,"key":"REST"},{"floor":24,"key":"REST"},{"floor":30,"key":"REST"},{"floor":32,"key":"RECALL"},{"floor":40,"key":"REST"},{"floor":44,"key":"REST"},{"floor":47,"key":"REST"},{"floor":49,"key":"DIG"}],"neow_cost":"NONE","seed_source_timestamp":61526758518735,"circlet_count":0,"master_deck":["Strike_R","Strike_R","Strike_R","Strike_R","Defend_R+1","Defend_R","Defend_R","Bash","Wild Strike+1","Perfected Strike","True Grit+1","Pommel Strike+1","Inflame","Twin Strike+1","Feed+1","Juggernaut","Perfected Strike+1","Rage","Whirlwind+1","Shrug It Off","Pommel Strike+1","True Grit+1","Second Wind+1","Reaper+1","Thunderclap+1","Evolve","Power Through","Shockwave+1","Parasite"],"relics":["Fusion Hammer","Blue Candle","Molten Egg 2","Juzu Bracelet","Lantern","War Paint","Orrery","Pen Nib","Paper Frog","Centennial Puzzle","Ornamental Fan","Bottled Tornado","Lee\u0027s Waffle","Whetstone","Mark of Pain","Mummified Hand","Dead Branch","Shovel","Oddly Smooth Stone","Red Mask","Bottled Flame"],"potions_floor_usage":[5,8,16,16,16,16,18,23,27,27,27,29,33,33,41,42,50],"damage_taken":[{"damage":0,"enemies":"Cultist","floor":1,"turns":2},{"damage":4,"enemies":"2 Louse","floor":2,"turns":2},{"damage":0,"enemies":"Jaw Worm","floor":3,"turns":2},{"damage":5,"enemies":"Exordium Thugs","floor":4,"turns":4},{"damage":0,"enemies":"3 Louse","floor":5,"turns":3},{"damage":13,"enemies":"3 Sentries","floor":6,"turns":8},{"damage":20,"enemies":"Gremlin Nob","floor":8,"turns":4},{"damage":4,"enemies":"Red Slaver","floor":10,"turns":3},{"damage":17,"enemies":"3 Sentries","floor":11,"turns":6},{"damage":31,"enemies":"Lagavulin","floor":13,"turns":4},{"damage":12,"enemies":"Slime Boss","floor":16,"turns":7},{"damage":17,"enemies":"Shell Parasite","floor":18,"turns":4},{"damage":21,"enemies":"3 Byrds","floor":20,"turns":4},{"damage":0,"enemies":"Snecko","floor":21,"turns":2},{"damage":49,"enemies":"Gremlin Leader","floor":23,"turns":6},{"damage":24,"enemies":"Book of Stabbing","floor":27,"turns":4},{"damage":0,"enemies":"Gremlin Leader","floor":29,"turns":7},{"damage":38,"enemies":"Automaton","floor":33,"turns":8},{"damage":23,"enemies":"3 Shapes","floor":35,"turns":3},{"damage":35,"enemies":"3 Darklings","floor":36,"turns":3},{"damage":31,"enemies":"Maw","floor":37,"turns":6},{"damage":8,"enemies":"Mind Bloom Boss Battle","floor":39,"turns":4},{"damage":38,"enemies":"Nemesis","floor":41,"turns":6},{"damage":12,"enemies":"Writhing Mass","floor":42,"turns":4},{"damage":16,"enemies":"4 Shapes","floor":45,"turns":3},{"damage":88,"enemies":"Awakened One","floor":50,"turns":12}],"seed_played":"6478431239257332068","potions_obtained":[{"floor":3,"key":"Weak Potion"},{"floor":4,"key":"Block Potion"},{"floor":8,"key":"LiquidBronze"},{"floor":13,"key":"EssenceOfSteel"},{"floor":14,"key":"EntropicBrew"},{"floor":16,"key":"SteroidPotion"},{"floor":23,"key":"Block Potion"},{"floor":27,"key":"Poison Potion"},{"floor":29,"key":"Dexterity Potion"},{"floor":35,"key":"Ancient Potion"},{"floor":41,"key":"Fire Potion"},{"floor":42,"key":"LiquidBronze"}],"is_trial":false,"path_per_floor":["M","M","M","M","M","E","R","E","T","M","E","R","E","?","R","B",null,"M","?","M","M","$","E","R","T","T","E","?","E","R","$","R","B",null,"M","M","M","?","?","R","E","M","T","R","M","?","R","?","R","B"],"character_chosen":"IRONCLAD","items_purchased":["FearPotion","Lee\u0027s Waffle","Whetstone","EssenceOfSteel"],"campfire_rested":8,"item_purchase_floors":[22,31,31,31],"current_hp_per_floor":[80,76,76,71,71,58,80,60,60,56,39,63,32,32,56,48,84,71,71,54,54,54,5,32,32,32,8,8,8,35,99,99,61,99,80,60,29,29,28,58,21,9,9,39,55,55,85,85,85,0],"gold":0,"neow_bonus":"BOSS_RELIC","is_prod":false,"is_daily":false,"chose_seed":false,"campfire_upgraded":0,"win_rate":0,"timestamp":1563295661,"path_taken":["M","M","M","?","M","E","R","E","T","M","E","R","E","?","R","BOSS","M","?","M","M","$","E","R","?","T","E","?","E","R","$","R","BOSS","M","M","M","?","?","R","E","M","T","R","M","?","R","?","R","BOSS"],"build_version":"2019-07-05","purchased_purges":2,"victory":false,"max_hp_per_floor":[80,80,80,80,80,80,80,80,80,80,80,80,80,80,80,84,84,88,88,92,92,92,92,92,92,92,92,92,92,92,99,99,99,99,103,103,103,103,103,103,103,103,103,103,103,103,103,103,103,103],"card_choices":[{"not_picked":["Sword Boomerang","Entrench"],"picked":"Wild Strike","floor":1},{"not_picked":["Second Wind","Thunderclap"],"picked":"Perfected Strike","floor":2},{"not_picked":["Iron Wave","Clash"],"picked":"True Grit","floor":3},{"not_picked":["Sword Boomerang","Iron Wave","Intimidate"],"picked":"SKIP","floor":4},{"not_picked":["Headbutt","Iron Wave"],"picked":"Pommel Strike","floor":5},{"not_picked":["Iron Wave","Hemokinesis","Rampage"],"picked":"SKIP","floor":6},{"not_picked":["Wild Strike","Rampage"],"picked":"Inflame","floor":8},{"not_picked":["Flex","Clash+1","Berserk"],"picked":"SKIP","floor":10},{"not_picked":["Sentinel","Reckless Charge+1"],"picked":"Twin Strike+1","floor":11},{"not_picked":["Seeing Red","Uppercut+1"],"picked":"Feed+1","floor":13},{"not_picked":["Offering","Barricade"],"picked":"Juggernaut","floor":16},{"not_picked":["Havoc","Wild Strike+1"],"picked":"Perfected Strike+1","floor":17},{"not_picked":["Clash+1","Thunderclap+1"],"picked":"Rage","floor":17},{"not_picked":["Headbutt+1","Clothesline+1"],"picked":"Whirlwind+1","floor":17},{"not_picked":["Flex","Pommel Strike+1"],"picked":"Shrug It Off","floor":18},{"not_picked":["Clash+1","Rage","Dropkick+1"],"picked":"SKIP","floor":20},{"not_picked":["Flex+1","Clash+1"],"picked":"Pommel Strike+1","floor":21},{"not_picked":["Anger+1","Headbutt+1"],"picked":"True Grit+1","floor":23},{"not_picked":["Anger+1","Brutality","Exhume"],"picked":"SKIP","floor":27},{"not_picked":["Blood for Blood+1","Battle Trance+1"],"picked":"Second Wind","floor":29},{"not_picked":["Dark Embrace","Exhume"],"picked":"Reaper+1","floor":33},{"not_picked":["Body Slam+1","Reckless Charge+1"],"picked":"Thunderclap+1","floor":35},{"not_picked":["Sword Boomerang+1","Power Through"],"picked":"Evolve","floor":36},{"not_picked":["Clash+1","Clothesline+1","True Grit+1"],"picked":"SKIP","floor":37},{"not_picked":["True Grit+1","Clothesline+1"],"picked":"Power Through","floor":39},{"not_picked":["Pummel+1","Brutality"],"picked":"Shockwave+1","floor":41},{"not_picked":["Headbutt+1","Twin Strike+1","Evolve"],"picked":"SKIP","floor":42},{"not_picked":["Headbutt+1","Sword Boomerang+1","Clothesline+1"],"picked":"SKIP","floor":45}],"player_experience":178717,"relics_obtained":[{"floor":6,"key":"Blue Candle"},{"floor":8,"key":"Molten Egg 2"},{"floor":9,"key":"Juzu Bracelet"},{"floor":11,"key":"Lantern"},{"floor":13,"key":"War Paint"},{"floor":23,"key":"Pen Nib"},{"floor":26,"key":"Paper Frog"},{"floor":27,"key":"Centennial Puzzle"},{"floor":29,"key":"Bottled Tornado"},{"floor":39,"key":"Dead Branch"},{"floor":41,"key":"Shovel"},{"floor":43,"key":"Oddly Smooth Stone"},{"floor":49,"key":"Bottled Flame"}],"event_choices":[{"damage_healed":0,"gold_gain":0,"player_choice":"Bought 1 Potion","damage_taken":0,"max_hp_gain":0,"max_hp_loss":0,"event_name":"The Woman in Blue","floor":14,"gold_loss":0},{"damage_healed":0,"gold_gain":99,"player_choice":"Stole From Cult","damage_taken":0,"max_hp_gain":0,"max_hp_loss":0,"event_name":"Nest","floor":19,"gold_loss":0},{"damage_healed":0,"gold_gain":0,"player_choice":"Opened","damage_taken":0,"relics_obtained":["Ornamental Fan"],"max_hp_gain":0,"max_hp_loss":0,"event_name":"The Mausoleum","floor":28,"gold_loss":0},{"damage_healed":0,"gold_gain":0,"player_choice":"Paid Gold","damage_taken":0,"relics_obtained":["Mummified Hand"],"max_hp_gain":0,"max_hp_loss":0,"event_name":"WeMeetAgain","floor":38,"gold_loss":105},{"damage_healed":0,"gold_gain":0,"player_choice":"Fight","damage_taken":0,"max_hp_gain":0,"max_hp_loss":0,"event_name":"MindBloom","floor":39,"gold_loss":0},{"damage_healed":0,"gold_gain":0,"player_choice":"Forge","damage_taken":0,"max_hp_gain":0,"max_hp_loss":0,"event_name":"Accursed Blacksmith","floor":46,"gold_loss":0,"cards_upgraded":["Second Wind"]},{"damage_healed":0,"gold_gain":0,"player_choice":"Paid","damage_taken":0,"relics_obtained":["Red Mask"],"max_hp_gain":0,"max_hp_loss":0,"event_name":"Tomb of Lord Red Mask","floor":48,"gold_loss":259}],"is_beta":false,"boss_relics":[{"not_picked":["Busted Crown","Pandora\u0027s Box"],"picked":"Orrery"},{"not_picked":["Cursed Key","Snecko Eye"],"picked":"Mark of Pain"}],"items_purged_floors":[22,31],"is_endless":false,"potions_floor_spawned":[3,4,8,13,16,23,27,29,35,41,42],"killed_by":"Awakened One","ascension_level":2}