{"gold_per_floor":[414,428,428,443,293,293,293,293,344,64,64,64,64,64,64,168,168,179,179,179,179,3,3,18,18,93,93,8,8,8,8,8,110,110,128,128,0,999,999,1009,1009,1009,1009,1109,812,825,518,531,531,627,627,646,673,689,437,455,455,455,455,455,231,244,263,36,48,48,146,146,163,163,35,35,35,46,46,46,73,73,73,107,136,136,136,232,232,245,345,345,394,394,394,394,394,419,419,419,641,672,672],"floor_reached":99,"playtime":8971,"items_purged":[],"score":1916,"play_id":"57487576-194f-4fc2-8283-7db460c0461f","local_time":"20181216123838","daily_mods":["SealedDeck","Hoarder","Heirloom","Flight"],"is_ascension_mode":false,"campfire_choices":[{"data":"Flame Barrier","floor":6.0,"key":"SMITH"},{"data":"Flame Barrier","floor":7.0,"key":"SMITH"},{"data":"Flame Barrier","floor":8.0,"key":"SMITH"},{"data":"Body Slam","floor":12.0,"key":"SMITH"},{"data":"Body Slam","floor":13.0,"key":"SMITH"},{"data":"Body Slam","floor":15.0,"key":"SMITH"},{"data":"Feed","floor":23,"key":"SMITH"},{"data":"Feed","floor":25,"key":"SMITH"},{"data":"Feed","floor":29,"key":"SMITH"},{"data":"RitualDagger","floor":32,"key":"SMITH"},{"floor":41,"key":"DIG"},{"floor":42,"key":"DIG"},{"floor":49,"key":"REST"},{"data":"RitualDagger","floor":57,"key":"SMITH"},{"data":"RitualDagger","floor":59,"key":"SMITH"},{"floor":66,"key":"DIG"},{"floor":83,"key":"REST"},{"floor":91,"key":"REST"},{"floor":92,"key":"DIG"},{"floor":93,"key":"DIG"}],"neow_cost":"","seed_source_timestamp":0,"circlet_count":2,"master_deck":["Thunderclap","Thunderclap","Thunderclap","Fire Breathing","Fire Breathing","Cleave","Cleave","Cleave","Rampage","Rampage","Rampage","Battle Trance+1","Battle Trance","Battle Trance","Clothesline","Clothesline","Clothesline","Body Slam+1","Body Slam+1","Body Slam+1","Iron Wave","Iron Wave","Iron Wave","Shrug It Off","Shrug It Off","Shrug It Off","Flame Barrier+1","Flame Barrier+1","Flame Barrier+1","Power Through","Power Through","Power Through+1","Feed+1","Feed+1","Feed+1","Armaments","Armaments","Armaments+1","Armaments+1","Armaments+1","Armaments+1","RitualDagger+1","RitualDagger+1","RitualDagger+1","Offering+1","Offering+1","Offering+1","Madness+1","Madness+1","Madness+1","Madness+1","Madness+1","Madness+1","Normality","Normality","Normality","Normality","Normality","Body Slam+1","Body Slam+1","Body Slam+1","Ghostly Armor+1","Ghostly Armor+1","Ghostly Armor+1","Limit Break+1","Limit Break+1","Limit Break+1","Impervious+1","Impervious+1","Impervious+1","Feed+1","Feed+1","Feed+1","Spot Weakness+1","Spot Weakness+1","Spot Weakness+1","Dual Wield+1","Dual Wield+1","Dual Wield+1","Flame Barrier+1","Flame Barrier+1","Flame Barrier+1","Double Tap+1","Double Tap+1","Double Tap+1","Madness+1","Madness+1","Madness+1","Madness+1","Madness+1","Madness+1"],"special_seed":0,"relics":["Black Blood","Old Coin","Happy Flower","Lantern","Membership Card","Oddly Smooth Stone","Paper Frog","Runic Cube","Shovel","MutagenicStrength","Tiny Chest","Toxic Egg 2","Dodecahedron","Thread and Needle","Gremlin Horn","Question Card","White Beast Statue","Red Mask","Unceasing Top","Potion Belt","Mummified Hand","Toy Ornithopter","Dream Catcher","Molten Egg 2","Mercury Hourglass","War Paint","Cauldron","Eternal Feather","DollysMirror","PreservedInsect","Anchor","Vajra","Sundial","OrangePellets","Blue Candle","MealTicket","Juzu Bracelet","Circlet","Frozen Egg 2","Black Star","Charon\u0027s Ashes","Pocketwatch","Bottled Lightning","Blood Vial"],"potions_floor_usage":[33,40,50,50,50,50,50,50,56,63,67,74,74,75,80,80,80,84,84,87,87,89,89,98,98],"damage_taken":[{"damage":0.0,"enemies":"2 Louse","floor":1.0,"turns":2.0},{"damage":0.0,"enemies":"Cultist","floor":2.0,"turns":3.0},{"damage":8.0,"enemies":"Jaw Worm","floor":4.0,"turns":3.0},{"damage":24.0,"enemies":"Hexaghost","floor":16.0,"turns":9.0},{"damage":0,"enemies":"3 Byrds","floor":18,"turns":4},{"damage":3,"enemies":"Shell Parasite","floor":24,"turns":6},{"damage":60,"enemies":"Champ","floor":33,"turns":18},{"damage":6,"enemies":"3 Darklings","floor":35,"turns":3},{"damage":19,"enemies":"3 Shapes","floor":40,"turns":8},{"damage":37,"enemies":"Writhing Mass","floor":46,"turns":10},{"damage":14,"enemies":"4 Shapes","floor":48,"turns":12},{"damage":93,"enemies":"Donu and Deca","floor":50,"turns":14},{"damage":6,"enemies":"Cultist","floor":52,"turns":2},{"damage":5,"enemies":"Gremlin Nob","floor":53,"turns":4},{"damage":10,"enemies":"Small Slimes","floor":54,"turns":5},{"damage":6,"enemies":"Jaw Worm","floor":56,"turns":5},{"damage":0,"enemies":"Blue Slaver","floor":62,"turns":2},{"damage":2,"enemies":"3 Louse","floor":63,"turns":3},{"damage":7,"enemies":"Large Slime","floor":65,"turns":7},{"damage":119,"enemies":"Hexaghost","floor":67,"turns":7},{"damage":6,"enemies":"Shell Parasite","floor":69,"turns":2},{"damage":52,"enemies":"Chosen","floor":74,"turns":5},{"damage":69,"enemies":"Colosseum Slavers","floor":75,"turns":9},{"damage":0,"enemies":"Gremlin Leader","floor":77,"turns":3},{"damage":111,"enemies":"Slavers","floor":80,"turns":5},{"damage":6,"enemies":"Masked Bandits","floor":81,"turns":2},{"damage":29,"enemies":"Automaton","floor":84,"turns":6},{"damage":0,"enemies":"3 Shapes","floor":86,"turns":2},{"damage":119,"enemies":"Mind Bloom Boss Battle","floor":87,"turns":20},{"damage":123,"enemies":"2 Orb Walkers","floor":89,"turns":7},{"damage":65,"enemies":"Giant Head","floor":94,"turns":6},{"damage":103,"enemies":"Nemesis","floor":98,"turns":7},{"damage":0,"enemies":"3 Darklings","floor":99,"turns":1}],"seed_played":"8557653141210813880","potions_obtained":[{"floor":1.0,"key":"AttackPotion"},{"floor":33,"key":"Weak Potion"},{"floor":35,"key":"Block Potion"},{"floor":40,"key":"PowerPotion"},{"floor":46,"key":"LiquidBronze"},{"floor":47,"key":"EntropicBrew"},{"floor":47,"key":"BloodPotion"},{"floor":47,"key":"GamblersBrew"},{"floor":47,"key":"Energy Potion"},{"floor":50,"key":"AttackPotion"},{"floor":52,"key":"Regen Potion"},{"floor":56,"key":"Explosive Potion"},{"floor":62,"key":"EssenceOfSteel"},{"floor":63,"key":"Explosive Potion"},{"floor":65,"key":"Block Potion"},{"floor":67,"key":"LiquidBronze"},{"floor":69,"key":"EssenceOfSteel"},{"floor":74,"key":"Weak Potion"},{"floor":77,"key":"EssenceOfSteel"},{"floor":80,"key":"Energy Potion"},{"floor":81,"key":"SteroidPotion"},{"floor":82,"key":"Block Potion"},{"floor":82,"key":"SneckoOil"},{"floor":82,"key":"FearPotion"},{"floor":84,"key":"SkillPotion"},{"floor":86,"key":"Ancient Potion"},{"floor":87,"key":"Explosive Potion"},{"floor":89,"key":"Ancient Potion"},{"floor":94,"key":"Ancient Potion"},{"floor":98,"key":"Block Potion"}],"is_trial":true,"path_per_floor":["M","M","?","M","$","R","R","R","T","$","?","R","R","?","R","B",null,"M","?","?","?","$","R","M","R","T","T","?","R","T","?","R","B",null,"M","?","?","?","?","M","R","R","T","?","$","M","$","M","R","B",null,"M","E","M","$","M","R","?","R","T","$","M","M","$","M","R","B",null,"M","?","$","?","?","M","?","?","E","?","?","E","?","?","R","B",null,"M","?","?","?","?","R","R","R","E","?","?","?","E","M"],"character_chosen":"IRONCLAD","items_purchased":["Happy Flower","Membership Card","Oddly Smooth Stone","Tiny Chest","Toxic Egg 2","Toy Ornithopter","Dream Catcher","Molten Egg 2","Mercury Hourglass","War Paint","Cauldron","DollysMirror","PreservedInsect","Anchor","Sundial","OrangePellets","Blue Candle","MealTicket","Frozen Egg 2"],"campfire_rested":3,"item_purchase_floors":[5,10,10,22,22,45,45,45,47,47,47,55,55,55,61,61,64,64,71],"current_hp_per_floor":[80,80,80,78,78,78,78,78,78,78,75,75,75,80,80,62,85,85,85,85,85,85,85,85,85,85,85,85,85,85,79,79,25,85,89,78,78,78,78,73,73,73,73,73,73,42,42,46,78,25,113,117,117,121,121,129,129,129,129,129,129,133,145,145,152,153,61,157,161,161,161,161,161,133,87,87,97,97,97,15,27,27,130,125,189,201,118,118,19,19,136,187,221,166,166,138,138,57,59],"gold":672,"neow_bonus":"","is_prod":false,"is_daily":false,"chose_seed":false,"campfire_upgraded":12,"win_rate":0,"timestamp":1544981918,"path_taken":["M","M","?","?","$","R","R","R","T","$","?","R","R","?","R","BOSS","M","?","?","?","$","R","?","R","T","?","?","R","?","?","R","BOSS","M","?","?","?","?","?","R","R","T","?","$","M","$","M","R","BOSS","M","?","?","?","M","R","?","R","T","?","?","?","$","?","R","BOSS","M","?","?","?","?","M","?","?","E","?","?","E","?","?","R","BOSS","M","?","?","?","?","R","R","R","E","?","?","?","E","M"],"build_version":"2018-12-13","purchased_purges":0,"victory":false,"max_hp_per_floor":[80,80,80,80,80,80,80,80,80,80,80,80,80,85,85,85,85,85,85,85,85,85,85,85,85,85,85,85,85,85,85,85,85,85,89,89,89,89,89,97,97,97,97,97,97,97,97,109,109,113,113,117,117,125,125,129,129,129,129,129,129,133,145,145,153,153,157,157,161,161,161,161,161,165,173,173,173,173,173,177,185,185,185,189,189,201,217,217,221,221,221,221,221,221,221,221,221,221,221],"card_choices":[{"not_picked":["Battle Trance","Heavy Blade"],"picked":"Power Through","floor":1.0},{"not_picked":["Thunderclap","Hemokinesis","Sword Boomerang"],"picked":"SKIP","floor":2.0},{"not_picked":["Pommel Strike","Reckless Charge","Clothesline"],"picked":"SKIP","floor":4.0},{"not_picked":["Fiend Fire","Double Tap"],"picked":"Feed","floor":16.0},{"not_picked":["Anger+1","Flex+1","Heavy Blade"],"picked":"SKIP","floor":18},{"not_picked":["Anger","True Grit+1"],"picked":"Armaments+1","floor":24},{"not_picked":["Juggernaut","Fiend Fire","Dark Embrace"],"picked":"Offering+1","floor":33},{"not_picked":["Armaments+1","Carnage+1","Corruption+1","Body Slam+1"],"picked":"SKIP","floor":35},{"not_picked":["Corruption","Clothesline","Armaments+1","Thunderclap+1"],"picked":"SKIP","floor":40},{"not_picked":["Corruption+1","Iron Wave+1","Burning Pact+1"],"picked":"Body Slam+1","floor":46},{"not_picked":["Iron Wave+1","Perfected Strike+1","Rage+1","Anger+1"],"picked":"SKIP","floor":48},{"not_picked":["Wild Strike+1","Whirlwind+1","Body Slam+1"],"picked":"Ghostly Armor+1","floor":49},{"not_picked":["Demon Form","Immolate+1","Offering+1"],"picked":"Limit Break+1","floor":50},{"not_picked":["Rage+1","Second Wind+1","Armaments+1","Bloodletting+1"],"picked":"SKIP","floor":52},{"not_picked":["Cleave+1","Rupture","Iron Wave+1"],"picked":"Impervious+1","floor":53},{"not_picked":["Havoc+1","Carnage+1","Cleave+1","Thunderclap+1"],"picked":"SKIP","floor":54},{"not_picked":["Headbutt+1","Perfected Strike+1","Wild Strike+1"],"picked":"Spot Weakness+1","floor":56},{"not_picked":["Flex+1","Sword Boomerang+1","Cleave+1","Perfected Strike+1"],"picked":"SKIP","floor":62},{"not_picked":["Offering+1","Pommel Strike+1","Armaments+1","Rampage+1"],"picked":"SKIP","floor":63},{"not_picked":["Flex+1","Armaments+1","Headbutt+1"],"picked":"Dual Wield+1","floor":65},{"not_picked":["Hemokinesis+1","Anger+1","Uppercut+1","Blood for Blood+1"],"picked":"SKIP","floor":69},{"not_picked":["Pommel Strike+1","Armaments+1","Dropkick+1","Flex+1"],"picked":"SKIP","floor":74},{"not_picked":["Bludgeon+1","Clash+1","Pommel Strike+1","Spot Weakness+1"],"picked":"SKIP","floor":77},{"not_picked":["Havoc+1","Rage+1","Anger+1"],"picked":"Flame Barrier+1","floor":80},{"not_picked":["Reaper+1","Demon Form+1","Juggernaut+1"],"picked":"Double Tap+1","floor":84},{"not_picked":["Blood for Blood+1","Iron Wave+1","Dual Wield+1","Armaments+1"],"picked":"SKIP","floor":86},{"not_picked":["Heavy Blade+1","Twin Strike+1","Whirlwind+1","Sentinel+1"],"picked":"SKIP","floor":94},{"not_picked":["Battle Trance+1","Blood for Blood+1","Twin Strike+1","Perfected Strike+1"],"picked":"SKIP","floor":98}],"player_experience":667354,"relics_obtained":[{"floor":9.0,"key":"Lantern"},{"floor":26,"key":"Dodecahedron"},{"floor":27,"key":"Thread and Needle"},{"floor":30,"key":"Question Card"},{"floor":41,"key":"Unceasing Top"},{"floor":42,"key":"Potion Belt"},{"floor":43,"key":"Mummified Hand"},{"floor":60,"key":"Vajra"},{"floor":66,"key":"Juzu Bracelet"},{"floor":81,"key":"Circlet"},{"floor":87,"key":"Charon\u0027s Ashes"},{"floor":89,"key":"Pocketwatch"},{"floor":92,"key":"Bottled Lightning"},{"floor":93,"key":"Blood Vial"}],"event_choices":[{"damage_healed":0.0,"max_hp_gain":0.0,"max_hp_loss":0.0,"gold_gain":0.0,"event_name":"Wheel of Change","player_choice":"Full Heal","floor":3.0,"gold_loss":0.0,"damage_taken":0.0},{"damage_healed":0.0,"max_hp_gain":0.0,"max_hp_loss":0.0,"gold_gain":0.0,"event_name":"Scrap Ooze","player_choice":"Success","floor":11.0,"gold_loss":0.0,"damage_taken":3.0,"relics_obtained":["Paper Frog"]},{"damage_healed":0.0,"max_hp_gain":5.0,"max_hp_loss":0.0,"gold_gain":0.0,"event_name":"Big Fish","player_choice":"Donut","floor":14.0,"gold_loss":0.0,"damage_taken":0.0},{"damage_healed":0,"gold_gain":0,"player_choice":"Opened","damage_taken":0,"relics_obtained":["Shovel"],"max_hp_gain":0,"max_hp_loss":0,"event_name":"The Mausoleum","floor":19,"gold_loss":0},{"damage_healed":0,"gold_gain":0,"player_choice":"Inject Mutagens","damage_taken":0,"relics_obtained":["MutagenicStrength"],"max_hp_gain":0,"max_hp_loss":0,"event_name":"Drug Dealer","floor":20,"gold_loss":0},{"damage_healed":0,"gold_gain":0,"player_choice":"Read","damage_taken":0,"max_hp_gain":0,"max_hp_loss":0,"event_name":"The Library","floor":21,"gold_loss":0,"cards_obtained":["Armaments"]},{"damage_healed":0,"gold_gain":0,"player_choice":"Obtained Relic","damage_taken":0,"relics_obtained":["Gremlin Horn"],"max_hp_gain":0,"max_hp_loss":0,"event_name":"Addict","floor":28,"gold_loss":85},{"damage_healed":0,"gold_gain":0,"player_choice":"Joined the Cult","damage_taken":6,"max_hp_gain":0,"max_hp_loss":0,"event_name":"Nest","floor":31,"gold_loss":0,"cards_obtained":["RitualDagger"]},{"damage_healed":0,"gold_gain":0,"player_choice":"Embrace Madness","damage_taken":11,"max_hp_gain":0,"max_hp_loss":0,"event_name":"Winding Halls","floor":36,"gold_loss":0,"cards_obtained":["Madness","Madness"]},{"damage_healed":0,"gold_gain":0,"player_choice":"Paid","damage_taken":0,"relics_obtained":["Red Mask"],"max_hp_gain":0,"max_hp_loss":0,"event_name":"Tomb of Lord Red Mask","floor":37,"gold_loss":128},{"damage_healed":0,"gold_gain":999,"player_choice":"Gold","damage_taken":0,"max_hp_gain":0,"max_hp_loss":0,"event_name":"MindBloom","floor":38,"gold_loss":0,"cards_obtained":["Normality","Normality"]},{"damage_healed":0,"gold_gain":0,"player_choice":"Ignored","damage_taken":0,"max_hp_gain":0,"max_hp_loss":0,"event_name":"NoteForYourself","floor":39,"gold_loss":0},{"damage_healed":0,"gold_gain":100,"player_choice":"Pray","damage_taken":0,"max_hp_gain":0,"max_hp_loss":0,"event_name":"Golden Shrine","floor":44,"gold_loss":0},{"damage_healed":0,"gold_gain":0,"player_choice":"Ignored","damage_taken":0,"max_hp_gain":0,"max_hp_loss":0,"event_name":"Liars Game","floor":58,"gold_loss":0},{"damage_healed":0,"gold_gain":0,"player_choice":"Inject Mutagens","damage_taken":0,"relics_obtained":["Circlet"],"max_hp_gain":0,"max_hp_loss":0,"event_name":"Drug Dealer","floor":70,"gold_loss":0},{"cards_removed":["Normality"],"damage_healed":0,"gold_gain":0,"player_choice":"Elegance","damage_taken":0,"max_hp_gain":0,"max_hp_loss":0,"event_name":"Back to Basics","floor":72,"gold_loss":0},{"damage_healed":0,"gold_gain":0,"player_choice":"Ignored","damage_taken":0,"max_hp_gain":0,"max_hp_loss":0,"event_name":"N\u0027loth","floor":73,"gold_loss":0},{"damage_healed":0,"gold_gain":0,"player_choice":"Fight","damage_taken":0,"max_hp_gain":0,"max_hp_loss":0,"event_name":"Colosseum","floor":75,"gold_loss":0},{"damage_healed":0,"gold_gain":0,"player_choice":"Fled From Nobs","damage_taken":0,"max_hp_gain":0,"max_hp_loss":0,"event_name":"Colosseum","floor":75,"gold_loss":0},{"damage_healed":0,"gold_gain":0,"player_choice":"Ignored","damage_taken":0,"max_hp_gain":0,"max_hp_loss":0,"event_name":"Vampires","floor":76,"gold_loss":0},{"damage_healed":0,"gold_gain":0,"player_choice":"Ignored","damage_taken":0,"max_hp_gain":0,"max_hp_loss":0,"event_name":"The Mausoleum","floor":78,"gold_loss":0},{"damage_healed":0,"gold_gain":0,"player_choice":"Forge","damage_taken":0,"max_hp_gain":0,"max_hp_loss":0,"event_name":"Accursed Blacksmith","floor":79,"gold_loss":0,"cards_upgraded":["Power Through"]},{"damage_healed":0,"gold_gain":0,"player_choice":"Fought Bandits","damage_taken":0,"max_hp_gain":0,"max_hp_loss":0,"event_name":"Masked Bandits","floor":81,"gold_loss":0},{"damage_healed":0,"gold_gain":0,"player_choice":"Got Potions","damage_taken":0,"max_hp_gain":0,"max_hp_loss":0,"event_name":"Lab","floor":82,"gold_loss":0},{"damage_healed":0,"gold_gain":0,"player_choice":"Fight","damage_taken":0,"max_hp_gain":0,"max_hp_loss":0,"event_name":"MindBloom","floor":87,"gold_loss":0},{"damage_healed":0,"gold_gain":0,"player_choice":"Ignored","damage_taken":0,"max_hp_gain":0,"max_hp_loss":0,"event_name":"NoteForYourself","floor":88,"gold_loss":0},{"damage_healed":0,"gold_gain":0,"player_choice":"Fight","damage_taken":0,"max_hp_gain":0,"max_hp_loss":0,"event_name":"Mysterious Sphere","floor":89,"gold_loss":0},{"damage_healed":0,"gold_gain":0,"player_choice":"Memory 1","damage_taken":0,"max_hp_gain":0,"max_hp_loss":0,"event_name":"SensoryStone","floor":90,"gold_loss":0},{"cards_removed":["Fire Breathing"],"damage_healed":0,"gold_gain":0,"player_choice":"Removed Power","damage_taken":0,"max_hp_gain":0,"max_hp_loss":0,"event_name":"Falling","floor":95,"gold_loss":0},{"damage_healed":0,"gold_gain":0,"player_choice":"Embrace Madness","damage_taken":28,"max_hp_gain":0,"max_hp_loss":0,"event_name":"Winding Halls","floor":96,"gold_loss":0,"cards_obtained":["Madness","Madness"]},{"damage_healed":0,"gold_gain":222,"player_choice":"Wore Mask","damage_taken":0,"max_hp_gain":0,"max_hp_loss":0,"event_name":"Tomb of Lord Red Mask","floor":97,"gold_loss":0}],"is_beta":true,"boss_relics":[{"not_picked":["Orrery","Cursed Key"],"picked":"Runic Cube"},{"not_picked":["Black Star","Lizard Tail"],"picked":"White Beast Statue"},{"not_picked":["Coffee Dripper","Mark of Pain"],"picked":"Eternal Feather"},{"not_picked":["Velvet Choker","Lizard Tail"],"picked":"Black Blood"},{"not_picked":["Runic Pyramid","Philosopher\u0027s Stone"],"picked":"Black Star"}],"items_purged_floors":[],"is_endless":true,"potions_floor_spawned":[1,33,35,40,46,48,50,52,53,54,56,62,63,65,67,69,74,75,77,80,81,84,86,87,89,94,98],"killed_by":"3 Darklings","ascension_level":0}