{"gold_per_floor":[111,129,147,162,175,175,205,205,205,205,240,240,240,240,240,365,365,385,59,78,78,78],"floor_reached":22,"playtime":1275,"items_purged":["Parasite"],"score":196,"play_id":"7e133ee9-3773-4dee-b1ae-2b4791a1f147","local_time":"20190223103642","is_ascension_mode":false,"campfire_choices":[{"floor":6,"key":"RECALL"},{"data":"Burst","floor":8,"key":"SMITH"},{"data":"Bane","floor":10,"key":"SMITH"},{"floor":15,"key":"REST"}],"neow_cost":"TEN_PERCENT_HP_LOSS","seed_source_timestamp":661665390009332,"circlet_count":0,"master_deck":["Defend_G","Defend_G","Defend_G","Defend_G","Defend_G","Strike_G","Strike_G","Strike_G","Strike_G","Strike_G","Survivor","Neutralize","Deadly Poison","Poisoned Stab","Deadly Poison","Bane+1","Burst+1","Deadly Poison","Injury","Grand Finale","Acrobatics","Dark Shackles","Outmaneuver+1"],"relics":["Ring of the Snake","Incense Burner","Bottled Lightning","Vajra","Golden Idol","Sozu","Membership Card"],"potions_floor_usage":[4,14,16,21],"damage_taken":[{"damage":0,"enemies":"2 Louse","floor":1,"turns":3},{"damage":1,"enemies":"Jaw Worm","floor":2,"turns":5},{"damage":7,"enemies":"Small Slimes","floor":3,"turns":4},{"damage":3,"enemies":"Red Slaver","floor":4,"turns":4},{"damage":1,"enemies":"Exordium Thugs","floor":5,"turns":6},{"damage":9,"enemies":"Gremlin Nob","floor":7,"turns":4},{"damage":21,"enemies":"Lagavulin","floor":11,"turns":4},{"damage":0,"enemies":"3 Louse","floor":14,"turns":2},{"damage":15,"enemies":"The Guardian","floor":16,"turns":7},{"damage":7,"enemies":"Spheric Guardian","floor":18,"turns":5},{"damage":15,"enemies":"2 Thieves","floor":20,"turns":4},{"damage":20,"enemies":"Colosseum Slavers","floor":21,"turns":5},{"damage":32,"enemies":"3 Cultists","floor":22,"turns":4}],"seed_played":"-8735711389995152759","potions_obtained":[{"floor":2,"key":"SmokeBomb"},{"floor":3,"key":"SpeedPotion"},{"floor":11,"key":"AttackPotion"},{"floor":16,"key":"LiquidBronze"}],"is_trial":false,"path_per_floor":["M","M","M","M","M","R","E","R","T","R","E","?","?","M","R","B",null,"M","$","M","?","M"],"character_chosen":"THE_SILENT","items_purchased":["Membership Card","Dark Shackles"],"campfire_rested":1,"item_purchase_floors":[19,19],"current_hp_per_floor":[63,62,55,52,51,51,42,42,42,42,21,36,36,36,54,39,63,56,56,41,21,0],"gold":78,"neow_bonus":"ONE_RARE_RELIC","is_prod":false,"is_daily":false,"chose_seed":false,"campfire_upgraded":2,"win_rate":0,"timestamp":1550936202,"path_taken":["M","M","M","M","M","R","E","R","T","R","E","?","?","M","R","BOSS","M","$","M","?","M"],"build_version":"2019-01-23","purchased_purges":1,"victory":false,"max_hp_per_floor":[63,63,63,63,63,63,63,63,63,63,63,63,63,63,63,63,63,63,60,60,60,60],"card_choices":[{"not_picked":["Acrobatics","Blade Dance"],"picked":"Deadly Poison","floor":1},{"not_picked":["Prepared","Endless Agony"],"picked":"Poisoned Stab","floor":2},{"not_picked":["Prepared","Expertise","All Out Attack"],"picked":"SKIP","floor":3},{"not_picked":["Cloak And Dagger","Quick Slash"],"picked":"Deadly Poison","floor":4},{"not_picked":["Masterful Stab","Flying Knee"],"picked":"Bane","floor":5},{"not_picked":["Reflex","Endless Agony"],"picked":"Burst","floor":7},{"not_picked":["Skewer","Dodge and Roll"],"picked":"Deadly Poison","floor":11},{"not_picked":["Doppelganger","Glass Knife"],"picked":"Grand Finale","floor":16},{"not_picked":["Skewer","Sucker Punch"],"picked":"Acrobatics","floor":18},{"not_picked":["Poisoned Stab","Distraction"],"picked":"Outmaneuver+1","floor":20}],"player_experience":246363,"relics_obtained":[{"floor":7,"key":"Bottled Lightning"},{"floor":11,"key":"Vajra"}],"event_choices":[{"damage_healed":15,"gold_gain":0,"player_choice":"Healed and dodged fight","damage_taken":0,"max_hp_gain":0,"max_hp_loss":0,"event_name":"Mushrooms","floor":12,"gold_loss":0,"cards_obtained":["Parasite"]},{"damage_healed":0,"gold_gain":0,"player_choice":"Take Wound","damage_taken":0,"relics_obtained":["Golden Idol"],"max_hp_gain":0,"max_hp_loss":0,"event_name":"Golden Idol","floor":13,"gold_loss":0,"cards_obtained":["Injury"]},{"damage_healed":0,"gold_gain":0,"player_choice":"Fight","damage_taken":0,"max_hp_gain":0,"max_hp_loss":0,"event_name":"Colosseum","floor":21,"gold_loss":0},{"damage_healed":0,"gold_gain":0,"player_choice":"Fled From Nobs","damage_taken":0,"max_hp_gain":0,"max_hp_loss":0,"event_name":"Colosseum","floor":21,"gold_loss":0}],"is_beta":false,"boss_relics":[{"not_picked":["WristBlade","HoveringKite"],"picked":"Sozu"}],"items_purged_floors":[19],"is_endless":false,"potions_floor_spawned":[2,3,11,16,18,20,21],"killed_by":"3 Cultists","ascension_level":0}