{"gold_per_floor":[17,17,17,192,205,205,280,280,280,296,296],"floor_reached":11,"playtime":714,"items_purged":[],"score":64,"play_id":"909cc17b-586b-4056-81c7-1c5a4c74139a","local_time":"20190704164528","is_ascension_mode":true,"campfire_choices":[{"data":"Setup","floor":6,"key":"SMITH"},{"data":"Neutralize","floor":8,"key":"SMITH"}],"neow_cost":"NO_GOLD","seed_source_timestamp":1006375414288700,"circlet_count":0,"master_deck":["Strike_G","Strike_G","Strike_G","Strike_G","Defend_G","Defend_G","Defend_G","Defend_G","Defend_G","Survivor","Neutralize+1","Backflip","Setup+1","Doubt","Leg Sweep"],"relics":["Ring of the Snake","Blood Vial"],"potions_floor_usage":[10],"damage_taken":[{"damage":0,"enemies":"2 Louse","floor":1,"turns":3},{"damage":0,"enemies":"Small Slimes","floor":5,"turns":7},{"damage":0,"enemies":"Jaw Worm","floor":10,"turns":9},{"damage":7,"enemies":"Large Slime","floor":11,"turns":15}],"seed_played":"5389266895327535208","potions_obtained":[{"floor":1,"key":"SkillPotion"},{"floor":10,"key":"PowerPotion"}],"is_trial":false,"path_per_floor":["M","?","$","?","M","R","?","R","T","M","M"],"character_chosen":"THE_SILENT","items_purchased":[],"campfire_rested":0,"item_purchase_floors":[],"current_hp_per_floor":[84,84,84,84,84,84,73,73,73,75,70],"gold":296,"neow_bonus":"TWENTY_PERCENT_HP_BONUS","is_prod":false,"is_daily":false,"chose_seed":false,"campfire_upgraded":2,"win_rate":0,"timestamp":1562273128,"path_taken":["M","?","$","?","M","R","?","R","T","M","M"],"build_version":"2019-07-01","purchased_purges":0,"victory":false,"max_hp_per_floor":[84,84,84,84,84,84,84,84,84,84,84],"card_choices":[{"not_picked":["Tactician","Prepared"],"picked":"Backflip","floor":1},{"not_picked":["Sucker Punch","Blur"],"picked":"Leg Sweep","floor":5},{"not_picked":["Prepared","Outmaneuver","Dodge and Roll"],"picked":"SKIP","floor":10}],"player_experience":594508,"relics_obtained":[{"floor":9,"key":"Blood Vial"}],"event_choices":[{"damage_healed":0,"gold_gain":0,"cards_transformed":["Strike_G"],"player_choice":"Change","damage_taken":0,"max_hp_gain":0,"max_hp_loss":0,"event_name":"Living Wall","floor":2,"gold_loss":0,"cards_obtained":["Setup"]},{"damage_healed":0,"gold_gain":175,"player_choice":"AGREE","damage_taken":0,"max_hp_gain":0,"max_hp_loss":0,"event_name":"Liars Game","floor":4,"gold_loss":0,"cards_obtained":["Doubt"]},{"damage_healed":0,"gold_gain":75,"player_choice":"Gather Gold","damage_taken":11,"max_hp_gain":0,"max_hp_loss":0,"event_name":"World of Goop","floor":7,"gold_loss":0}],"is_beta":false,"boss_relics":[],"items_purged_floors":[],"is_endless":false,"potions_floor_spawned":[1,10],"killed_by":"Large Slime","ascension_level":1}