{"path_per_floor":["M","?","$","?","M","R","M","R","T","E","?","?","?","M","R","B",null,"M","M","?","T","$"],"character_chosen":"IRONCLAD","items_purchased":["Metallicize","Thread and Needle","Darkstone Periapt","Metallicize"],"gold_per_floor":[117,117,81,31,46,46,70,70,93,136,205,205,205,225,225,349,349,365,380,380,680,8],"floor_reached":23,"campfire_rested":0,"playtime":1838,"current_hp_per_floor":[83,61,61,61,61,61,63,63,63,61,46,88,88,88,88,78,88,87,88,71,71,71],"items_purged":["Strike_R"],"gold":8,"score":187,"play_id":"67fe195e-d45e-4ebf-a661-fed44a2dd6ed","is_prod":false,"is_daily":false,"is_ascension_mode":false,"campfire_upgraded":3,"path_taken":["M","?","$","?","?","R","M","R","T","E","?","?","?","M","R","BOSS","M","M","?","?","?","E"],"build_version":"2018-02-08-PROD1","purchased_purges":3,"victory":false,"master_deck":["Strike_R","Strike_R+1","Strike_R+1","Defend_R","Defend_R","Defend_R","Defend_R","Bash+1","Warcry","Metallicize+1","Barricade+1","Warcry","Panacea","True Grit","Impervious","Metallicize"],"max_hp_per_floor":[88,88,88,88,88,88,88,88,88,88,88,88,88,88,88,88,88,88,88,93,93,93],"relics":["Burning Blood","Golden Idol","Bronze Scales","Blood Vial","Whetstone","Black Star","Old Coin","Thread and Needle","Darkstone Periapt"],"card_choices":[{"not_picked":["Heavy Blade","Flex"],"picked":"Warcry"},{"not_picked":["Searing Blow","Body Slam"],"picked":"Barricade"},{"not_picked":["Searing Blow","Hemokinesis"],"picked":"Sentinel"},{"not_picked":["Cleave","Pommel Strike"],"picked":"Warcry"},{"not_picked":["Sever Soul","Clothesline"],"picked":"True Grit"},{"not_picked":["Exhume","Berserk"],"picked":"Impervious"}],"player_experience":62760,"potions_floor_usage":[10,16,16,16],"damage_taken":[{"damage":11,"enemies":"Jaw Worm","floor":1,"turns":4},{"damage":6,"enemies":"Cultist","floor":5,"turns":4},{"damage":4,"enemies":"Small Slimes","floor":7,"turns":4},{"damage":8,"enemies":"3 Sentries","floor":10,"turns":11},{"damage":23,"enemies":"3 Sentries","floor":11,"turns":12},{"damage":6,"enemies":"Looter","floor":14,"turns":4},{"damage":16,"enemies":"The Guardian","floor":16,"turns":19},{"damage":7,"enemies":"Shell Parasite","floor":18,"turns":9},{"damage":5,"enemies":"3 Byrds","floor":19,"turns":4},{"damage":88,"enemies":"Slavers","floor":23,"turns":5}],"event_choices":[{"event_name":"Golden Idol","player_choice":"Take Damage","floor":2,"damage_taken":0},{"event_name":"The Cleric","player_choice":"Card Removal","floor":4,"damage_taken":0},{"event_name":"Dead Adventurer","player_choice":"Searched \u00272\u0027 times","floor":11,"damage_taken":0},{"event_name":"Bonfire Elementals","player_choice":"UNCOMMON","floor":12,"damage_taken":0},{"event_name":"Match and Keep!","player_choice":"1 cards matched","floor":13,"damage_taken":0},{"event_name":"Forgotten Altar","player_choice":"Shed Blood","floor":20,"damage_taken":0}],"boss_relics":[{"not_picked":["White Beast Statue","Lizard Tail"],"picked":"Black Star"}],"potions_floor_spawned":[7,10,11,14],"seed_played":"-2453083286784278326","killed_by":"Slavers","ascension_level":0,"is_trial":false}