{"gold_per_floor":[109,120,120,131,142,142,67,79,105,167,194,206,75,97,97,198,198,216,216,63,82,82,82,146,146,146,163,176,176,188,199,199,303,353,368,382,42,61,81,81,111,111,111,61,161,161,176,196,196,196],"floor_reached":51,"playtime":4977,"items_purged":["Strike_R","Strike_R","Perfected Strike","Evolve"],"score":1017,"play_id":"bc8d5c8e-b5fb-4bd6-9610-0726e7a6b4c3","local_time":"20181201223410","is_ascension_mode":true,"campfire_choices":[{"data":"Armaments","floor":6,"key":"SMITH"},{"data":"Flame Barrier","floor":15,"key":"SMITH"},{"data":"Double Tap","floor":23,"key":"SMITH"},{"data":"Metallicize","floor":29,"key":"SMITH"},{"data":"Spot Weakness","floor":32,"key":"SMITH"},{"floor":40,"key":"REST"},{"floor":42,"key":"REST"},{"floor":46,"key":"REST"},{"data":"Clothesline","floor":49,"key":"SMITH"}],"neow_cost":"TEN_PERCENT_HP_LOSS","seed_source_timestamp":282621997332184,"circlet_count":0,"master_deck":["Bash+1","Thunderclap","Intimidate","Ghostly Armor","Finesse","Armaments+1","Shrug It Off","Spot Weakness+1","Shrug It Off","Shrug It Off","Seeing Red","Flame Barrier+1","Metallicize+1","Cleave","Havoc","True Grit","Clothesline+1","Thunderclap","Flame Barrier+1","Shrug It Off","Battle Trance+1","True Grit+1","Feel No Pain","Metallicize+1","Shrug It Off+1","Body Slam+1","Entrench+1","Juggernaut","Armaments+1","Shrug It Off","Shrug It Off","Battle Trance+1","Sentinel","Flame Barrier+1","Ghostly Armor+1","Iron Wave+1"],"relics":["Burning Blood","Prayer Wheel","Red Skull","Smiling Mask","Orichalcum","Odd Mushroom","Pandora\u0027s Box","Happy Flower","Nilry\u0027s Codex","Tiny Chest","Letter Opener","Tiny House","FossilizedHelix","Shuriken","Mummified Hand","Calipers"],"potions_floor_usage":[10,10,24,28,33],"damage_taken":[{"damage":8,"enemies":"Small Slimes","floor":1,"turns":3},{"damage":5,"enemies":"Cultist","floor":2,"turns":4},{"damage":7,"enemies":"2 Louse","floor":4,"turns":4},{"damage":0,"enemies":"Exordium Wildlife","floor":5,"turns":3},{"damage":7,"enemies":"3 Louse","floor":8,"turns":4},{"damage":18,"enemies":"Lagavulin Event","floor":10,"turns":6},{"damage":0,"enemies":"2 Fungi Beasts","floor":12,"turns":4},{"damage":21,"enemies":"The Mushroom Lair","floor":14,"turns":6},{"damage":21,"enemies":"The Guardian","floor":16,"turns":18},{"damage":11,"enemies":"Chosen","floor":18,"turns":5},{"damage":3,"enemies":"Shell Parasite","floor":21,"turns":7},{"damage":13,"enemies":"Gremlin Leader","floor":24,"turns":8},{"damage":15,"enemies":"Cultist and Chosen","floor":27,"turns":7},{"damage":8,"enemies":"Snake Plant","floor":28,"turns":5},{"damage":8,"enemies":"Sentry and Sphere","floor":30,"turns":10},{"damage":6,"enemies":"Shelled Parasite and Fungi","floor":31,"turns":12},{"damage":0,"enemies":"Champ","floor":33,"turns":10},{"damage":9,"enemies":"3 Shapes","floor":35,"turns":5},{"damage":15,"enemies":"Orb Walker","floor":36,"turns":5},{"damage":57,"enemies":"4 Shapes","floor":38,"turns":5},{"damage":8,"enemies":"Sphere and 2 Shapes","floor":39,"turns":10},{"damage":26,"enemies":"Giant Head","floor":41,"turns":8},{"damage":0,"enemies":"Mind Bloom Boss Battle","floor":45,"turns":11},{"damage":0,"enemies":"Spire Growth","floor":47,"turns":6},{"damage":0,"enemies":"3 Darklings","floor":48,"turns":6},{"damage":77,"enemies":"Awakened One","floor":50,"turns":23}],"seed_played":"4932258681596283349","potions_obtained":[{"floor":1,"key":"FearPotion"},{"floor":2,"key":"Poison Potion"},{"floor":4,"key":"Block Potion"},{"floor":12,"key":"FairyPotion"},{"floor":18,"key":"Energy Potion"},{"floor":27,"key":"Fire Potion"},{"floor":28,"key":"Strength Potion"},{"floor":33,"key":"GamblersBrew"},{"floor":34,"key":"FairyPotion"},{"floor":38,"key":"EntropicBrew"}],"is_trial":false,"path_per_floor":["M","M","?","M","M","R","$","M","T","?","T","M","$","?","R","B",null,"M","?","$","M","?","R","E","?","T","M","M","R","M","M","R","B",null,"M","M","$","M","M","R","E","R","T","$","?","R","M","M","R","B",null],"character_chosen":"IRONCLAD","items_purchased":["Metallicize","Happy Flower","FossilizedHelix"],"campfire_rested":3,"item_purchase_floors":[13,20,37],"current_hp_per_floor":[70,71,71,70,72,72,72,71,71,59,59,65,65,50,50,35,63,58,58,58,61,45,45,38,82,82,73,71,71,69,69,69,75,85,82,73,73,22,20,46,26,52,52,52,58,84,87,87,87,16],"gold":196,"neow_bonus":"ONE_RARE_RELIC","is_prod":false,"is_daily":false,"chose_seed":false,"campfire_upgraded":6,"win_rate":0,"timestamp":1543721650,"path_taken":["M","M","?","?","M","R","$","M","T","?","?","M","$","?","R","BOSS","M","?","$","M","?","R","E","?","T","M","?","R","M","M","R","BOSS","M","M","$","M","M","R","E","R","T","$","?","R","M","M","R","BOSS"],"build_version":"2018-11-15","purchased_purges":4,"victory":true,"max_hp_per_floor":[72,72,72,72,72,72,72,72,72,72,72,72,72,72,72,72,72,72,72,72,72,72,72,72,82,82,82,82,82,82,82,82,82,87,87,87,87,87,87,87,87,87,87,87,87,87,87,87,87,87],"card_choices":[{"not_picked":["Burning Pact","Carnage"],"picked":"Thunderclap","floor":1},{"not_picked":["Searing Blow","Intimidate","Anger"],"picked":"SKIP","floor":1},{"not_picked":["Searing Blow","Anger"],"picked":"Intimidate","floor":1},{"not_picked":["Clash","Clothesline"],"picked":"Ghostly Armor","floor":2},{"not_picked":["Sword Boomerang","Twin Strike","Bludgeon"],"picked":"SKIP","floor":2},{"not_picked":["Perfected Strike","Cleave"],"picked":"Armaments","floor":4},{"not_picked":["Wild Strike","Anger","Havoc"],"picked":"SKIP","floor":4},{"not_picked":["Berserk","Searing Blow"],"picked":"Shrug It Off","floor":5},{"not_picked":["Fire Breathing","Feel No Pain"],"picked":"Spot Weakness","floor":5},{"not_picked":["Perfected Strike","Cleave"],"picked":"Shrug It Off","floor":8},{"not_picked":["Pommel Strike","Headbutt","Heavy Blade"],"picked":"SKIP","floor":8},{"not_picked":["Power Through","Searing Blow"],"picked":"Shrug It Off","floor":10},{"not_picked":["Reckless Charge","Anger"],"picked":"Seeing Red","floor":12},{"not_picked":["Cleave","Power Through"],"picked":"Flame Barrier","floor":12},{"not_picked":["Bludgeon","Fiend Fire"],"picked":"Double Tap","floor":16},{"not_picked":["Wild Strike","Cleave"],"picked":"Flame Barrier+1","floor":18},{"not_picked":["Inflame","Armaments"],"picked":"Shrug It Off","floor":18},{"not_picked":["Twin Strike+1","True Grit","Sword Boomerang"],"picked":"SKIP","floor":21},{"not_picked":["Clash","Wild Strike+1","Evolve"],"picked":"SKIP","floor":21},{"not_picked":["Headbutt+1","Havoc"],"picked":"Battle Trance+1","floor":24},{"not_picked":["Iron Wave+1","Clothesline"],"picked":"True Grit+1","floor":27},{"not_picked":["Carnage","Wild Strike+1"],"picked":"Feel No Pain","floor":27},{"not_picked":["Clash","Infernal Blade"],"picked":"Metallicize+1","floor":28},{"not_picked":["Hemokinesis","Havoc","Uppercut"],"picked":"SKIP","floor":28},{"not_picked":["Seeing Red","Dropkick"],"picked":"Shrug It Off+1","floor":30},{"not_picked":["Sword Boomerang","Blood for Blood","Immolate"],"picked":"SKIP","floor":30},{"not_picked":["Blood for Blood","Pommel Strike"],"picked":"Body Slam+1","floor":31},{"not_picked":["Rupture+1","Anger"],"picked":"Entrench+1","floor":31},{"not_picked":["Bludgeon","Dark Embrace"],"picked":"Juggernaut","floor":33},{"not_picked":["Cleave","Thunderclap+1","True Grit"],"picked":"SKIP","floor":35},{"not_picked":["Clash+1","Dropkick","Hemokinesis"],"picked":"SKIP","floor":35},{"not_picked":["Evolve+1","Pummel"],"picked":"Armaments+1","floor":36},{"not_picked":["Cleave+1","Perfected Strike+1"],"picked":"Shrug It Off","floor":36},{"not_picked":["Sword Boomerang","Berserk"],"picked":"Shrug It Off","floor":38},{"not_picked":["Pommel Strike+1","Twin Strike","Combust+1"],"picked":"SKIP","floor":38},{"not_picked":["Cleave","Inflame+1"],"picked":"Battle Trance+1","floor":39},{"not_picked":["Body Slam+1","Searing Blow+1"],"picked":"Sentinel","floor":39},{"not_picked":["Body Slam","Headbutt","Perfected Strike+1"],"picked":"SKIP","floor":41},{"not_picked":["Body Slam","Headbutt","Perfected Strike+1"],"picked":"SKIP","floor":41},{"not_picked":["Searing Blow","Second Wind+1"],"picked":"Flame Barrier+1","floor":45},{"not_picked":["Metallicize","Sword Boomerang+1"],"picked":"Ghostly Armor+1","floor":47},{"not_picked":["Sword Boomerang","Heavy Blade+1","Evolve"],"picked":"SKIP","floor":47},{"not_picked":["Heavy Blade","Clash+1"],"picked":"Iron Wave+1","floor":48},{"not_picked":["Flex+1","Perfected Strike+1","Sword Boomerang+1"],"picked":"SKIP","floor":48}],"player_experience":563466,"relics_obtained":[{"floor":9,"key":"Red Skull"},{"floor":10,"key":"Smiling Mask"},{"floor":11,"key":"Orichalcum"},{"floor":14,"key":"Odd Mushroom"},{"floor":22,"key":"Nilry\u0027s Codex"},{"floor":24,"key":"Tiny Chest"},{"floor":26,"key":"Letter Opener"},{"floor":41,"key":"Shuriken"},{"floor":43,"key":"Mummified Hand"},{"floor":45,"key":"Calipers"}],"event_choices":[{"damage_healed":0,"gold_gain":0,"player_choice":"1 cards matched","damage_taken":0,"max_hp_gain":0,"max_hp_loss":0,"event_name":"Match and Keep!","floor":3,"gold_loss":0,"cards_obtained":["Finesse"]},{"damage_healed":0,"gold_gain":0,"player_choice":"Searched \u00271\u0027 times","damage_taken":0,"max_hp_gain":0,"max_hp_loss":0,"event_name":"Dead Adventurer","floor":10,"gold_loss":0},{"damage_healed":0,"gold_gain":0,"player_choice":"Fought Mushrooms","damage_taken":0,"max_hp_gain":0,"max_hp_loss":0,"event_name":"Mushrooms","floor":14,"gold_loss":0},{"damage_healed":0,"gold_gain":0,"player_choice":"Ignored","damage_taken":0,"max_hp_gain":0,"max_hp_loss":0,"event_name":"Vampires","floor":19,"gold_loss":0},{"damage_healed":0,"gold_gain":0,"player_choice":"Obtained Book","damage_taken":16,"max_hp_gain":0,"max_hp_loss":0,"event_name":"Cursed Tome","floor":22,"gold_loss":0},{"cards_removed":["Double Tap"],"damage_healed":34,"gold_gain":0,"player_choice":"Offered Rare","damage_taken":0,"max_hp_gain":10,"max_hp_loss":0,"event_name":"Bonfire Elementals","floor":25,"gold_loss":0},{"damage_healed":0,"gold_gain":0,"player_choice":"Fight","damage_taken":0,"max_hp_gain":0,"max_hp_loss":0,"event_name":"MindBloom","floor":45,"gold_loss":0}],"is_beta":true,"boss_relics":[{"not_picked":["Busted Crown","Astrolabe"],"picked":"Pandora\u0027s Box"},{"not_picked":["Empty Cage","Coffee Dripper"],"picked":"Tiny House"}],"items_purged_floors":[7,13,37,44],"is_endless":false,"potions_floor_spawned":[1,2,4,12,18,21,27,28,33,38,41,45,48],"ascension_level":7}