{"gold_per_floor":[116,133,148,148,168,168,184,184,184,195,228,28,46,46,46,148,148,167,183,196,209,209,209,222,222,277,277,290,342,342,361,361,361],"floor_reached":33,"playtime":2340,"items_purged":[],"score":392,"play_id":"4922ea47-7228-42f1-9756-882fe36ddd0c","local_time":"20190107221039","is_ascension_mode":true,"campfire_choices":[{"data":"Leg Sweep","floor":6.0,"key":"SMITH"},{"floor":8.0,"key":"REST"},{"data":"Cloak And Dagger","floor":15.0,"key":"SMITH"},{"data":"Burst","floor":23,"key":"SMITH"},{"floor":25,"key":"REST"},{"floor":27,"key":"REST"},{"data":"Envenom","floor":30,"key":"SMITH"},{"data":"Neutralize","floor":32,"key":"SMITH"}],"neow_cost":"PERCENT_DAMAGE","seed_source_timestamp":639339464799758,"circlet_count":0,"master_deck":["AscendersBane","Defend_G","Defend_G","Defend_G","Defend_G","Defend_G","Strike_G","Strike_G","Strike_G","Strike_G","Strike_G","Survivor","Neutralize","Envenom+1","Predator","Deflect","Blur","Leg Sweep+1","Blur","Backflip","Poisoned Stab","Cloak And Dagger+1","Crippling Poison","Burst+1","PiercingWail","Deflect+1","Dodge and Roll","Backflip","Neutralize+1","Terror+1","Blade Dance+1","Calculated Gamble+1"],"special_seed":0,"relics":["Ring of the Snake","CultistMask","Ninja Scroll","Shuriken","Omamori","WristBlade","Tiny Chest","Bronze Scales"],"potions_floor_usage":[33],"damage_taken":[{"damage":1.0,"enemies":"Cultist","floor":1.0,"turns":5.0},{"damage":0.0,"enemies":"Jaw Worm","floor":2.0,"turns":5.0},{"damage":0.0,"enemies":"2 Louse","floor":3.0,"turns":4.0},{"damage":6.0,"enemies":"Gremlin Gang","floor":5.0,"turns":7.0},{"damage":19.0,"enemies":"Exordium Wildlife","floor":7.0,"turns":8.0},{"damage":3.0,"enemies":"Lots of Slimes","floor":10.0,"turns":9.0},{"damage":9.0,"enemies":"3 Sentries","floor":11.0,"turns":19.0},{"damage":2.0,"enemies":"Looter","floor":13.0,"turns":4.0},{"damage":8.0,"enemies":"Slime Boss","floor":16.0,"turns":12.0},{"damage":0.0,"enemies":"Shell Parasite","floor":18.0,"turns":6.0},{"damage":0.0,"enemies":"3 Byrds","floor":19.0,"turns":8.0},{"damage":0.0,"enemies":"3 Cultists","floor":20.0,"turns":2.0},{"damage":26.0,"enemies":"Centurion and Healer","floor":21.0,"turns":13.0},{"damage":12,"enemies":"Snecko","floor":24,"turns":6},{"damage":1,"enemies":"3 Cultists","floor":28,"turns":7},{"damage":16,"enemies":"Sentry and Sphere","floor":31,"turns":6},{"damage":45,"enemies":"Collector","floor":33,"turns":6}],"seed_played":"4276143664403522342","potions_obtained":[{"floor":3.0,"key":"Poison Potion"},{"floor":11.0,"key":"Block Potion"},{"floor":13.0,"key":"LiquidBronze"},{"floor":18.0,"key":"AttackPotion"},{"floor":19.0,"key":"SteroidPotion"},{"floor":21.0,"key":"LiquidBronze"},{"floor":31,"key":"GamblersBrew"}],"is_trial":false,"path_per_floor":["M","M","M","?","M","R","M","R","T","M","E","$","M","$","R","B",null,"M","M","M","M","?","R","M","R","T","R","M","T","R","M","R","B"],"character_chosen":"THE_SILENT","items_purchased":["Omamori","Cloak And Dagger"],"campfire_rested":3,"item_purchase_floors":[12,12],"current_hp_per_floor":[44,44,44,44,38,38,19,40,40,37,28,28,26,26,26,18,57,57,57,57,31,31,31,19,40,40,61,60,60,60,44,44,0],"gold":361,"neow_bonus":"THREE_RARE_CARDS","is_prod":false,"is_daily":false,"chose_seed":false,"campfire_upgraded":5,"win_rate":0,"timestamp":1546917039,"path_taken":["M","?","M","?","M","R","M","R","T","?","E","$","M","?","R","BOSS","M","?","M","M","?","R","M","R","T","R","?","?","R","M","R","BOSS"],"build_version":"2019-01-03v4","purchased_purges":0,"victory":false,"max_hp_per_floor":[70,70,70,70,70,70,70,70,70,70,70,70,70,70,70,70,70,70,70,70,70,70,70,70,70,70,70,70,70,70,70,70,70],"card_choices":[{"not_picked":["Bullet Time","Doppelganger"],"picked":"Envenom","floor":0.0},{"not_picked":["Dagger Spray","Distraction"],"picked":"Predator","floor":1.0},{"not_picked":["Reflex","Tactician"],"picked":"Deflect","floor":2.0},{"not_picked":["Distraction","Acrobatics"],"picked":"Blur","floor":3.0},{"not_picked":["Underhanded Strike","Escape Plan"],"picked":"Leg Sweep","floor":5.0},{"not_picked":["Dodge and Roll","Concentrate"],"picked":"Blur","floor":7.0},{"not_picked":["Deadly Poison","Distraction"],"picked":"Backflip","floor":10.0},{"not_picked":["Deadly Poison","Expertise"],"picked":"Poisoned Stab","floor":11.0},{"not_picked":["Reflex","Acrobatics"],"picked":"Crippling Poison","floor":13.0},{"not_picked":["Storm of Steel","Night Terror"],"picked":"Burst","floor":16.0},{"not_picked":["Underhanded Strike","Acrobatics"],"picked":"PiercingWail","floor":18.0},{"not_picked":["Distraction","Blade Dance"],"picked":"Deflect+1","floor":19.0},{"not_picked":["Underhanded Strike","Poisoned Stab","All Out Attack"],"picked":"SKIP","floor":20.0},{"not_picked":["Dagger Throw","Bane"],"picked":"Dodge and Roll","floor":21.0},{"not_picked":["Quick Slash","Deflect"],"picked":"Terror+1","floor":24},{"not_picked":["Slice","Deadly Poison"],"picked":"Blade Dance+1","floor":28},{"not_picked":["Distraction","Flying Knee"],"picked":"Calculated Gamble+1","floor":31}],"player_experience":765291,"relics_obtained":[{"floor":9.0,"key":"Ninja Scroll"},{"floor":11.0,"key":"Shuriken"},{"floor":26,"key":"Tiny Chest"},{"floor":29,"key":"Bronze Scales"}],"event_choices":[{"damage_healed":0.0,"max_hp_gain":0.0,"max_hp_loss":0.0,"gold_gain":0.0,"event_name":"FaceTrader","player_choice":"Trade","floor":4.0,"gold_loss":0.0,"damage_taken":0.0,"relics_obtained":["CultistMask"]},{"damage_healed":0,"gold_gain":0,"player_choice":"2 cards matched","damage_taken":0,"max_hp_gain":0,"max_hp_loss":0,"event_name":"Match and Keep!","floor":22,"gold_loss":0,"cards_obtained":["Backflip","Neutralize"]}],"is_beta":true,"boss_relics":[{"not_picked":["Busted Crown","Sozu"],"picked":"WristBlade"}],"items_purged_floors":[],"is_endless":false,"potions_floor_spawned":[3,11,13,18,19,21,31],"killed_by":"Collector","ascension_level":11}