{"gold_per_floor":[109,124,124,143,143,143,93,103,126,141,161,161,236,246,246,349,349,364,374,114,114],"floor_reached":21,"playtime":1935,"items_purged":["Strike_G","Pain"],"score":173,"play_id":"811f613b-267b-46a1-b944-05b60511b42f","local_time":"20181107050239","is_ascension_mode":false,"campfire_choices":[{"data":"Survivor","floor":6,"key":"SMITH"},{"data":"Dodge and Roll","floor":12,"key":"SMITH"},{"data":"Neutralize","floor":15,"key":"SMITH"}],"neow_cost":"NONE","seed_source_timestamp":90413010342207,"circlet_count":0,"master_deck":["Defend_G","Defend_G","Defend_G","Defend_G+1","Defend_G","Strike_G","Strike_G","Strike_G","Strike_G","Survivor+1","Neutralize+1","Blade Dance","Predator","Deflect","Leg Sweep+1","Caltrops","Dodge and Roll+1","Distraction","After Image","Doubt","Pain","Backflip+1","Footwork"],"relics":["Ring of the Snake","Smiling Mask","War Paint","Calling Bell","Snake Skull","Paper Crane","Incense Burner","Membership Card"],"potions_floor_usage":[18,18,19],"damage_taken":[{"damage":0,"enemies":"Small Slimes","floor":1,"turns":4},{"damage":7,"enemies":"Cultist","floor":2,"turns":5},{"damage":0,"enemies":"Jaw Worm","floor":4,"turns":4},{"damage":16,"enemies":"Gremlin Gang","floor":8,"turns":5},{"damage":0,"enemies":"3 Louse","floor":10,"turns":5},{"damage":0,"enemies":"Blue Slaver","floor":11,"turns":6},{"damage":0,"enemies":"Large Slime","floor":14,"turns":8},{"damage":4,"enemies":"The Guardian","floor":16,"turns":19},{"damage":24,"enemies":"Spheric Guardian","floor":18,"turns":9},{"damage":42,"enemies":"Chosen","floor":19,"turns":11},{"damage":11,"enemies":"Centurion and Healer","floor":21,"turns":12}],"seed_played":"4620759522379387575","potions_obtained":[{"floor":1,"key":"FearPotion"},{"floor":2,"key":"Poison Potion"},{"floor":14,"key":"EssenceOfSteel"},{"floor":16,"key":"AttackPotion"}],"is_trial":false,"path_per_floor":["M","M","?","M","?","R","$","M","T","M","M","R","?","M","R","B",null,"M","M","$","M"],"character_chosen":"THE_SILENT","items_purchased":["Membership Card","Footwork"],"campfire_rested":0,"item_purchase_floors":[20,20],"current_hp_per_floor":[77,70,70,70,70,70,70,54,54,54,54,54,43,43,43,39,77,53,11,11,0],"gold":114,"neow_bonus":"TEN_PERCENT_HP_BONUS","is_prod":false,"is_daily":false,"chose_seed":false,"campfire_upgraded":3,"win_rate":0,"timestamp":1541584959,"path_taken":["M","M","?","?","?","R","$","?","T","M","M","R","?","M","R","BOSS","M","M","$","M"],"build_version":"2018-11-05","purchased_purges":2,"victory":false,"max_hp_per_floor":[77,77,77,77,77,77,77,77,77,77,77,77,77,77,77,77,77,77,77,77,77],"card_choices":[{"not_picked":["Masterful Stab","Choke"],"picked":"Blade Dance","floor":1},{"not_picked":["Bane","Underhanded Strike"],"picked":"Predator","floor":2},{"not_picked":["Dagger Throw","Poisoned Stab"],"picked":"Deflect","floor":4},{"not_picked":["Backflip","Corpse Explosion"],"picked":"Leg Sweep","floor":8},{"not_picked":["Deflect","Underhanded Strike"],"picked":"Caltrops","floor":10},{"not_picked":["Bane","Flechettes"],"picked":"Dodge and Roll","floor":11},{"not_picked":["Acrobatics","Deadly Poison"],"picked":"Distraction","floor":14},{"not_picked":["Adrenaline","Burst"],"picked":"After Image","floor":16},{"not_picked":["Choke","Bane"],"picked":"Backflip+1","floor":18},{"not_picked":["Predator+1","Dagger Spray","Expertise"],"picked":"SKIP","floor":19}],"player_experience":178010,"relics_obtained":[{"floor":9,"key":"War Paint"},{"floor":17,"key":"Snake Skull"},{"floor":17,"key":"Paper Crane"},{"floor":17,"key":"Incense Burner"}],"event_choices":[{"damage_healed":0,"gold_gain":0,"player_choice":"Gave Potion","damage_taken":0,"relics_obtained":["Smiling Mask"],"max_hp_gain":0,"max_hp_loss":0,"event_name":"WeMeetAgain","floor":3,"gold_loss":0},{"damage_healed":0,"gold_gain":0,"player_choice":"Ignored","damage_taken":0,"max_hp_gain":0,"max_hp_loss":0,"event_name":"NoteForYourself","floor":5,"gold_loss":0},{"damage_healed":0,"gold_gain":75,"player_choice":"Gather Gold","damage_taken":11,"max_hp_gain":0,"max_hp_loss":0,"event_name":"World of Goop","floor":13,"gold_loss":0}],"is_beta":true,"boss_relics":[{"not_picked":["Velvet Choker","Astrolabe"],"picked":"Calling Bell"}],"items_purged_floors":[7,20],"is_endless":false,"potions_floor_spawned":[1,2,14,16],"killed_by":"Centurion and Healer","ascension_level":0}