{"gold_per_floor":[118,193,206,226,226,255,255,255,278,312,312,323,335,345,345,450,450,467,467,487,487,452,481,37,51,51,51,51],"floor_reached":28,"playtime":1132,"items_purged":[],"score":248,"play_id":"8e2239b9-4167-4983-b5be-0f4d87490be3","local_time":"20190726225425","is_ascension_mode":false,"campfire_choices":[{"floor":8,"key":"REST"},{"data":"Metallicize","floor":11,"key":"SMITH"},{"data":"Heavy Blade","floor":15,"key":"SMITH"}],"neow_cost":"PERCENT_DAMAGE","seed_source_timestamp":372096786623480,"circlet_count":0,"master_deck":["Strike_R+1","Strike_R+1","Strike_R+1","Strike_R+1","Defend_R+1","Defend_R+1","Defend_R+1","Defend_R+1","Bash","Metallicize+1","Inflame+1","Heavy Blade+1","Anger","Thunderclap","Iron Wave","Shrug It Off","Dropkick","Barricade","Armaments","Flex","Seeing Red","Ghostly Armor+1","Whirlwind","Flex","Bludgeon"],"special_seed":0,"relics":["Burning Blood","StoneCalendar","Bag of Preparation","Anchor","Smiling Mask","Meat on the Bone","Orrery","Lantern","Champion Belt"],"potions_floor_usage":[18,25,28],"damage_taken":[{"damage":14.0,"enemies":"2 Louse","floor":1.0,"turns":3.0},{"damage":3,"enemies":"Cultist","floor":3,"turns":3},{"damage":6,"enemies":"Jaw Worm","floor":4,"turns":4},{"damage":35,"enemies":"Lagavulin","floor":6,"turns":6},{"damage":3,"enemies":"Gremlin Nob","floor":10,"turns":3},{"damage":9,"enemies":"Blue Slaver","floor":12,"turns":3},{"damage":3,"enemies":"Red Slaver","floor":13,"turns":3},{"damage":0,"enemies":"Large Slime","floor":14,"turns":5},{"damage":31,"enemies":"The Guardian","floor":16,"turns":8},{"damage":2,"enemies":"Shell Parasite","floor":18,"turns":2},{"damage":12,"enemies":"2 Thieves","floor":20,"turns":4},{"damage":62,"enemies":"Book of Stabbing","floor":23,"turns":8},{"damage":26,"enemies":"Sentry and Sphere","floor":25,"turns":6},{"damage":40,"enemies":"Gremlin Leader","floor":28,"turns":5}],"seed_played":"-7629115464238313621","potions_obtained":[{"floor":4,"key":"SpeedPotion"},{"floor":10,"key":"Dexterity Potion"},{"floor":12,"key":"Regen Potion"},{"floor":14,"key":"Explosive Potion"},{"floor":23,"key":"FearPotion"},{"floor":25,"key":"EssenceOfSteel"}],"is_trial":false,"path_per_floor":["M","?","M","M","?","E","?","R","T","E","R","M","M","M","R","B",null,"M","?","M","?","$","E","$","M","T","?","E"],"character_chosen":"IRONCLAD","items_purchased":["Whirlwind","Champion Belt","Bludgeon"],"campfire_rested":1,"item_purchase_floors":[22,24,24],"current_hp_per_floor":[48,40,43,43,43,14,14,38,38,41,41,50,53,59,59,46,80,80,80,74,74,74,30,30,34,34,34,0],"gold":51,"neow_bonus":"ONE_RARE_RELIC","is_prod":false,"is_daily":false,"chose_seed":false,"campfire_upgraded":2,"win_rate":0,"timestamp":1564199665,"path_taken":["M","?","M","?","?","E","?","R","T","E","R","M","M","?","R","BOSS","M","?","?","?","$","E","$","M","T","?","E"],"build_version":"2019-07-17","purchased_purges":0,"victory":false,"max_hp_per_floor":[80,80,80,80,80,80,80,80,80,80,80,80,80,80,80,80,80,80,80,80,80,80,80,80,80,80,80,80],"card_choices":[{"not_picked":["Warcry","Uppercut"],"picked":"Metallicize","floor":1.0},{"not_picked":["Clash","Anger"],"picked":"Inflame","floor":3},{"not_picked":["Corruption","Pommel Strike"],"picked":"Heavy Blade","floor":4},{"not_picked":["Exhume","Twin Strike"],"picked":"Anger","floor":6},{"not_picked":["Whirlwind","Clash"],"picked":"Thunderclap","floor":10},{"not_picked":["Perfected Strike","Thunderclap"],"picked":"Iron Wave","floor":12},{"not_picked":["Anger","Thunderclap"],"picked":"Shrug It Off","floor":13},{"not_picked":["Clothesline","Corruption"],"picked":"Dropkick","floor":14},{"not_picked":["Dark Embrace","Brutality"],"picked":"Barricade","floor":16},{"not_picked":["Havoc","Headbutt"],"picked":"Armaments","floor":17},{"not_picked":["Pommel Strike","Dropkick"],"picked":"Flex","floor":17},{"not_picked":["Combust","Warcry"],"picked":"Seeing Red","floor":17},{"not_picked":["Iron Wave","Clothesline+1","Warcry"],"picked":"SKIP","floor":18},{"not_picked":["Rupture","Body Slam"],"picked":"Ghostly Armor+1","floor":20},{"not_picked":["Brutality","Anger"],"picked":"Flex","floor":23},{"not_picked":["Twin Strike","Warcry","Iron Wave"],"picked":"SKIP","floor":25}],"player_experience":153431,"relics_obtained":[{"floor":6,"key":"Bag of Preparation"},{"floor":9,"key":"Smiling Mask"},{"floor":10,"key":"Meat on the Bone"},{"floor":23,"key":"Lantern"}],"event_choices":[{"damage_healed":0,"gold_gain":75,"player_choice":"Touch","damage_taken":8,"max_hp_gain":0,"max_hp_loss":0,"event_name":"FaceTrader","floor":2,"gold_loss":0},{"damage_healed":0,"gold_gain":0,"player_choice":"Grow","damage_taken":0,"max_hp_gain":0,"max_hp_loss":0,"event_name":"Living Wall","floor":5,"gold_loss":0,"cards_upgraded":["Inflame"]},{"damage_healed":0,"gold_gain":0,"player_choice":"Gave Potion","damage_taken":0,"relics_obtained":["Anchor"],"max_hp_gain":0,"max_hp_loss":0,"event_name":"WeMeetAgain","floor":7,"gold_loss":0},{"cards_removed":["Strike_R"],"damage_healed":0,"gold_gain":0,"player_choice":"Offered Basic","damage_taken":0,"max_hp_gain":0,"max_hp_loss":0,"event_name":"Bonfire Elementals","floor":19,"gold_loss":0},{"damage_healed":0,"gold_gain":0,"player_choice":"Simplicity","damage_taken":0,"max_hp_gain":0,"max_hp_loss":0,"event_name":"Back to Basics","floor":21,"gold_loss":0,"cards_upgraded":["Strike_R","Strike_R","Strike_R","Strike_R","Defend_R","Defend_R","Defend_R","Defend_R"]}],"is_beta":false,"boss_relics":[{"not_picked":["Runic Dome","White Beast Statue"],"picked":"Orrery"}],"items_purged_floors":[],"is_endless":false,"potions_floor_spawned":[4,10,12,14,23,25],"killed_by":"Gremlin Leader","ascension_level":0}