{"gold_per_floor":[109,124,143,162,174,209,209,229,229,260,275,275,275,275,275,379,379,399,1,18,18,18,49,68,68,68,98,98,109,128,147,147,249,299,316,332,342,354,9,9],"floor_reached":40,"playtime":2631,"items_purged":["Shame"],"score":494,"play_id":"25c338c0-96e0-42a0-8a38-c9403d7db696","local_time":"20190511124951","is_ascension_mode":false,"campfire_choices":[{"floor":7,"key":"RECALL"},{"floor":12,"key":"REST"},{"floor":15,"key":"REST"},{"floor":25,"key":"REST"},{"floor":28,"key":"REST"},{"data":"Choke","floor":32,"key":"SMITH"}],"neow_cost":"NONE","seed_source_timestamp":406752235862319,"circlet_count":0,"master_deck":["Defend_G","Defend_G","Defend_G","Defend_G","Defend_G","Strike_G","Strike_G","Strike_G","Strike_G","Strike_G","Survivor","Neutralize+1","Choke+1","Terror","All Out Attack","Deadly Poison","Bouncing Flask","A Thousand Cuts","Blade Dance","Deadly Poison","Leg Sweep","Bullet Time","Backstab+1","Noxious Fumes","Bane+1","Dagger Spray+1","Deadly Poison","Cloak And Dagger","Glass Knife+1","Bane+1","Deadly Poison","Cloak And Dagger","Bullet Time","Slice+1","Poisoned Stab+1","Dagger Spray+1","PiercingWail","Endless Agony+1","Phantasmal Killer","Finisher+1"],"relics":["White Beast Statue","Dodecahedron","Oddly Smooth Stone","Mummified Hand","Omamori","Calling Bell","Bronze Scales","Molten Egg 2","Thread and Needle","Paper Crane","Darkstone Periapt","Pocketwatch","Blood Vial","Tiny House","Happy Flower"],"potions_floor_usage":[4,5,6,6,8,10,11,16,20,23,24,24,27,29,31,31,31,31,33,33,33,35,36,36,37,38,40],"damage_taken":[{"damage":1,"enemies":"Jaw Worm","floor":1,"turns":6},{"damage":1,"enemies":"2 Louse","floor":2,"turns":3},{"damage":2,"enemies":"Cultist","floor":3,"turns":5},{"damage":7,"enemies":"Red Slaver","floor":4,"turns":4},{"damage":11,"enemies":"Blue Slaver","floor":5,"turns":5},{"damage":23,"enemies":"3 Sentries","floor":6,"turns":5},{"damage":11,"enemies":"Large Slime","floor":8,"turns":5},{"damage":10,"enemies":"Gremlin Nob","floor":10,"turns":3},{"damage":1,"enemies":"2 Fungi Beasts","floor":11,"turns":4},{"damage":12,"enemies":"Hexaghost","floor":16,"turns":9},{"damage":0,"enemies":"Chosen","floor":18,"turns":4},{"damage":0,"enemies":"2 Thieves","floor":20,"turns":4},{"damage":30,"enemies":"Slavers","floor":23,"turns":4},{"damage":6,"enemies":"Sentry and Sphere","floor":24,"turns":6},{"damage":4,"enemies":"Book of Stabbing","floor":27,"turns":5},{"damage":0,"enemies":"Snecko","floor":29,"turns":4},{"damage":0,"enemies":"Cultist and Chosen","floor":30,"turns":4},{"damage":5,"enemies":"3 Cultists","floor":31,"turns":4},{"damage":64,"enemies":"Champ","floor":33,"turns":9},{"damage":1,"enemies":"3 Shapes","floor":35,"turns":4},{"damage":29,"enemies":"3 Darklings","floor":36,"turns":3},{"damage":13,"enemies":"Jaw Worm Horde","floor":37,"turns":3},{"damage":6,"enemies":"4 Shapes","floor":38,"turns":5},{"damage":58,"enemies":"Nemesis","floor":40,"turns":6}],"seed_played":"-3522809052495748226","potions_obtained":[{"floor":1,"key":"SkillPotion"},{"floor":2,"key":"Regen Potion"},{"floor":3,"key":"FearPotion"},{"floor":4,"key":"LiquidBronze"},{"floor":5,"key":"Explosive Potion"},{"floor":6,"key":"SpeedPotion"},{"floor":8,"key":"SteroidPotion"},{"floor":10,"key":"FearPotion"},{"floor":11,"key":"SteroidPotion"},{"floor":16,"key":"GhostInAJar"},{"floor":18,"key":"Strength Potion"},{"floor":20,"key":"PowerPotion"},{"floor":22,"key":"Energy Potion"},{"floor":23,"key":"Energy Potion"},{"floor":24,"key":"EssenceOfSteel"},{"floor":27,"key":"PowerPotion"},{"floor":29,"key":"Energy Potion"},{"floor":30,"key":"EntropicBrew"},{"floor":31,"key":"Weak Potion"},{"floor":33,"key":"GamblersBrew"},{"floor":34,"key":"PowerPotion"},{"floor":35,"key":"PowerPotion"},{"floor":36,"key":"SteroidPotion"},{"floor":37,"key":"SpeedPotion"},{"floor":38,"key":"Ancient Potion"}],"is_trial":false,"path_per_floor":["M","M","M","M","M","E","R","M","T","E","M","R","?","T","R","B",null,"M","$","M","?","?","E","M","R","T","E","R","M","M","M","R","B",null,"M","M","M","M","$","E"],"character_chosen":"THE_SILENT","items_purchased":["Paper Crane","Noxious Fumes","Bane+1","Happy Flower","Phantasmal Killer","Finisher+1"],"campfire_rested":4,"item_purchase_floors":[19,19,19,39,39,39],"current_hp_per_floor":[69,68,66,59,62,39,39,28,28,18,17,38,26,26,47,35,70,70,70,70,70,70,40,34,55,55,51,70,70,70,65,65,3,75,74,46,35,31,31,0],"gold":9,"neow_bonus":"BOSS_RELIC","is_prod":false,"is_daily":false,"chose_seed":false,"campfire_upgraded":1,"win_rate":0,"timestamp":1557593391,"path_taken":["M","M","M","M","M","E","R","M","T","E","M","R","?","?","R","BOSS","M","$","M","?","?","E","?","R","T","E","R","M","M","M","R","BOSS","M","M","M","M","$","E"],"build_version":"2019-01-23","purchased_purges":1,"victory":false,"max_hp_per_floor":[70,70,70,70,70,70,70,70,70,70,70,70,70,70,70,70,70,70,70,70,70,70,70,70,70,70,70,70,70,70,70,70,70,75,75,75,75,75,75,75],"card_choices":[{"not_picked":["Reflex","Dagger Spray"],"picked":"Choke","floor":1},{"not_picked":["Escape Plan","PiercingWail"],"picked":"Terror","floor":2},{"not_picked":["Backflip","Blur"],"picked":"All Out Attack","floor":3},{"not_picked":["Setup","Crippling Poison"],"picked":"Deadly Poison","floor":4},{"not_picked":["Finisher","Deflect"],"picked":"Bouncing Flask","floor":5},{"not_picked":["Malaise","Cloak And Dagger"],"picked":"A Thousand Cuts","floor":6},{"not_picked":["Cloak And Dagger","PiercingWail"],"picked":"Blade Dance","floor":8},{"not_picked":["Accuracy","Night Terror"],"picked":"Deadly Poison","floor":10},{"not_picked":["Flechettes","Eviscerate"],"picked":"Leg Sweep","floor":11},{"not_picked":["Doppelganger","Wraith Form v2"],"picked":"Bullet Time","floor":16},{"not_picked":["Underhanded Strike+1","Deflect+1"],"picked":"Backstab+1","floor":18},{"not_picked":["Dagger Throw+1","Dash+1"],"picked":"Dagger Spray+1","floor":20},{"not_picked":["Flying Knee+1","Heel Hook+1"],"picked":"Deadly Poison","floor":23},{"not_picked":["Dodge and Roll","Deflect"],"picked":"Cloak And Dagger","floor":24},{"not_picked":["Backflip+1","Heel Hook+1"],"picked":"Glass Knife+1","floor":27},{"not_picked":["Dodge and Roll","Sucker Punch+1"],"picked":"Bane+1","floor":29},{"not_picked":["Setup+1","Acrobatics"],"picked":"Deadly Poison","floor":30},{"not_picked":["Riddle With Holes+1","Deadly Poison"],"picked":"Cloak And Dagger","floor":31},{"not_picked":["Phantasmal Killer","After Image"],"picked":"Bullet Time","floor":33},{"not_picked":["Underhanded Strike+1","All Out Attack+1"],"picked":"Slice+1","floor":34},{"not_picked":["Dodge and Roll","Prepared"],"picked":"Poisoned Stab+1","floor":35},{"not_picked":["Setup","Acrobatics+1"],"picked":"Dagger Spray+1","floor":36},{"not_picked":["Slice+1","Blade Dance+1"],"picked":"PiercingWail","floor":37},{"not_picked":["Burst","Terror+1"],"picked":"Endless Agony+1","floor":38}],"player_experience":333122,"relics_obtained":[{"floor":6,"key":"Dodecahedron"},{"floor":10,"key":"Oddly Smooth Stone"},{"floor":14,"key":"Omamori"},{"floor":17,"key":"Bronze Scales"},{"floor":17,"key":"Molten Egg 2"},{"floor":17,"key":"Thread and Needle"},{"floor":23,"key":"Darkstone Periapt"},{"floor":26,"key":"Pocketwatch"},{"floor":27,"key":"Blood Vial"}],"event_choices":[{"damage_healed":0,"gold_gain":0,"player_choice":"Success","damage_taken":12,"relics_obtained":["Mummified Hand"],"max_hp_gain":0,"max_hp_loss":0,"event_name":"Scrap Ooze","floor":13,"gold_loss":0},{"damage_healed":0,"gold_gain":0,"player_choice":"Got Potions","damage_taken":0,"max_hp_gain":0,"max_hp_loss":0,"event_name":"Lab","floor":22,"gold_loss":0}],"is_beta":false,"boss_relics":[{"not_picked":["Coffee Dripper","Lizard Tail"],"picked":"Calling Bell"},{"not_picked":["Astrolabe","Orrery"],"picked":"Tiny House"}],"items_purged_floors":[19],"is_endless":false,"potions_floor_spawned":[1,2,3,4,5,6,8,10,11,16,18,20,23,24,27,29,30,31,33,35,36,37,38],"killed_by":"Nemesis","ascension_level":0}