{"gold_per_floor":[12,31,131,149,163,163,180,180,203,203,214,225,150,161,161,264,264,278,293,306,306,306],"floor_reached":22,"playtime":2850,"items_purged":["Strike_R"],"score":182,"play_id":"8457b0f3-6ab6-41a2-ba42-43b6adc85710","local_time":"20190707142530","is_ascension_mode":false,"campfire_choices":[{"data":"Searing Blow","floor":6,"key":"SMITH"},{"data":"Searing Blow+1","floor":8,"key":"SMITH"},{"data":"Searing Blow+2","floor":15,"key":"SMITH"}],"neow_cost":"NO_GOLD","seed_source_timestamp":1255038884583200,"circlet_count":0,"master_deck":["Strike_R","Strike_R","Defend_R","Defend_R","Defend_R","Defend_R","Bash","Fiend Fire","Havoc","Searing Blow+3","Seeing Red","Shrug It Off","Flame Barrier","Dual Wield","Swift Strike","Feel No Pain","Shrug It Off","Juggernaut","Havoc+1"],"relics":["Burning Blood","Bag of Preparation","Runic Cube"],"potions_floor_usage":[7,14,16,16,18,20],"damage_taken":[{"damage":0,"enemies":"2 Louse","floor":1,"turns":2},{"damage":6,"enemies":"Cultist","floor":2,"turns":3},{"damage":6,"enemies":"Jaw Worm","floor":4,"turns":3},{"damage":21,"enemies":"Exordium Thugs","floor":5,"turns":6},{"damage":6,"enemies":"Lots of Slimes","floor":7,"turns":5},{"damage":4,"enemies":"2 Fungi Beasts","floor":11,"turns":4},{"damage":10,"enemies":"Looter","floor":12,"turns":2},{"damage":11,"enemies":"Exordium Wildlife","floor":14,"turns":5},{"damage":27,"enemies":"Hexaghost","floor":16,"turns":9},{"damage":13,"enemies":"Shell Parasite","floor":18,"turns":4},{"damage":32,"enemies":"Spheric Guardian","floor":19,"turns":6},{"damage":10,"enemies":"Snecko","floor":20,"turns":5},{"damage":7,"enemies":"Centurion and Healer","floor":22,"turns":6}],"seed_played":"7405187574116499309","potions_obtained":[{"floor":1,"key":"Fire Potion"},{"floor":4,"key":"Energy Potion"},{"floor":12,"key":"PowerPotion"},{"floor":14,"key":"Swift Potion"},{"floor":16,"key":"SkillPotion"},{"floor":19,"key":"Regen Potion"}],"is_trial":false,"path_per_floor":["M","M","?","M","M","R","M","R","T","?","M","M","$","M","R","B",null,"M","M","M","?","M"],"character_chosen":"IRONCLAD","items_purchased":[],"campfire_rested":0,"item_purchase_floors":[],"current_hp_per_floor":[80,80,80,80,65,65,65,65,65,65,67,63,63,58,58,37,80,73,47,57,57,50],"gold":306,"neow_bonus":"TRANSFORM_TWO_CARDS","is_prod":false,"is_daily":false,"chose_seed":false,"campfire_upgraded":3,"win_rate":0,"timestamp":1562523930,"path_taken":["M","M","?","M","?","R","M","R","T","?","M","M","?","M","R","BOSS","M","M","M","?","M"],"build_version":"2019-07-05","purchased_purges":1,"victory":false,"max_hp_per_floor":[80,80,80,80,80,80,80,80,80,80,80,80,80,80,80,80,80,80,80,80,80,80],"card_choices":[{"not_picked":["Battle Trance","Clash"],"picked":"Searing Blow","floor":1},{"not_picked":["Clash","Inflame"],"picked":"Seeing Red","floor":2},{"not_picked":["Body Slam","Intimidate"],"picked":"Shrug It Off","floor":4},{"not_picked":["Shockwave","Cleave"],"picked":"Flame Barrier","floor":5},{"not_picked":["Cleave","Anger"],"picked":"Dual Wield","floor":7},{"not_picked":["Reaper","Havoc"],"picked":"Feel No Pain","floor":11},{"not_picked":["Heavy Blade","Thunderclap","Warcry"],"picked":"SKIP","floor":12},{"not_picked":["Havoc","Intimidate"],"picked":"Shrug It Off","floor":14},{"not_picked":["Berserk","Immolate"],"picked":"Juggernaut","floor":16},{"not_picked":["Pommel Strike+1","Fire Breathing+1","Blood for Blood+1"],"picked":"SKIP","floor":18},{"not_picked":["Flame Barrier+1","Perfected Strike","Clothesline"],"picked":"SKIP","floor":19},{"not_picked":["Hemokinesis","Twin Strike"],"picked":"Havoc+1","floor":20}],"player_experience":660291,"relics_obtained":[{"floor":9,"key":"Bag of Preparation"}],"event_choices":[{"damage_healed":0,"gold_gain":100,"player_choice":"Pray","damage_taken":0,"max_hp_gain":0,"max_hp_loss":0,"event_name":"Golden Shrine","floor":3,"gold_loss":0},{"damage_healed":0,"gold_gain":0,"player_choice":"1 cards matched","damage_taken":0,"max_hp_gain":0,"max_hp_loss":0,"event_name":"Match and Keep!","floor":10,"gold_loss":0,"cards_obtained":["Swift Strike"]},{"damage_healed":0,"gold_gain":0,"player_choice":"Ignored","damage_taken":0,"max_hp_gain":0,"max_hp_loss":0,"event_name":"NoteForYourself","floor":21,"gold_loss":0}],"is_beta":false,"boss_relics":[{"not_picked":["Fusion Hammer","Calling Bell"],"picked":"Runic Cube"}],"items_purged_floors":[13],"is_endless":false,"potions_floor_spawned":[1,4,12,14,16,19],"killed_by":"Centurion and Healer","ascension_level":0}