{"gold_per_floor":[110,110,120,132,132,164,164,191,191,191,202,218,218,237,237,335,335,352,364,364,364,381,381,26,26,26,57,71,82,82,181,181,181],"floor_reached":33,"playtime":1314,"items_purged":[],"score":319,"play_id":"c3a20744-914c-4e96-8c9b-045a9749558c","local_time":"20190623191502","is_ascension_mode":true,"campfire_choices":[{"floor":7.0,"key":"RECALL"},{"floor":13.0,"key":"REST"},{"floor":15.0,"key":"REST"},{"floor":23,"key":"REST"},{"floor":25,"key":"REST"},{"floor":30,"key":"REST"},{"data":"Fiend Fire","floor":32,"key":"SMITH"}],"neow_cost":"NONE","seed_source_timestamp":0,"circlet_count":0,"master_deck":["Strike_R","Strike_R","Strike_R","Strike_R","Strike_R","Defend_R","Defend_R","Defend_R","Defend_R","Armaments","Sword Boomerang","Cleave","Inflame","Anger","Twin Strike","Anger","Fiend Fire+1","Juggernaut","Thunderclap","Seeing Red","True Grit"],"special_seed":0,"relics":["Burning Blood","NeowsBlessing","Self Forming Clay","Red Skull","Darkstone Periapt","The Courier","Runic Pyramid","Regal Pillow","StoneCalendar","Charon\u0027s Ashes"],"potions_floor_usage":[19,22,27,29],"damage_taken":[{"damage":0.0,"enemies":"Jaw Worm","floor":1.0,"turns":1.0},{"damage":0.0,"enemies":"Cultist","floor":3.0,"turns":1.0},{"damage":0.0,"enemies":"2 Louse","floor":4.0,"turns":1.0},{"damage":21.0,"enemies":"Gremlin Nob","floor":6.0,"turns":4.0},{"damage":33.0,"enemies":"Lagavulin","floor":8.0,"turns":6.0},{"damage":9.0,"enemies":"Exordium Wildlife","floor":11.0,"turns":2.0},{"damage":10.0,"enemies":"Lots of Slimes","floor":12.0,"turns":2.0},{"damage":3.0,"enemies":"Blue Slaver","floor":14.0,"turns":2.0},{"damage":58.0,"enemies":"Hexaghost","floor":16.0,"turns":10.0},{"damage":38,"enemies":"2 Thieves","floor":18,"turns":4},{"damage":10,"enemies":"3 Byrds","floor":19,"turns":5},{"damage":20,"enemies":"Snake Plant","floor":22,"turns":4},{"damage":60,"enemies":"Slavers","floor":27,"turns":4},{"damage":26,"enemies":"Centurion and Healer","floor":28,"turns":4},{"damage":3,"enemies":"Snecko","floor":29,"turns":3},{"damage":61,"enemies":"Collector","floor":33,"turns":6}],"seed_played":"-7575529406422964141","potions_obtained":[{"floor":3.0,"key":"PowerPotion"},{"floor":4.0,"key":"SpeedPotion"},{"floor":12.0,"key":"Strength Potion"},{"floor":14.0,"key":"Regen Potion"},{"floor":18,"key":"SpeedPotion"},{"floor":28,"key":"Swift Potion"}],"is_trial":false,"path_per_floor":["M","?","M","M","?","E","R","E","T","$","M","M","R","M","R","B",null,"M","M","?","?","M","R","$","R","T","E","M","M","R","?","R","B"],"character_chosen":"IRONCLAD","items_purchased":["Regal Pillow","StoneCalendar"],"campfire_rested":5,"item_purchase_floors":[24,24],"current_hp_per_floor":[80,80,80,80,68,53,53,26,26,26,23,19,43,46,70,18,80,48,58,58,43,29,54,54,85,85,31,11,14,54,54,54,0],"gold":181,"neow_bonus":"THREE_ENEMY_KILL","is_prod":false,"is_daily":false,"chose_seed":false,"campfire_upgraded":1,"win_rate":0,"timestamp":1561331702,"path_taken":["M","?","?","M","?","E","R","E","T","?","?","M","R","M","R","BOSS","M","M","?","?","?","R","$","R","T","E","M","M","R","?","R","BOSS"],"build_version":"2019-01-23","purchased_purges":0,"victory":false,"max_hp_per_floor":[80,80,80,80,80,80,80,80,80,80,80,80,80,80,80,80,80,80,80,80,85,85,85,85,85,85,85,85,85,85,85,85,85],"card_choices":[{"not_picked":["Entrench","Infernal Blade"],"picked":"Armaments","floor":1.0},{"not_picked":["Wild Strike","Headbutt"],"picked":"Sword Boomerang","floor":3.0},{"not_picked":["Corruption","Headbutt"],"picked":"Cleave","floor":4.0},{"not_picked":["True Grit","Clothesline"],"picked":"Inflame","floor":6.0},{"not_picked":["Iron Wave","Searing Blow"],"picked":"Anger","floor":8.0},{"not_picked":["Clash","Sword Boomerang"],"picked":"Twin Strike","floor":11.0},{"not_picked":["Battle Trance","Evolve"],"picked":"Anger","floor":12.0},{"not_picked":["Dual Wield","Clash"],"picked":"Fiend Fire","floor":14.0},{"not_picked":["Dark Embrace","Berserk"],"picked":"Juggernaut","floor":16.0},{"not_picked":["Second Wind+1","Dropkick"],"picked":"Thunderclap","floor":18},{"not_picked":["Blood for Blood","Twin Strike","Heavy Blade"],"picked":"SKIP","floor":19},{"not_picked":["Twin Strike","Headbutt","Pummel"],"picked":"SKIP","floor":22},{"not_picked":["Dark Embrace","Thunderclap+1"],"picked":"Seeing Red","floor":27},{"not_picked":["Clash+1","Thunderclap+1"],"picked":"True Grit","floor":28},{"not_picked":["Thunderclap","Dropkick","Sword Boomerang+1"],"picked":"SKIP","floor":29}],"player_experience":503007,"relics_obtained":[{"floor":6.0,"key":"Red Skull"},{"floor":8.0,"key":"Darkstone Periapt"},{"floor":9.0,"key":"The Courier"},{"floor":27,"key":"Charon\u0027s Ashes"}],"event_choices":[{"cards_removed":["Bash"],"damage_healed":0.0,"max_hp_gain":0.0,"max_hp_loss":0.0,"gold_gain":0.0,"event_name":"Bonfire Elementals","player_choice":"Offered Basic","floor":2.0,"gold_loss":0.0,"damage_taken":0.0},{"damage_healed":0.0,"max_hp_gain":0.0,"max_hp_loss":0.0,"gold_gain":0.0,"event_name":"Scrap Ooze","player_choice":"Success","floor":5.0,"gold_loss":0.0,"damage_taken":12.0,"relics_obtained":["Self Forming Clay"]},{"damage_healed":0,"gold_gain":0,"player_choice":"Ignored","damage_taken":0,"max_hp_gain":0,"max_hp_loss":0,"event_name":"Beggar","floor":20,"gold_loss":0},{"damage_healed":0,"gold_gain":0,"player_choice":"Shed Blood","damage_taken":20,"max_hp_gain":5,"max_hp_loss":0,"event_name":"Forgotten Altar","floor":21,"gold_loss":0},{"damage_healed":0,"gold_gain":99,"player_choice":"Stole From Cult","damage_taken":0,"max_hp_gain":0,"max_hp_loss":0,"event_name":"Nest","floor":31,"gold_loss":0}],"is_beta":false,"boss_relics":[{"not_picked":["Cursed Key","Empty Cage"],"picked":"Runic Pyramid"}],"items_purged_floors":[],"is_endless":false,"potions_floor_spawned":[3,4,12,14,18,28],"killed_by":"Collector","ascension_level":3}