{"gold_per_floor":[111,131,185,205,224,224,129,143,169,169,16,16,27,47,47,142,142,152,50,149,149,160,188,188,207,232,243,263,263,263,263,263,358,358,370,384,384,384,394,394,411,411,466,477,493,20,20,30,30,30],"floor_reached":51,"playtime":3306,"items_purged":["Strike_R"],"score":1048,"play_id":"b1f8ab65-f117-42e4-a216-fe3a094d0a71","local_time":"20181203185837","is_ascension_mode":true,"campfire_choices":[{"data":"Metallicize","floor":6,"key":"SMITH"},{"data":"Metallicize","floor":12,"key":"SMITH"},{"data":"Shrug It Off","floor":15,"key":"SMITH"},{"floor":24,"key":"REST"},{"floor":30,"key":"REST"},{"floor":32,"key":"REST"},{"floor":40,"key":"REST"},{"floor":42,"key":"REST"},{"floor":49,"key":"REST"}],"neow_cost":"NONE","seed_source_timestamp":444170640237012,"circlet_count":0,"master_deck":["Strike_R+1","Strike_R+1","Strike_R+1","Defend_R+1","Defend_R+1","Defend_R+1","Defend_R+1","Bash","Carnage","Evolve","Metallicize+1","Disarm","Shrug It Off+1","Metallicize+1","Body Slam","Pommel Strike","Barricade","Impervious","Shrug It Off","Exhume","Shrug It Off+1","Armaments+1","Offering","Flame Barrier","Parasite","Body Slam","Mayhem","Finesse","Shrug It Off+1","Shockwave+1"],"relics":["Burning Blood","Red Skull","Ancient Tea Set","Happy Flower","Fusion Hammer","Vajra","Dream Catcher","Busted Crown","Centennial Puzzle","Art of War","Pen Nib"],"potions_floor_usage":[13,16,23,25,28,39,41,45,48,50],"damage_taken":[{"damage":10,"enemies":"2 Louse","floor":1,"turns":3},{"damage":0,"enemies":"Small Slimes","floor":2,"turns":4},{"damage":1,"enemies":"Cultist","floor":4,"turns":3},{"damage":12,"enemies":"2 Fungi Beasts","floor":5,"turns":3},{"damage":0,"enemies":"3 Louse","floor":8,"turns":6},{"damage":4,"enemies":"Looter","floor":13,"turns":3},{"damage":9,"enemies":"Exordium Wildlife","floor":14,"turns":5},{"damage":16,"enemies":"Slime Boss","floor":16,"turns":15},{"damage":2,"enemies":"3 Byrds","floor":18,"turns":7},{"damage":0,"enemies":"Chosen","floor":22,"turns":6},{"damage":32,"enemies":"Gremlin Leader","floor":23,"turns":8},{"damage":0,"enemies":"3 Cultists","floor":25,"turns":5},{"damage":3,"enemies":"Snake Plant","floor":27,"turns":6},{"damage":19,"enemies":"Centurion and Healer","floor":28,"turns":8},{"damage":14,"enemies":"Champ","floor":33,"turns":11},{"damage":9,"enemies":"3 Darklings","floor":35,"turns":11},{"damage":3,"enemies":"Orb Walker","floor":36,"turns":6},{"damage":20,"enemies":"Sphere and 2 Shapes","floor":39,"turns":9},{"damage":18,"enemies":"Writhing Mass","floor":41,"turns":5},{"damage":6,"enemies":"Spire Growth","floor":44,"turns":6},{"damage":28,"enemies":"Sphere and 2 Shapes","floor":45,"turns":9},{"damage":38,"enemies":"4 Shapes","floor":48,"turns":7},{"damage":12,"enemies":"Awakened One","floor":50,"turns":9}],"seed_played":"-8500113017598905890","potions_obtained":[{"floor":4,"key":"Weak Potion"},{"floor":5,"key":"SkillPotion"},{"floor":8,"key":"Swift Potion"},{"floor":16,"key":"BloodPotion"},{"floor":18,"key":"GamblersBrew"},{"floor":21,"key":"LiquidBronze"},{"floor":21,"key":"FairyPotion"},{"floor":23,"key":"AttackPotion"},{"floor":33,"key":"Fire Potion"},{"floor":36,"key":"BloodPotion"},{"floor":39,"key":"PowerPotion"},{"floor":41,"key":"Regen Potion"},{"floor":45,"key":"LiquidBronze"}],"is_trial":false,"path_per_floor":["M","M","?","M","M","R","$","M","T","?","$","R","M","M","R","B",null,"M","$","?","?","M","E","R","M","T","M","M","?","R","?","R","B",null,"M","M","?","?","M","R","M","R","T","M","M","$","?","M","R","B",null],"character_chosen":"IRONCLAD","items_purchased":["Shrug It Off","Metallicize","Happy Flower","Shrug It Off","Mayhem","Pen Nib","Finesse","Dexterity Potion"],"campfire_rested":6,"item_purchase_floors":[7,7,11,19,46,46,46,46],"current_hp_per_floor":[68,74,74,79,73,73,73,79,79,79,79,79,80,77,77,67,77,80,80,80,80,80,54,78,80,80,80,67,67,80,80,80,72,78,75,78,78,78,72,80,68,80,80,80,73,73,73,41,65,59],"gold":30,"neow_bonus":"RANDOM_COMMON_RELIC","is_prod":false,"is_daily":false,"chose_seed":false,"campfire_upgraded":3,"win_rate":0,"timestamp":1543881517,"path_taken":["M","M","?","M","M","R","$","M","T","?","$","R","M","M","R","BOSS","M","$","?","?","?","E","R","M","T","M","M","?","R","?","R","BOSS","M","M","?","?","M","R","?","R","T","M","M","$","?","?","R","BOSS"],"build_version":"2018-11-15","purchased_purges":1,"victory":true,"max_hp_per_floor":[80,80,80,80,80,80,80,80,80,80,80,80,80,80,80,80,80,80,80,80,80,80,80,80,80,80,80,80,80,80,80,80,80,80,80,80,80,80,80,80,80,80,80,80,80,80,80,80,80,80],"card_choices":[{"not_picked":["Wild Strike","Twin Strike"],"picked":"Carnage","floor":1},{"not_picked":["Twin Strike","Thunderclap"],"picked":"Evolve","floor":2},{"not_picked":["Havoc","Burning Pact"],"picked":"Metallicize","floor":4},{"not_picked":["Corruption","Sword Boomerang"],"picked":"Disarm","floor":5},{"not_picked":["Clash","Second Wind"],"picked":"Body Slam","floor":8},{"not_picked":["Second Wind","Burning Pact"],"picked":"Pommel Strike","floor":13},{"not_picked":["Twin Strike","Feel No Pain"],"picked":"Barricade","floor":14},{"not_picked":["Berserk","Brutality"],"picked":"Impervious","floor":16},{"not_picked":["Second Wind","Clash+1","Cleave+1"],"picked":"SKIP","floor":18},{"not_picked":["Perfected Strike","Headbutt"],"picked":"Exhume","floor":22},{"not_picked":["Dropkick","Headbutt"],"picked":"Shrug It Off+1","floor":23},{"not_picked":["Thunderclap","Clash","Fire Breathing"],"picked":"SKIP","floor":25},{"not_picked":["Sever Soul","Sword Boomerang","Cleave"],"picked":"SKIP","floor":27},{"not_picked":["Rupture+1","Flex","Sever Soul"],"picked":"SKIP","floor":28},{"not_picked":["Entrench","Sever Soul"],"picked":"Armaments+1","floor":32},{"not_picked":["Reaper","Immolate"],"picked":"Offering","floor":33},{"not_picked":["Twin Strike"],"picked":"SKIP","floor":35},{"not_picked":["Clash+1"],"picked":"SKIP","floor":36},{"not_picked":["Power Through"],"picked":"SKIP","floor":39},{"not_picked":[],"picked":"Flame Barrier","floor":40},{"not_picked":["Searing Blow"],"picked":"SKIP","floor":41},{"not_picked":["Wild Strike+1"],"picked":"SKIP","floor":44},{"not_picked":[],"picked":"Body Slam","floor":45},{"not_picked":["Clash+1"],"picked":"SKIP","floor":48},{"not_picked":[],"picked":"Shockwave+1","floor":49}],"player_experience":572928,"relics_obtained":[{"floor":9,"key":"Ancient Tea Set"},{"floor":23,"key":"Vajra"},{"floor":26,"key":"Dream Catcher"},{"floor":38,"key":"Centennial Puzzle"},{"floor":43,"key":"Art of War"}],"event_choices":[{"damage_healed":0,"gold_gain":54,"player_choice":"Gained Gold","damage_taken":0,"max_hp_gain":0,"max_hp_loss":0,"event_name":"Golden Wing","floor":3,"gold_loss":0},{"cards_removed":["Strike_R"],"damage_healed":0,"gold_gain":0,"player_choice":"Forget","damage_taken":0,"max_hp_gain":0,"max_hp_loss":0,"event_name":"Living Wall","floor":10,"gold_loss":0},{"damage_healed":0,"gold_gain":99,"player_choice":"Stole From Cult","damage_taken":0,"max_hp_gain":0,"max_hp_loss":0,"event_name":"Nest","floor":20,"gold_loss":0},{"damage_healed":0,"gold_gain":0,"player_choice":"Got Potions","damage_taken":0,"max_hp_gain":0,"max_hp_loss":0,"event_name":"Lab","floor":21,"gold_loss":0},{"damage_healed":0,"gold_gain":0,"player_choice":"Ignored","damage_taken":0,"max_hp_gain":0,"max_hp_loss":0,"event_name":"Ghosts","floor":29,"gold_loss":0},{"damage_healed":0,"gold_gain":0,"player_choice":"Simplicity","damage_taken":0,"max_hp_gain":0,"max_hp_loss":0,"event_name":"Back to Basics","floor":31,"gold_loss":0,"cards_upgraded":["Strike_R","Strike_R","Strike_R","Defend_R","Defend_R","Defend_R","Defend_R"]},{"damage_healed":0,"gold_gain":0,"player_choice":"Memory 1","damage_taken":0,"max_hp_gain":0,"max_hp_loss":0,"event_name":"SensoryStone","floor":37,"gold_loss":0},{"damage_healed":0,"gold_gain":0,"player_choice":"Relic","damage_taken":0,"max_hp_gain":0,"max_hp_loss":0,"event_name":"Wheel of Change","floor":38,"gold_loss":0},{"damage_healed":0,"gold_gain":0,"player_choice":"Copied","damage_taken":0,"max_hp_gain":0,"max_hp_loss":0,"event_name":"Duplicator","floor":47,"gold_loss":0,"cards_obtained":["Shrug It Off"]}],"is_beta":true,"boss_relics":[{"not_picked":["Eternal Feather","Black Star"],"picked":"Fusion Hammer"},{"not_picked":["Snecko Eye","Calling Bell"],"picked":"Busted Crown"}],"items_purged_floors":[19],"is_endless":false,"potions_floor_spawned":[4,5,8,16,18,23,33,36,39,41,45],"ascension_level":9}