{"gold_per_floor":[109,119,119,22,22,22,22,22,22,22,48,48,71,100,112,124],"floor_reached":16,"playtime":441,"items_purged":["Injury"],"score":98,"play_id":"2412bf43-007b-4562-b91b-6421b3be7198","local_time":"20190706150427","is_ascension_mode":false,"campfire_choices":[{"floor":6,"key":"DIG"},{"floor":8,"key":"DIG"},{"floor":10,"key":"DIG"},{"floor":12,"key":"DIG"},{"floor":15,"key":"REST"}],"neow_cost":"CURSE","seed_source_timestamp":1256434727256300,"circlet_count":0,"master_deck":["Strike_B","Strike_B","Strike_B","Defend_B","Defend_B","Defend_B","Defend_B","Zap","Dualcast","Defragment","Ball Lightning","Redo","Multi-Cast","Go for the Eyes","Static Discharge"],"relics":["Cracked Core","Shovel","Lantern","Girya","Art of War","Darkstone Periapt","Bronze Scales","Blue Candle","MawBank"],"potions_floor_usage":[],"damage_taken":[{"damage":0,"enemies":"Small Slimes","floor":1,"turns":3},{"damage":6,"enemies":"Jaw Worm","floor":2,"turns":3},{"damage":26,"enemies":"Lagavulin","floor":11,"turns":5},{"damage":0,"enemies":"Cultist","floor":13,"turns":2},{"damage":2,"enemies":"2 Fungi Beasts","floor":14,"turns":3},{"damage":58,"enemies":"Slime Boss","floor":16,"turns":8}],"seed_played":"-1509063653044147932","potions_obtained":[{"floor":2,"key":"Energy Potion"},{"floor":14,"key":"SpeedPotion"}],"is_trial":false,"path_per_floor":["M","M","?","$","?","R","?","R","T","R","E","R","M","M","R","B"],"character_chosen":"DEFECT","items_purchased":["Redo"],"campfire_rested":1,"item_purchase_floors":[4],"current_hp_per_floor":[75,69,62,62,62,62,62,62,62,62,36,36,36,34,56,0],"gold":124,"neow_bonus":"ONE_RARE_RELIC","is_prod":false,"is_daily":false,"chose_seed":false,"campfire_upgraded":0,"win_rate":0,"timestamp":1562443467,"path_taken":["M","M","?","$","?","R","?","R","T","R","E","R","?","M","R","BOSS"],"build_version":"2019-07-05","purchased_purges":1,"victory":false,"max_hp_per_floor":[75,75,75,75,75,75,75,75,75,75,75,75,75,75,75,75],"card_choices":[{"not_picked":["Rebound","Glacier"],"picked":"Defragment","floor":1},{"not_picked":["Go for the Eyes","Steam Power"],"picked":"Ball Lightning","floor":2},{"not_picked":["Steam","Reprogram"],"picked":"Multi-Cast","floor":11},{"not_picked":["Streamline","Ball Lightning"],"picked":"Go for the Eyes","floor":13},{"not_picked":["All For One","Beam Cell"],"picked":"Static Discharge","floor":14}],"player_experience":128057,"relics_obtained":[{"floor":6,"key":"Girya"},{"floor":8,"key":"Art of War"},{"floor":9,"key":"Darkstone Periapt"},{"floor":10,"key":"Bronze Scales"},{"floor":11,"key":"Blue Candle"},{"floor":12,"key":"MawBank"}],"event_choices":[{"damage_healed":0,"gold_gain":0,"player_choice":"Success","damage_taken":7,"relics_obtained":["Lantern"],"max_hp_gain":0,"max_hp_loss":0,"event_name":"Scrap Ooze","floor":3,"gold_loss":0},{"damage_healed":0,"gold_gain":0,"player_choice":"Ignored","damage_taken":0,"max_hp_gain":0,"max_hp_loss":0,"event_name":"Liars Game","floor":5,"gold_loss":0},{"cards_removed":["Strike_B"],"damage_healed":0,"gold_gain":0,"player_choice":"Offered Basic","damage_taken":0,"max_hp_gain":0,"max_hp_loss":0,"event_name":"Bonfire Elementals","floor":7,"gold_loss":0}],"is_beta":false,"boss_relics":[],"items_purged_floors":[4],"is_endless":false,"potions_floor_spawned":[2,14],"killed_by":"Slime Boss","ascension_level":0}