{"gold_per_floor":[110,129,129,145,165,165,188,188,268,324,324,324,338,338,338,431,494,512,527,452,452,477,477,495,495,495,518,1148,1163,697,697,697,793,793,807,807,881,452,476,476,44,58,58,83,107,107,107,120,120,120],"floor_reached":50,"playtime":3950,"items_purged":["Strike_B","Strike_B","Parasite"],"score":951,"play_id":"faf9ba93-9b56-44b4-988f-61c0dc113787","local_time":"20190207123801","is_ascension_mode":true,"campfire_choices":[{"data":"Defragment","floor":6.0,"key":"SMITH"},{"floor":8.0,"key":"REST"},{"floor":11.0,"key":"REST"},{"data":"Go for the Eyes","floor":15.0,"key":"SMITH"},{"floor":23.0,"key":"REST"},{"floor":25.0,"key":"REST"},{"data":"Buffer","floor":32.0,"key":"SMITH"},{"data":"Loop","floor":40.0,"key":"SMITH"},{"floor":46.0,"key":"REST"},{"data":"Glacier","floor":49,"key":"SMITH"}],"neow_cost":"CURSE","seed_source_timestamp":0,"circlet_count":0,"master_deck":["AscendersBane","Defend_B","Defend_B","Defend_B","Defend_B","Zap","Dualcast","Creative AI","Rebound+1","Go for the Eyes+1","Glacier+1","Defragment+1","Melter","BootSequence","Buffer+1","Conserve Battery","Steam+1","Darkness","Leap","Conserve Battery","Conserve Battery","Loop+1","Madness","Madness","Finesse","Chill","Heatsinks+1","Finesse","Coolheaded+1"],"special_seed":0,"relics":["Cracked Core","Golden Idol","Bottled Tornado","Happy Flower","FaceOfCleric","Tiny House","Bird Faced Urn","TheAbacus","Eternal Feather","Singing Bowl","Incense Burner","ClockworkSouvenir","The Courier"],"potions_floor_usage":[50],"damage_taken":[{"damage":7.0,"enemies":"Small Slimes","floor":1.0,"turns":3.0},{"damage":14.0,"enemies":"Jaw Worm","floor":2.0,"turns":6.0},{"damage":14.0,"enemies":"2 Louse","floor":4.0,"turns":5.0},{"damage":24.0,"enemies":"Exordium Thugs","floor":5.0,"turns":5.0},{"damage":11.0,"enemies":"2 Fungi Beasts","floor":7.0,"turns":3.0},{"damage":14.0,"enemies":"3 Louse","floor":13.0,"turns":4.0},{"damage":11.0,"enemies":"Hexaghost","floor":16.0,"turns":11.0},{"damage":9.0,"enemies":"Spheric Guardian","floor":18.0,"turns":4.0},{"damage":16.0,"enemies":"Shell Parasite","floor":19.0,"turns":9.0},{"damage":31.0,"enemies":"Snake Plant","floor":22.0,"turns":9.0},{"damage":38.0,"enemies":"Centurion and Healer","floor":24.0,"turns":15.0},{"damage":16.0,"enemies":"Shelled Parasite and Fungi","floor":27.0,"turns":26.0},{"damage":9.0,"enemies":"Snake Plant","floor":29.0,"turns":23.0},{"damage":26.0,"enemies":"Champ","floor":33.0,"turns":22.0},{"damage":80.0,"enemies":"3 Darklings","floor":35.0,"turns":27.0},{"damage":31.0,"enemies":"3 Shapes","floor":39.0,"turns":10.0},{"damage":26.0,"enemies":"Writhing Mass","floor":42.0,"turns":13.0},{"damage":64.0,"enemies":"Transient","floor":44.0,"turns":6.0},{"damage":47.0,"enemies":"Jaw Worm Horde","floor":45.0,"turns":22.0},{"damage":20,"enemies":"Spire Growth","floor":48,"turns":6},{"damage":118,"enemies":"Awakened One","floor":50,"turns":8}],"seed_played":"-330691224179728901","potions_obtained":[{"floor":2.0,"key":"Regen Potion"},{"floor":4.0,"key":"Poison Potion"},{"floor":5.0,"key":"Weak Potion"},{"floor":17.0,"key":"Energy Potion"},{"floor":18.0,"key":"Regen Potion"},{"floor":22.0,"key":"Ancient Potion"},{"floor":24.0,"key":"FocusPotion"},{"floor":33.0,"key":"LiquidBronze"},{"floor":42.0,"key":"SteroidPotion"},{"floor":45.0,"key":"Weak Potion"}],"is_trial":false,"path_per_floor":["M","M","?","M","M","R","M","R","T","?","R","T","M","?","R","B",null,"M","M","?","?","M","R","M","R","T","M","?","M","$","?","R","B",null,"M","?","T","$","M","R","$","M","T","M","M","R","?","M","R","B"],"character_chosen":"DEFECT","items_purchased":["TheAbacus","Loop","LiquidBronze","Incense Burner","ClockworkSouvenir","Finesse"],"campfire_rested":5,"item_purchase_floors":[30,30,30,38,41,41],"current_hp_per_floor":[57,43,43,43,19,19,8,29,29,29,50,50,36,36,36,26,66,58,43,43,43,28,52,15,39,39,82,10,83,83,59,59,69,84,90,74,74,74,70,85,85,87,87,36,52,95,89,80,95,0],"gold":120,"neow_bonus":"THREE_RARE_CARDS","is_prod":false,"is_daily":false,"chose_seed":false,"campfire_upgraded":5,"win_rate":0,"timestamp":1549561081,"path_taken":["M","M","?","M","M","R","M","R","T","?","R","?","?","?","R","BOSS","M","M","?","?","M","R","M","R","T","M","?","?","$","?","R","BOSS","M","?","?","$","M","R","?","M","T","M","?","R","?","M","R","BOSS"],"build_version":"2019-02-06","purchased_purges":3,"victory":false,"max_hp_per_floor":[71,71,71,71,71,71,71,71,71,71,71,71,71,71,71,72,77,78,79,79,79,80,80,81,81,81,82,82,83,83,88,88,89,89,90,90,90,90,93,93,90,93,93,94,95,95,99,100,100,100],"card_choices":[{"not_picked":["Reboot","Meteor Strike"],"picked":"Creative AI","floor":0.0},{"not_picked":["Steam Power","Turbo"],"picked":"Rebound","floor":1.0},{"not_picked":["Recycle","Turbo"],"picked":"Go for the Eyes","floor":2.0},{"not_picked":["Aggregate","Barrage"],"picked":"Glacier","floor":4.0},{"not_picked":["Ball Lightning","Conserve Battery"],"picked":"Defragment","floor":5.0},{"not_picked":["Hologram","Rebound"],"picked":"Melter","floor":7.0},{"not_picked":["Reinforced Body","Hyperbeam"],"picked":"BootSequence","floor":13.0},{"not_picked":["Machine Learning","Seek"],"picked":"Buffer","floor":16.0},{"not_picked":["Streamline","Double Energy"],"picked":"Conserve Battery","floor":17.0},{"not_picked":["Turbo","Consume"],"picked":"Steam+1","floor":18.0},{"not_picked":["Fusion","Ball Lightning+1","Lockon"],"picked":"SKIP","floor":19.0},{"not_picked":["Beam Cell+1","Sweeping Beam"],"picked":"Conserve Battery","floor":22.0},{"not_picked":["Tempest","Scrape","Redo"],"picked":"SKIP","floor":24.0},{"not_picked":["Redo","Aggregate"],"picked":"Conserve Battery","floor":27.0},{"not_picked":["Rebound","Ball Lightning+1","Biased Cognition"],"picked":"SKIP","floor":29.0},{"not_picked":["Streamline+1","Gash","Beam Cell"],"picked":"SKIP","floor":35.0},{"not_picked":["Conserve Battery","Ball Lightning","Auto Shields"],"picked":"Singing Bowl","floor":39.0},{"not_picked":["Steam+1","Barrage","Rainbow"],"picked":"Singing Bowl","floor":42.0},{"not_picked":["Recycle","Ball Lightning+1"],"picked":"Chill","floor":44.0},{"not_picked":["Steam","Steam Power"],"picked":"Heatsinks+1","floor":45.0},{"not_picked":["Enlightenment","Good Instincts"],"picked":"Finesse","floor":47.0},{"not_picked":["Deep Breath","PanicButton","Dramatic Entrance"],"picked":"Singing Bowl","floor":47.0},{"not_picked":["Bandage Up","Deep Breath","Metamorphosis"],"picked":"Singing Bowl","floor":47.0},{"not_picked":["Storm","Compile Driver"],"picked":"Coolheaded+1","floor":48}],"player_experience":921612,"relics_obtained":[{"floor":9.0,"key":"Bottled Tornado"},{"floor":12.0,"key":"Happy Flower"},{"floor":26.0,"key":"Bird Faced Urn"},{"floor":37.0,"key":"Singing Bowl"},{"floor":43.0,"key":"The Courier"}],"event_choices":[{"damage_healed":0.0,"max_hp_gain":0.0,"max_hp_loss":0.0,"gold_gain":0.0,"event_name":"Golden Idol","player_choice":"Take Wound","floor":3.0,"gold_loss":0.0,"damage_taken":0.0,"relics_obtained":["Golden Idol"],"cards_obtained":["Injury"]},{"damage_healed":0.0,"max_hp_gain":0.0,"max_hp_loss":0.0,"gold_gain":56.0,"event_name":"Golden Wing","player_choice":"Gained Gold","floor":10.0,"gold_loss":0.0,"damage_taken":0.0},{"damage_healed":0.0,"max_hp_gain":0.0,"max_hp_loss":0.0,"gold_gain":0.0,"event_name":"FaceTrader","player_choice":"Trade","floor":14.0,"gold_loss":0.0,"damage_taken":0.0,"relics_obtained":["FaceOfCleric"]},{"cards_removed":["Injury"],"damage_healed":0.0,"max_hp_gain":0.0,"max_hp_loss":0.0,"gold_gain":0.0,"event_name":"Beggar","player_choice":"Gave Gold","floor":20.0,"gold_loss":75.0,"damage_taken":0.0},{"damage_healed":0.0,"max_hp_gain":0.0,"max_hp_loss":0.0,"gold_gain":0.0,"cards_transformed":["Strike_B","Strike_B"],"event_name":"Drug Dealer","player_choice":"Became Test Subject","floor":21.0,"gold_loss":0.0,"damage_taken":0.0,"cards_obtained":["Darkness","Leap"]},{"damage_healed":0.0,"max_hp_gain":0.0,"max_hp_loss":0.0,"gold_gain":630.0,"event_name":"Knowing Skull","player_choice":"POTION GOLD GOLD GOLD GOLD GOLD GOLD GOLD ","floor":28.0,"potions_obtained":["Explosive Potion"],"gold_loss":0.0,"damage_taken":72.0,"cards_obtained":[]},{"damage_healed":0.0,"max_hp_gain":5.0,"max_hp_loss":0.0,"gold_gain":0.0,"event_name":"Forgotten Altar","player_choice":"Shed Blood","floor":31.0,"gold_loss":0.0,"damage_taken":29.0},{"damage_healed":0.0,"max_hp_gain":0.0,"max_hp_loss":0.0,"gold_gain":0.0,"event_name":"Winding Halls","player_choice":"Embrace Madness","floor":36.0,"gold_loss":0.0,"damage_taken":16.0,"cards_obtained":["Madness","Madness"]},{"damage_healed":0.0,"max_hp_gain":0.0,"max_hp_loss":0.0,"gold_gain":0.0,"event_name":"SensoryStone","player_choice":"Memory 3","floor":47.0,"gold_loss":0.0,"damage_taken":10.0}],"is_beta":true,"boss_relics":[{"not_picked":["Ectoplasm","Velvet Choker"],"picked":"Tiny House"},{"not_picked":["Philosopher\u0027s Stone","White Beast Statue"],"picked":"Eternal Feather"}],"items_purged_floors":[30,38,41],"is_endless":false,"potions_floor_spawned":[2,4,5,18,22,24,33,42,45],"killed_by":"Awakened One","ascension_level":18}