{"path_per_floor":["M","?","M","$","?","E","R","E","T","M","E","T","M","M","R","B",null,"M","?","?","?","$","E","$","E","T","?","M","R","M","M","R","B",null,"M","M","?","M","?","R","?","R","T","M","M","?","$","M","R","B"],"character_chosen":"THE_SILENT","items_purchased":["A Thousand Cuts","Anchor","Vajra","Letter Opener"],"gold_per_floor":[112,112,122,51,51,81,81,107,107,119,147,147,159,170,170,270,270,284,284,284,284,135,167,10,43,66,66,81,81,101,116,116,211,211,221,234,234,246,246,246,246,246,292,309,321,321,8,27,27,27],"floor_reached":51,"campfire_rested":1,"playtime":4721,"current_hp_per_floor":[69,69,69,69,62,22,22,18,18,13,7,7,3,12,33,13,70,60,60,60,60,60,60,60,54,54,54,47,47,62,62,62,50,70,65,64,64,57,57,57,57,57,57,57,57,70,70,70,70,65],"items_purged":["Writhe"],"gold":27,"score":730,"play_id":"d31e9c86-2efa-4639-8f83-9ae12087aa6e","local_time":"20180507012129","is_prod":false,"is_daily":false,"chose_seed":false,"is_ascension_mode":false,"campfire_upgraded":6,"timestamp":1525670489,"path_taken":["M","?","?","$","?","E","R","E","T","?","E","?","M","M","R","BOSS","M","?","?","?","$","E","$","E","T","?","M","R","?","M","R","BOSS","M","M","?","?","?","R","?","R","T","M","M","?","$","M","R","BOSS"],"build_version":"2018-05-03","seed_source_timestamp":273133903242231,"purchased_purges":2,"victory":true,"master_deck":["Survivor","Neutralize","Underhanded Strike","Backflip+1","A Thousand Cuts+1","Grand Finale","Dodge and Roll+1","Bouncing Flask","Distraction","Caltrops+1","Venomology","Cloak And Dagger","Leg Sweep+1","Footwork+1","Flying Knee","Deadly Poison","Backflip","Skewer","Outmaneuver+1","PiercingWail+1","Crippling Poison+1","Calculated Gamble+1","Catalyst","Backflip","Infinite Blades+1","After Image+1","Catalyst","Malaise+1","Cloak And Dagger","Prepared+1","Well Laid Plans+1","Malaise+1","Panache+1","Dodge and Roll+1","Escape Plan+1","Calculated Gamble+1"],"max_hp_per_floor":[70,70,70,70,70,70,70,70,70,70,70,70,70,70,70,70,70,70,70,70,70,70,70,70,70,70,70,70,70,70,70,70,70,70,70,70,70,70,70,70,70,70,70,70,70,70,70,70,70,70],"relics":["Ring of the Snake","Frozen Egg 2","Happy Flower","Gambling Chip","Mercury Hourglass","Kunai","Sundial","Pandora\u0027s Box","Thread and Needle","Anchor","Bag of Marbles","Vajra","Pen Nib","War Paint","Orrery","Juzu Bracelet","Letter Opener"],"card_choices":[{"not_picked":["Dagger Spray","Bane"],"picked":"Underhanded Strike","floor":1},{"not_picked":["Bane","Choke"],"picked":"Backflip","floor":3},{"not_picked":["Slice","Backstab"],"picked":"Grand Finale","floor":6},{"not_picked":["Acrobatics","Outmaneuver"],"picked":"Dodge and Roll","floor":10},{"not_picked":["Masterful Stab","Sucker Punch"],"picked":"Bouncing Flask","floor":11},{"not_picked":["Poisoned Stab","Blade Dance"],"picked":"Distraction","floor":13},{"not_picked":["Deadly Poison","Outmaneuver"],"picked":"Caltrops","floor":14},{"not_picked":["Storm of Steel","Bullet Time"],"picked":"Venomology","floor":16},{"not_picked":["Dagger Spray","Sucker Punch"],"picked":"Crippling Poison","floor":18},{"not_picked":["Well Laid Plans","Underhanded Strike"],"picked":"Calculated Gamble","floor":23},{"not_picked":["Flying Knee","Concentrate"],"picked":"Catalyst","floor":28},{"not_picked":["Dagger Spray","Slice"],"picked":"Backflip","floor":30},{"not_picked":["Underhanded Strike","Predator"],"picked":"Infinite Blades","floor":31},{"not_picked":["Venomology","Doppelganger"],"picked":"After Image","floor":33},{"not_picked":["Underhanded Strike","All Out Attack"],"picked":"Catalyst","floor":34},{"not_picked":["Slice","Backflip"],"picked":"Malaise","floor":34},{"not_picked":["Poisoned Stab","Concentrate"],"picked":"Cloak And Dagger","floor":34},{"not_picked":["Choke","Poisoned Stab"],"picked":"Prepared","floor":34},{"not_picked":["Flechettes","Dash"],"picked":"Well Laid Plans","floor":34},{"not_picked":["Sucker Punch","Flying Knee"],"picked":"Malaise","floor":35},{"not_picked":["Transmutation","Apotheosis"],"picked":"Panache","floor":37},{"not_picked":["Poisoned Stab","Predator"],"picked":"Dodge and Roll","floor":44},{"not_picked":["Outmaneuver","Eviscerate"],"picked":"Escape Plan","floor":45},{"not_picked":["Crippling Poison","Expertise"],"picked":"Calculated Gamble","floor":48}],"player_experience":189482,"potions_floor_usage":[11,11,14,16,23,25,28,30,33,35,38,45,48,50,50,50],"damage_taken":[{"damage":1,"enemies":"Jaw Worm","floor":1,"turns":7},{"damage":0,"enemies":"Small Slimes","floor":3,"turns":3},{"damage":40,"enemies":"Gremlin Nob","floor":6,"turns":6},{"damage":4,"enemies":"3 Sentries","floor":8,"turns":6},{"damage":5,"enemies":"2 Louse","floor":10,"turns":2},{"damage":6,"enemies":"Gremlin Nob","floor":11,"turns":3},{"damage":4,"enemies":"Red Slaver","floor":13,"turns":5},{"damage":0,"enemies":"Exordium Thugs","floor":14,"turns":4},{"damage":20,"enemies":"The Guardian","floor":16,"turns":10},{"damage":10,"enemies":"Spheric Guardian","floor":18,"turns":4},{"damage":0,"enemies":"Gremlin Leader","floor":23,"turns":5},{"damage":6,"enemies":"Slavers","floor":25,"turns":4},{"damage":7,"enemies":"2 Thieves","floor":28,"turns":3},{"damage":0,"enemies":"Slaver and Parasite","floor":30,"turns":6},{"damage":0,"enemies":"Snake Plant","floor":31,"turns":4},{"damage":12,"enemies":"Automaton","floor":33,"turns":9},{"damage":5,"enemies":"3 Darklings","floor":35,"turns":5},{"damage":1,"enemies":"3 Shapes","floor":36,"turns":5},{"damage":7,"enemies":"3 Darklings","floor":38,"turns":6},{"damage":0,"enemies":"4 Shapes","floor":44,"turns":4},{"damage":0,"enemies":"Maw","floor":45,"turns":9},{"damage":0,"enemies":"3 Darklings","floor":48,"turns":4},{"damage":5,"enemies":"Donu and Deca","floor":50,"turns":9}],"event_choices":[{"event_name":"The Cleric","player_choice":"Leave","floor":2,"damage_taken":0},{"event_name":"Scrap Ooze","player_choice":"success","floor":5,"damage_taken":7},{"event_name":"The Mausoleum","player_choice":"Yes","floor":19,"damage_taken":0},{"event_name":"Ghosts","player_choice":"Ignored","floor":20,"damage_taken":0},{"event_name":"Fountain of Cleansing","player_choice":"Removed Curse","floor":21,"damage_taken":0},{"event_name":"Addict","player_choice":"Ignored","floor":27,"damage_taken":0},{"event_name":"SensoryStone","player_choice":"Memory 1","floor":37,"damage_taken":0},{"event_name":"Tomb of Lord Red Mask","player_choice":"Ignored","floor":39,"damage_taken":0},{"event_name":"Winding Halls","player_choice":"Writhe","floor":46,"damage_taken":0}],"boss_relics":[{"not_picked":["Ectoplasm","Snecko Eye"],"picked":"Pandora\u0027s Box"},{"not_picked":["White Beast Statue","Philosopher\u0027s Stone"],"picked":"Orrery"}],"potions_floor_spawned":[3,10,11,13,16,25,30,31,33,38,48],"seed_played":"4963279084118292095","ascension_level":0,"is_trial":false}