{"gold_per_floor":[119,139,89,89,105,105,105,105,105,30,62,80,114,130,130,130],"floor_reached":16,"playtime":1068,"items_purged":["Defend_R"],"score":116,"play_id":"fc50f6e6-35a5-4455-92b8-8c8f7ba0321b","local_time":"20190712084437","is_ascension_mode":true,"campfire_choices":[{"data":"Body Slam","floor":6,"key":"SMITH"},{"data":"Iron Wave","floor":8,"key":"SMITH"},{"data":"Shrug It Off","floor":15,"key":"SMITH"}],"neow_cost":"NONE","seed_source_timestamp":139825449940795,"circlet_count":0,"master_deck":["Strike_R","Strike_R","Defend_R","Defend_R","Defend_R","Bash","Iron Wave+1","Body Slam+1","Shrug It Off+1"],"relics":["Burning Blood","Bag of Preparation","Paper Frog","Boot","Letter Opener"],"potions_floor_usage":[16,16,16],"damage_taken":[{"damage":0,"enemies":"Small Slimes","floor":1,"turns":3},{"damage":2,"enemies":"2 Louse","floor":2,"turns":4},{"damage":1,"enemies":"Jaw Worm","floor":5,"turns":6},{"damage":6,"enemies":"Lagavulin","floor":11,"turns":6},{"damage":0,"enemies":"Exordium Wildlife","floor":12,"turns":2},{"damage":24,"enemies":"3 Sentries","floor":13,"turns":9},{"damage":1,"enemies":"2 Fungi Beasts","floor":14,"turns":4},{"damage":95,"enemies":"Hexaghost","floor":16,"turns":15}],"seed_played":"-6220125403189245568","potions_obtained":[{"floor":1,"key":"FearPotion"},{"floor":2,"key":"Regen Potion"},{"floor":11,"key":"BloodPotion"}],"is_trial":false,"path_per_floor":["M","M","?","?","M","R","?","R","T","$","E","M","E","M","R","B"],"character_chosen":"IRONCLAD","items_purchased":[],"campfire_rested":0,"item_purchase_floors":[],"current_hp_per_floor":[80,80,80,80,80,80,68,68,68,68,68,74,56,61,61,0],"gold":130,"neow_bonus":"REMOVE_CARD","is_prod":false,"is_daily":false,"chose_seed":false,"campfire_upgraded":3,"win_rate":0,"timestamp":1562946277,"path_taken":["M","M","?","?","M","R","?","R","T","$","E","M","E","M","R","BOSS"],"build_version":"2019-07-05","purchased_purges":1,"victory":false,"max_hp_per_floor":[80,80,80,80,80,80,80,80,80,80,80,80,80,80,80,80],"card_choices":[{"not_picked":["Clash","Thunderclap"],"picked":"Iron Wave","floor":1},{"not_picked":["Headbutt","Warcry","Second Wind"],"picked":"SKIP","floor":2},{"not_picked":["Dual Wield","Blood for Blood"],"picked":"Body Slam","floor":5},{"not_picked":["Perfected Strike","Immolate","Combust"],"picked":"SKIP","floor":11},{"not_picked":["Perfected Strike","Clash","Havoc"],"picked":"SKIP","floor":12},{"not_picked":["Wild Strike","Uppercut","Perfected Strike"],"picked":"SKIP","floor":13},{"not_picked":["Carnage","Twin Strike"],"picked":"Shrug It Off","floor":14}],"player_experience":121050,"relics_obtained":[{"floor":9,"key":"Paper Frog"},{"floor":11,"key":"Boot"},{"floor":13,"key":"Letter Opener"}],"event_choices":[{"cards_removed":["Strike_R"],"damage_healed":0,"gold_gain":0,"player_choice":"Card Removal","damage_taken":0,"max_hp_gain":0,"max_hp_loss":0,"event_name":"The Cleric","floor":3,"gold_loss":50},{"cards_removed":["Strike_R"],"damage_healed":0,"gold_gain":0,"player_choice":"Forget","damage_taken":0,"max_hp_gain":0,"max_hp_loss":0,"event_name":"Living Wall","floor":4,"gold_loss":0},{"damage_healed":0,"gold_gain":0,"player_choice":"Success","damage_taken":12,"relics_obtained":["Bag of Preparation"],"max_hp_gain":0,"max_hp_loss":0,"event_name":"Scrap Ooze","floor":7,"gold_loss":0}],"is_beta":false,"boss_relics":[],"items_purged_floors":[10],"is_endless":false,"potions_floor_spawned":[1,2,11],"killed_by":"Hexaghost","ascension_level":1}