{"gold_per_floor":[109,124,101,121,141,167,167,193,250,250,276,276,276,301,301,397,397,417,431,431,431,451,478,494,513,513,513],"floor_reached":27,"playtime":2003,"items_purged":[],"score":278,"play_id":"8f2eddc3-cacf-4005-a1c6-96cb0b0a6406","local_time":"20190715162503","is_ascension_mode":true,"campfire_choices":[{"data":"Pommel Strike","floor":7,"key":"SMITH"},{"data":"Inflame","floor":13,"key":"SMITH"},{"data":"Iron Wave","floor":15,"key":"SMITH"}],"neow_cost":"NONE","seed_source_timestamp":2761342901467,"circlet_count":0,"master_deck":["Strike_R","Strike_R","Strike_R","Strike_R","Strike_R","Defend_R","Defend_R","Defend_R","Defend_R+1","Bash","Pommel Strike+1","Anger","Twin Strike","Iron Wave+1","Inflame+1","True Grit+1","Shrug It Off","Double Tap+1","Power Through+1","Thunderclap","Rage"],"relics":["Coffee Dripper","Orichalcum","Juzu Bracelet","Tiny Chest","Centennial Puzzle","War Paint","Eternal Feather","Matryoshka","Vajra","Toxic Egg 2"],"potions_floor_usage":[6,16,18,22,25,25,27],"damage_taken":[{"damage":0,"enemies":"Cultist","floor":1,"turns":3},{"damage":2,"enemies":"Small Slimes","floor":2,"turns":4},{"damage":0,"enemies":"Jaw Worm","floor":4,"turns":3},{"damage":15,"enemies":"Lots of Slimes","floor":5,"turns":4},{"damage":14,"enemies":"Gremlin Nob","floor":6,"turns":3},{"damage":8,"enemies":"3 Sentries","floor":8,"turns":6},{"damage":2,"enemies":"Gremlin Nob","floor":14,"turns":3},{"damage":34,"enemies":"The Guardian","floor":16,"turns":10},{"damage":0,"enemies":"3 Byrds","floor":18,"turns":6},{"damage":1,"enemies":"Spheric Guardian","floor":19,"turns":4},{"damage":3,"enemies":"Centurion and Healer","floor":22,"turns":3},{"damage":27,"enemies":"Book of Stabbing","floor":23,"turns":6},{"damage":27,"enemies":"Sentry and Sphere","floor":24,"turns":8},{"damage":4,"enemies":"Snecko","floor":25,"turns":3},{"damage":22,"enemies":"Slavers","floor":27,"turns":5}],"seed_played":"519160578214493071","potions_obtained":[{"floor":2,"key":"BloodPotion"},{"floor":4,"key":"FearPotion"},{"floor":8,"key":"Ancient Potion"},{"floor":16,"key":"Energy Potion"},{"floor":18,"key":"Fire Potion"},{"floor":24,"key":"Swift Potion"},{"floor":25,"key":"Weak Potion"}],"is_trial":false,"path_per_floor":["M","M","$","M","M","E","R","E","T","?","T","?","R","E","R","B",null,"M","M","?","?","M","E","M","M","T","E"],"character_chosen":"IRONCLAD","items_purchased":["Twin Strike"],"campfire_rested":0,"item_purchase_floors":[3],"current_hp_per_floor":[80,78,78,78,63,49,49,41,41,41,41,41,41,39,39,25,80,80,79,79,79,76,49,22,18,18,0],"gold":513,"neow_bonus":"BOSS_RELIC","is_prod":false,"is_daily":false,"chose_seed":false,"campfire_upgraded":3,"win_rate":0,"timestamp":1563225903,"path_taken":["M","M","?","M","M","E","R","E","T","?","?","?","R","E","R","BOSS","M","M","?","?","M","E","M","M","T","E"],"build_version":"2019-07-05","purchased_purges":0,"victory":false,"max_hp_per_floor":[80,80,80,80,80,80,80,80,80,80,80,80,80,80,80,80,80,80,80,80,80,80,80,80,80,80,80],"card_choices":[{"not_picked":["Headbutt","Power Through"],"picked":"Pommel Strike","floor":1},{"not_picked":["Hemokinesis","Ghostly Armor"],"picked":"Anger","floor":2},{"not_picked":["Body Slam","Pummel"],"picked":"Iron Wave","floor":4},{"not_picked":["Infernal Blade","Perfected Strike"],"picked":"Inflame","floor":5},{"not_picked":["Pommel Strike","Clash","Twin Strike"],"picked":"SKIP","floor":6},{"not_picked":["Armaments","Combust"],"picked":"True Grit","floor":8},{"not_picked":["Berserk","Thunderclap"],"picked":"Shrug It Off","floor":14},{"not_picked":["Juggernaut","Impervious"],"picked":"Double Tap","floor":16},{"not_picked":["Infernal Blade+1","Havoc"],"picked":"Power Through+1","floor":18},{"not_picked":["Wild Strike","Bloodletting"],"picked":"Thunderclap","floor":19},{"not_picked":["Combust","Pommel Strike","Perfected Strike"],"picked":"SKIP","floor":22},{"not_picked":["Feel No Pain","Fire Breathing","Wild Strike"],"picked":"SKIP","floor":23},{"not_picked":["Body Slam","Blood for Blood","Immolate"],"picked":"SKIP","floor":24},{"not_picked":["Heavy Blade","Clothesline"],"picked":"Rage","floor":25}],"player_experience":174774,"relics_obtained":[{"floor":6,"key":"Orichalcum"},{"floor":8,"key":"Juzu Bracelet"},{"floor":9,"key":"Tiny Chest"},{"floor":11,"key":"Centennial Puzzle"},{"floor":14,"key":"War Paint"},{"floor":23,"key":"Matryoshka"},{"floor":26,"key":"Vajra"},{"floor":26,"key":"Toxic Egg 2"}],"event_choices":[{"damage_healed":0,"gold_gain":0,"player_choice":"Ignored","damage_taken":0,"max_hp_gain":0,"max_hp_loss":0,"event_name":"Shining Light","floor":10,"gold_loss":0},{"damage_healed":0,"gold_gain":0,"player_choice":"Ignored","damage_taken":0,"max_hp_gain":0,"max_hp_loss":0,"event_name":"Liars Game","floor":12,"gold_loss":0},{"damage_healed":0,"gold_gain":0,"player_choice":"Ignored","damage_taken":0,"max_hp_gain":0,"max_hp_loss":0,"event_name":"Vampires","floor":20,"gold_loss":0},{"damage_healed":0,"gold_gain":0,"player_choice":"Forge","damage_taken":0,"max_hp_gain":0,"max_hp_loss":0,"event_name":"Accursed Blacksmith","floor":21,"gold_loss":0,"cards_upgraded":["Double Tap"]}],"is_beta":false,"boss_relics":[{"not_picked":["Ectoplasm","Sozu"],"picked":"Eternal Feather"}],"items_purged_floors":[],"is_endless":false,"potions_floor_spawned":[2,4,8,16,18,24,25],"killed_by":"Slavers","ascension_level":2}