{"gold_per_floor":[114,127,302,319,329,329,343,343,343,356,375,375,375,390,390,491,491,505,518,218,317,332,332,343,343,413,413,429,429,429,448,448,448],"floor_reached":33,"playtime":2665,"items_purged":[],"score":329,"play_id":"14fe5614-f062-4885-ba2f-46460532b663","local_time":"20181111054724","is_ascension_mode":true,"campfire_choices":[{"data":"Coolheaded","floor":6,"key":"SMITH"},{"data":"Cold Snap","floor":8,"key":"SMITH"},{"floor":15,"key":"REST"},{"floor":23,"key":"REST"},{"floor":29,"key":"REST"},{"floor":32,"key":"REST"}],"neow_cost":"NONE","seed_source_timestamp":303860041549163,"circlet_count":0,"master_deck":["Strike_B","Defend_B","Defend_B","Defend_B","Defend_B","Zap","Dualcast","Coolheaded","Cold Snap+1","Coolheaded+1","Cold Snap","White Noise","White Noise","Machine Learning","Redo+1","Hologram+1","Rip and Tear+1","Chill","Recycle","Heatsinks"],"relics":["Cracked Core","Symbiotic Virus","Astrolabe","Singing Bowl"],"potions_floor_usage":[16,28,31],"damage_taken":[{"damage":2,"enemies":"2 Louse","floor":1,"turns":2},{"damage":0,"enemies":"Small Slimes","floor":2,"turns":5},{"damage":2,"enemies":"Jaw Worm","floor":4,"turns":3},{"damage":22,"enemies":"Large Slime","floor":5,"turns":10},{"damage":10,"enemies":"Exordium Wildlife","floor":7,"turns":5},{"damage":7,"enemies":"Red Slaver","floor":10,"turns":3},{"damage":3,"enemies":"Blue Slaver","floor":11,"turns":4},{"damage":17,"enemies":"3 Louse","floor":14,"turns":4},{"damage":41,"enemies":"The Guardian","floor":16,"turns":17},{"damage":13,"enemies":"3 Byrds","floor":18,"turns":4},{"damage":18,"enemies":"2 Thieves","floor":19,"turns":4},{"damage":10,"enemies":"Sentry and Sphere","floor":22,"turns":6},{"damage":38,"enemies":"Shelled Parasite and Fungi","floor":24,"turns":6},{"damage":7,"enemies":"Centurion and Healer","floor":28,"turns":4},{"damage":3,"enemies":"Snecko","floor":31,"turns":5},{"damage":65,"enemies":"Automaton","floor":33,"turns":8}],"seed_played":"-8500044148852818266","potions_obtained":[{"floor":4,"key":"FearPotion"},{"floor":7,"key":"Swift Potion"},{"floor":19,"key":"FocusPotion"},{"floor":24,"key":"Block Potion"},{"floor":28,"key":"Ancient Potion"}],"is_trial":false,"path_per_floor":["M","M","?","M","M","R","M","R","T","M","M","?","?","M","R","B",null,"M","M","$","?","M","R","M","?","T","?","M","R","?","M","R","B"],"character_chosen":"DEFECT","items_purchased":["Singing Bowl","Heatsinks"],"campfire_rested":4,"item_purchase_floors":[20,20],"current_hp_per_floor":[80,80,80,78,56,56,46,46,46,39,36,36,41,24,50,9,68,55,37,37,37,29,55,19,19,19,10,5,32,32,31,59,0],"gold":448,"neow_bonus":"TEN_PERCENT_HP_BONUS","is_prod":false,"is_daily":false,"chose_seed":false,"campfire_upgraded":2,"win_rate":0,"timestamp":1541933244,"path_taken":["M","M","?","M","M","R","M","R","T","M","M","?","?","?","R","BOSS","M","M","$","?","M","R","M","?","T","?","?","R","?","M","R","BOSS"],"build_version":"2018-11-08","purchased_purges":0,"victory":false,"max_hp_per_floor":[82,82,82,82,82,82,82,82,82,82,82,82,87,87,87,87,87,87,87,87,87,89,89,91,91,91,91,93,93,93,95,95,95],"card_choices":[{"not_picked":["Cold Snap","Conserve Battery"],"picked":"Coolheaded","floor":1},{"not_picked":["Aggregate","Streamline"],"picked":"Cold Snap","floor":2},{"not_picked":["Rip and Tear","Beam Cell"],"picked":"Coolheaded","floor":4},{"not_picked":["Gash","Scrape","Ball Lightning"],"picked":"SKIP","floor":5},{"not_picked":["Hologram","Gash"],"picked":"Cold Snap","floor":7},{"not_picked":["Compile Driver","Hologram"],"picked":"White Noise","floor":10},{"not_picked":["Leap","Rebound"],"picked":"White Noise","floor":11},{"not_picked":["Consume","Beam Cell","Auto Shields"],"picked":"SKIP","floor":14},{"not_picked":["Buffer","Multi-Cast"],"picked":"Machine Learning","floor":16},{"not_picked":["Stack","Turbo+1"],"picked":"Chill","floor":18},{"not_picked":["Stack","Rebound"],"picked":"Recycle","floor":19},{"not_picked":["Beam Cell+1","Leap","Stack"],"picked":"Singing Bowl","floor":22},{"not_picked":["Stack+1","Heatsinks","Tempest"],"picked":"Singing Bowl","floor":24},{"not_picked":["Hello World","Stack","Genetic Algorithm"],"picked":"Singing Bowl","floor":28},{"not_picked":["Scrape","Steam","Core Surge"],"picked":"Singing Bowl","floor":31}],"player_experience":345656,"relics_obtained":[{"floor":9,"key":"Symbiotic Virus"}],"event_choices":[{"damage_healed":0,"gold_gain":175,"player_choice":"AGREE","damage_taken":0,"max_hp_gain":0,"max_hp_loss":0,"event_name":"Liars Game","floor":3,"gold_loss":0,"cards_obtained":["Doubt"]},{"cards_removed":["Doubt"],"damage_healed":0,"gold_gain":0,"player_choice":"Forget","damage_taken":0,"max_hp_gain":0,"max_hp_loss":0,"event_name":"Living Wall","floor":12,"gold_loss":0},{"damage_healed":0,"gold_gain":0,"player_choice":"Donut","damage_taken":0,"max_hp_gain":5,"max_hp_loss":0,"event_name":"Big Fish","floor":13,"gold_loss":0},{"damage_healed":0,"gold_gain":99,"player_choice":"Stole From Cult","damage_taken":0,"max_hp_gain":0,"max_hp_loss":0,"event_name":"Nest","floor":21,"gold_loss":0},{"damage_healed":0,"gold_gain":0,"player_choice":"Ignored","damage_taken":0,"max_hp_gain":0,"max_hp_loss":0,"event_name":"Vampires","floor":25,"gold_loss":0},{"damage_healed":0,"gold_gain":0,"player_choice":"Damaged","damage_taken":9,"max_hp_gain":0,"max_hp_loss":0,"event_name":"Wheel of Change","floor":27,"gold_loss":0},{"damage_healed":0,"gold_gain":0,"player_choice":"Ignored","damage_taken":0,"max_hp_gain":0,"max_hp_loss":0,"event_name":"Cursed Tome","floor":30,"gold_loss":0}],"is_beta":true,"boss_relics":[{"not_picked":["Lizard Tail","Runic Pyramid"],"picked":"Astrolabe"}],"items_purged_floors":[],"is_endless":false,"potions_floor_spawned":[4,7,19,24,28],"killed_by":"Automaton","ascension_level":5}