{"gold_per_floor":[111,122,142,159,159,191,207,207,207,207],"floor_reached":10,"playtime":626,"items_purged":[],"score":81,"play_id":"6c7389d9-018e-4992-ae75-f7417b30d37d","local_time":"20190709184849","is_ascension_mode":true,"campfire_choices":[],"neow_cost":"CURSE","seed_source_timestamp":0,"circlet_count":0,"master_deck":["Strike_B","Strike_B","Strike_B","Strike_B","Defend_B","Defend_B","Defend_B","Defend_B","Zap","Dualcast","Violence","Mind Blast","Coolheaded","Storm","BootSequence","Sweeping Beam","Aggregate","Defragment"],"special_seed":0,"relics":["Cracked Core","Symbiotic Virus"],"potions_floor_usage":[7,10],"damage_taken":[{"damage":1.0,"enemies":"Cultist","floor":1.0,"turns":3.0},{"damage":6,"enemies":"Small Slimes","floor":2,"turns":3},{"damage":1,"enemies":"2 Louse","floor":3,"turns":2},{"damage":7,"enemies":"Red Slaver","floor":4,"turns":4},{"damage":49,"enemies":"3 Sentries","floor":6,"turns":11},{"damage":10,"enemies":"3 Louse","floor":7,"turns":3},{"damage":2,"enemies":"Lots of Slimes","floor":10,"turns":2}],"seed_played":"5430901750544545409","potions_obtained":[{"floor":2,"key":"SteroidPotion"},{"floor":3,"key":"FearPotion"},{"floor":6,"key":"PowerPotion"}],"is_trial":false,"path_per_floor":["M","M","M","M","?","E","M","?","T","M"],"character_chosen":"DEFECT","items_purchased":[],"campfire_rested":0,"item_purchase_floors":[],"current_hp_per_floor":[74,68,67,60,60,11,1,1,1,0],"gold":207,"neow_bonus":"RANDOM_COLORLESS_2","is_prod":false,"is_daily":false,"chose_seed":false,"campfire_upgraded":0,"win_rate":0,"timestamp":1562712529,"path_taken":["M","?","M","M","?","E","M","?","T","M"],"build_version":"2019-07-05","purchased_purges":0,"victory":false,"max_hp_per_floor":[75,75,75,75,75,75,75,75,75,75],"card_choices":[{"not_picked":["Beam Cell","Hologram"],"picked":"Coolheaded","floor":1},{"not_picked":["Barrage","Turbo"],"picked":"Storm","floor":2},{"not_picked":["Barrage","Steam"],"picked":"BootSequence","floor":3},{"not_picked":["Skim","Scrape"],"picked":"Sweeping Beam","floor":4},{"not_picked":["Machine Learning","Sweeping Beam"],"picked":"Aggregate","floor":6},{"not_picked":["Cold Snap","Steam Power"],"picked":"Defragment","floor":7}],"player_experience":541636,"relics_obtained":[{"floor":6,"key":"Symbiotic Virus"}],"event_choices":[{"damage_healed":0,"gold_gain":0,"player_choice":"Ignored","damage_taken":0,"max_hp_gain":0,"max_hp_loss":0,"event_name":"Shining Light","floor":5,"gold_loss":0},{"cards_removed":["Doubt"],"damage_healed":0,"gold_gain":0,"player_choice":"Card Removal","damage_taken":0,"max_hp_gain":0,"max_hp_loss":0,"event_name":"Wheel of Change","floor":8,"gold_loss":0}],"is_beta":false,"boss_relics":[],"items_purged_floors":[],"is_endless":false,"potions_floor_spawned":[2,3,6],"killed_by":"Lots of Slimes","ascension_level":3}