{"gold_per_floor":[112,112,131,142,158,189,208,208,208,9,22,22,34,51,51,151,151,165,182,182,182,182,182,200,200,200,200],"floor_reached":27,"playtime":1410,"items_purged":[],"score":242,"play_id":"0c37966a-4567-4d75-80c5-e575c2378a68","local_time":"20190211204719","is_ascension_mode":false,"campfire_choices":[{"floor":8,"key":"DIG"},{"floor":12,"key":"DIG"},{"floor":15,"key":"REST"},{"floor":23,"key":"RECALL"},{"data":"1","floor":25,"key":"LIFT"}],"neow_cost":"NONE","seed_source_timestamp":347537788209601,"circlet_count":0,"master_deck":["Strike_B+1","Strike_B+1","Strike_B+1","Strike_B+1","Defend_B+1","Defend_B+1","Defend_B+1","Defend_B+1","Zap","Dualcast","Streamline","White Noise","Storm","Conserve Battery","Ball Lightning","Self Repair","Double Energy","Redo","Meteor Strike","BootSequence","Auto Shields+1","Darkness"],"relics":["Cracked Core","NeowsBlessing","Shovel","Strawberry","Girya","ClockworkSouvenir","Pantograph","Velvet Choker","Ancient Tea Set"],"potions_floor_usage":[6,7,13,16,24,24,27],"damage_taken":[{"damage":0,"enemies":"Jaw Worm","floor":1,"turns":1},{"damage":0,"enemies":"Cultist","floor":3,"turns":1},{"damage":0,"enemies":"Small Slimes","floor":4,"turns":1},{"damage":4,"enemies":"2 Fungi Beasts","floor":5,"turns":4},{"damage":19,"enemies":"Gremlin Nob","floor":6,"turns":4},{"damage":24,"enemies":"Exordium Thugs","floor":7,"turns":7},{"damage":7,"enemies":"3 Louse","floor":11,"turns":3},{"damage":2,"enemies":"Blue Slaver","floor":13,"turns":2},{"damage":0,"enemies":"Large Slime","floor":14,"turns":4},{"damage":75,"enemies":"Hexaghost","floor":16,"turns":10},{"damage":21,"enemies":"Shell Parasite","floor":18,"turns":7},{"damage":44,"enemies":"3 Byrds","floor":19,"turns":5},{"damage":8,"enemies":"3 Cultists","floor":24,"turns":4},{"damage":33,"enemies":"Book of Stabbing","floor":27,"turns":5}],"seed_played":"-670161055615338366","potions_obtained":[{"floor":5,"key":"Weak Potion"},{"floor":6,"key":"Fruit Juice"},{"floor":7,"key":"AttackPotion"},{"floor":14,"key":"FearPotion"},{"floor":22,"key":"FairyPotion"},{"floor":22,"key":"Weak Potion"},{"floor":22,"key":"Energy Potion"},{"floor":24,"key":"FearPotion"}],"is_trial":false,"path_per_floor":["M","?","M","M","M","E","M","R","T","$","M","R","M","M","R","B",null,"M","M","?","?","?","R","M","R","T","E"],"character_chosen":"DEFECT","items_purchased":["ClockworkSouvenir"],"campfire_rested":1,"item_purchase_floors":[10],"current_hp_per_floor":[75,75,75,75,71,59,40,40,40,40,33,33,31,38,64,19,87,73,36,36,19,19,19,18,18,18,0],"gold":200,"neow_bonus":"THREE_ENEMY_KILL","is_prod":false,"is_daily":false,"chose_seed":false,"campfire_upgraded":0,"win_rate":0,"timestamp":1549936039,"path_taken":["M","?","M","M","M","E","M","R","T","$","M","R","M","M","R","BOSS","M","M","?","?","?","R","?","R","T","E"],"build_version":"2019-01-23","purchased_purges":0,"victory":false,"max_hp_per_floor":[75,75,75,75,75,82,87,87,87,87,87,87,87,87,87,87,87,87,87,87,92,92,92,92,92,92,92],"card_choices":[{"not_picked":["Stack","Beam Cell"],"picked":"Rebound","floor":1},{"not_picked":["Compile Driver","Hologram"],"picked":"Streamline","floor":3},{"not_picked":["Compile Driver","Stack"],"picked":"White Noise","floor":4},{"not_picked":["Coolheaded","Undo"],"picked":"Storm","floor":5},{"not_picked":["Genetic Algorithm","Steam Power"],"picked":"Conserve Battery","floor":6},{"not_picked":["Undo","Chaos"],"picked":"Ball Lightning","floor":7},{"not_picked":["Stack","Loop"],"picked":"Self Repair","floor":11},{"not_picked":["Rebound","Blizzard"],"picked":"Double Energy","floor":13},{"not_picked":["Go for the Eyes","Sweeping Beam"],"picked":"Redo","floor":14},{"not_picked":["Core Surge","All For One"],"picked":"Meteor Strike","floor":16},{"not_picked":["White Noise+1","Turbo"],"picked":"BootSequence","floor":18},{"not_picked":["Hello World","Sweeping Beam"],"picked":"Auto Shields+1","floor":19},{"not_picked":["Leap","Hologram+1"],"picked":"Darkness","floor":24}],"player_experience":214620,"relics_obtained":[{"floor":6,"key":"Strawberry"},{"floor":8,"key":"Girya"},{"floor":12,"key":"Pantograph"},{"floor":26,"key":"Ancient Tea Set"}],"event_choices":[{"cards_removed":["Rebound"],"damage_healed":0,"gold_gain":0,"player_choice":"Gave Card","damage_taken":0,"relics_obtained":["Shovel"],"max_hp_gain":0,"max_hp_loss":0,"event_name":"WeMeetAgain","floor":2,"gold_loss":0},{"damage_healed":0,"gold_gain":0,"player_choice":"Simplicity","damage_taken":0,"max_hp_gain":0,"max_hp_loss":0,"event_name":"Back to Basics","floor":20,"gold_loss":0,"cards_upgraded":["Strike_B","Strike_B","Strike_B","Strike_B","Defend_B","Defend_B","Defend_B","Defend_B"]},{"damage_healed":0,"gold_gain":0,"player_choice":"Shed Blood","damage_taken":22,"max_hp_gain":5,"max_hp_loss":0,"event_name":"Forgotten Altar","floor":21,"gold_loss":0},{"damage_healed":0,"gold_gain":0,"player_choice":"Got Potions","damage_taken":0,"max_hp_gain":0,"max_hp_loss":0,"event_name":"Lab","floor":22,"gold_loss":0}],"is_beta":false,"boss_relics":[{"not_picked":["Philosopher\u0027s Stone","White Beast Statue"],"picked":"Velvet Choker"}],"items_purged_floors":[],"is_endless":false,"potions_floor_spawned":[5,6,7,14,24],"killed_by":"Book of Stabbing","ascension_level":0}