{"gold_per_floor":[217,235,255,430,446,446,471,471,497,497,515,525,551,531,531,531],"floor_reached":16,"playtime":1202,"items_purged":[],"score":112,"play_id":"e613fa22-314a-4778-852b-79c092818a09","local_time":"20190626011537","is_ascension_mode":false,"campfire_choices":[{"data":"Cloak And Dagger","floor":6,"key":"SMITH"},{"data":"Accuracy","floor":8,"key":"SMITH"},{"floor":15,"key":"REST"}],"neow_cost":"NONE","seed_source_timestamp":341864422716843,"circlet_count":0,"master_deck":["Defend_G","Defend_G","Defend_G","Defend_G","Defend_G","Strike_G","Strike_G","Strike_G","Strike_G","Strike_G","Survivor","Neutralize","Cloak And Dagger+1","Dagger Spray","Bane","Doubt","Deadly Poison","Accuracy+1","Catalyst","Dagger Spray","Dodge and Roll"],"special_seed":0,"relics":["Ring of the Snake","Vajra","Bronze Scales","Thread and Needle","Orichalcum"],"potions_floor_usage":[5,13,16,16],"damage_taken":[{"damage":7.0,"enemies":"Small Slimes","floor":1.0,"turns":4.0},{"damage":0.0,"enemies":"Jaw Worm","floor":2.0,"turns":6.0},{"damage":0,"enemies":"2 Louse","floor":3,"turns":2},{"damage":7,"enemies":"Gremlin Gang","floor":5,"turns":3},{"damage":24,"enemies":"3 Sentries","floor":7,"turns":10},{"damage":5,"enemies":"Blue Slaver","floor":11,"turns":3},{"damage":4,"enemies":"Red Slaver","floor":12,"turns":2},{"damage":8,"enemies":"Lagavulin","floor":13,"turns":6},{"damage":36,"enemies":"Slime Boss","floor":16,"turns":8}],"seed_played":"-1755602227239827791","potions_obtained":[{"floor":2,"key":"FearPotion"},{"floor":3,"key":"Swift Potion"},{"floor":12,"key":"GamblersBrew"},{"floor":14,"key":"Swift Potion"}],"is_trial":false,"path_per_floor":["M","M","M","?","M","R","E","R","T","T","M","M","E","?","R","B"],"character_chosen":"THE_SILENT","items_purchased":[],"campfire_rested":1,"item_purchase_floors":[],"current_hp_per_floor":[63,63,63,63,56,56,32,32,32,32,27,23,15,15,36,0],"gold":531,"neow_bonus":"HUNDRED_GOLD","is_prod":false,"is_daily":false,"chose_seed":false,"campfire_upgraded":2,"win_rate":0,"timestamp":1561529737,"path_taken":["M","M","M","?","M","R","E","R","T","?","M","M","E","?","R","BOSS"],"build_version":"2019-01-23","purchased_purges":0,"victory":false,"max_hp_per_floor":[70,70,70,70,70,70,70,70,70,70,70,70,70,70,70,70],"card_choices":[{"not_picked":["Flying Knee","Dodge and Roll"],"picked":"Cloak And Dagger","floor":1.0},{"not_picked":["Acrobatics","Quick Slash"],"picked":"Dagger Spray","floor":2},{"not_picked":["Acrobatics","Outmaneuver"],"picked":"Bane","floor":3},{"not_picked":["Bane","Poisoned Stab"],"picked":"Deadly Poison","floor":5},{"not_picked":["Storm of Steel","Bane"],"picked":"Accuracy","floor":7},{"not_picked":["Dodge and Roll","Backflip"],"picked":"Catalyst","floor":11},{"not_picked":["Well Laid Plans","Escape Plan"],"picked":"Dagger Spray","floor":12},{"not_picked":["Sucker Punch","Venomology"],"picked":"Dodge and Roll","floor":13}],"player_experience":97726,"relics_obtained":[{"floor":7,"key":"Vajra"},{"floor":9,"key":"Bronze Scales"},{"floor":10,"key":"Thread and Needle"},{"floor":13,"key":"Orichalcum"}],"event_choices":[{"damage_healed":0,"gold_gain":175,"player_choice":"AGREE","damage_taken":0,"max_hp_gain":0,"max_hp_loss":0,"event_name":"Liars Game","floor":4,"gold_loss":0,"cards_obtained":["Doubt"]},{"damage_healed":0,"gold_gain":0,"player_choice":"Bought 1 Potion","damage_taken":0,"max_hp_gain":0,"max_hp_loss":0,"event_name":"The Woman in Blue","floor":14,"gold_loss":0}],"is_beta":false,"boss_relics":[],"items_purged_floors":[],"is_endless":false,"potions_floor_spawned":[2,3,12],"killed_by":"Slime Boss","ascension_level":0}