{"gold_per_floor":[110,110,124,142,154,154,4,19,19,34,46,66,83,100,100,199,199,218,218,235,188,188,221,235,235,235,255,270,296,316,327,327,429,429,443,455,120,132,143,172,172,190,214,214],"floor_reached":44,"playtime":3489,"items_purged":[],"score":534,"play_id":"3556571b-6371-4045-a2e7-51b589b1e301","local_time":"20180915165129","is_ascension_mode":false,"campfire_choices":[{"data":"Juggernaut","floor":6,"key":"SMITH"},{"data":"Fire Breathing","floor":15,"key":"SMITH"},{"floor":25,"key":"REST"},{"floor":32,"key":"REST"},{"floor":41,"key":"REST"}],"neow_cost":"NONE","seed_source_timestamp":370247634645920,"circlet_count":0,"master_deck":["Strike_R","Strike_R","Strike_R","Strike_R","Strike_R","Defend_R","Defend_R","Defend_R","Defend_R","Bash","Juggernaut+1","Headbutt","Shrug It Off","Rage","Perfected Strike","Shrug It Off","Anger","Cleave","Impervious","Perfected Strike","Fire Breathing+1","Demon Form","Pommel Strike","Fire Breathing","Twin Strike","Iron Wave+1","Fire Breathing","Shrug It Off+1","Cleave","Metallicize","Metallicize+1","Searing Blow","Limit Break","Flex","Rupture+1","Flex","Blood for Blood+1","Searing Blow+1","Flex","Pommel Strike+1"],"relics":["Burning Blood","Red Skull","Mummified Hand","Mark of Pain","Enchiridion","Orichalcum","Gremlin Horn","Ginger","Eternal Feather","StoneCalendar","Champion Belt","Ancient Tea Set"],"potions_floor_usage":[13,16,23,27,29,31,33,33,38,40,42,44],"damage_taken":[{"damage":6,"enemies":"Cultist","floor":1,"turns":3},{"damage":4,"enemies":"Small Slimes","floor":3,"turns":5},{"damage":2,"enemies":"2 Louse","floor":4,"turns":3},{"damage":12,"enemies":"Large Slime","floor":5,"turns":6},{"damage":8,"enemies":"Exordium Wildlife","floor":8,"turns":3},{"damage":0,"enemies":"Exordium Thugs","floor":10,"turns":4},{"damage":3,"enemies":"2 Fungi Beasts","floor":11,"turns":5},{"damage":10,"enemies":"Looter","floor":12,"turns":2},{"damage":5,"enemies":"Large Slime","floor":13,"turns":5},{"damage":7,"enemies":"Blue Slaver","floor":14,"turns":3},{"damage":34,"enemies":"Hexaghost","floor":16,"turns":9},{"damage":17,"enemies":"Spheric Guardian","floor":18,"turns":4},{"damage":17,"enemies":"Shell Parasite","floor":20,"turns":4},{"damage":15,"enemies":"Slavers","floor":23,"turns":4},{"damage":9,"enemies":"Sentry and Sphere","floor":24,"turns":4},{"damage":9,"enemies":"Centurion and Healer","floor":27,"turns":4},{"damage":2,"enemies":"Cultist and Chosen","floor":28,"turns":3},{"damage":0,"enemies":"Gremlin Leader","floor":29,"turns":4},{"damage":10,"enemies":"Shelled Parasite and Fungi","floor":30,"turns":4},{"damage":0,"enemies":"Snake Plant","floor":31,"turns":4},{"damage":3,"enemies":"Champ","floor":33,"turns":8},{"damage":34,"enemies":"3 Shapes","floor":35,"turns":4},{"damage":11,"enemies":"Orb Walker","floor":36,"turns":4},{"damage":18,"enemies":"Sphere and 2 Shapes","floor":38,"turns":5},{"damage":18,"enemies":"Maw","floor":39,"turns":7},{"damage":14,"enemies":"Giant Head","floor":40,"turns":6},{"damage":55,"enemies":"Reptomancer","floor":42,"turns":3},{"damage":25,"enemies":"2 Orb Walkers","floor":44,"turns":3}],"seed_played":"-6228476074122650014","potions_obtained":[{"floor":5,"key":"Strength Potion"},{"floor":8,"key":"Swift Potion"},{"floor":10,"key":"SpeedPotion"},{"floor":16,"key":"GamblersBrew"},{"floor":18,"key":"AttackPotion"},{"floor":23,"key":"Energy Potion"},{"floor":27,"key":"BloodPotion"},{"floor":30,"key":"AttackPotion"},{"floor":31,"key":"Weak Potion"},{"floor":36,"key":"BloodPotion"},{"floor":38,"key":"Block Potion"},{"floor":39,"key":"Explosive Potion"}],"is_trial":false,"path_per_floor":["M","?","M","M","M","R","$","M","T","M","M","M","M","M","R","B",null,"M","?","M","$","?","E","M","R","T","M","M","E","M","M","R","B",null,"M","M","$","M","M","E","R","M","T"],"character_chosen":"IRONCLAD","items_purchased":["Red Skull","Twin Strike","StoneCalendar","Flex"],"campfire_rested":3,"item_purchase_floors":[7,21,37,37],"current_hp_per_floor":[80,80,80,80,74,74,74,72,72,78,80,76,77,76,76,48,80,69,54,43,43,27,18,15,40,40,37,41,55,51,57,82,85,85,57,52,52,48,36,28,74,25,25,0],"gold":214,"neow_bonus":"ONE_RANDOM_RARE_CARD","is_prod":false,"is_daily":false,"chose_seed":false,"campfire_upgraded":2,"win_rate":0.0,"timestamp":1537048289,"path_taken":["M","?","M","M","M","R","$","M","T","M","M","?","M","M","R","BOSS","M","?","M","$","?","E","M","R","T","M","M","E","M","M","R","BOSS","M","M","$","M","M","E","R","M","T","E"],"build_version":"2018-09-06","purchased_purges":0,"victory":false,"max_hp_per_floor":[80,80,80,80,80,80,80,80,80,80,80,80,80,80,80,80,80,80,85,85,85,85,85,85,85,85,85,85,85,85,85,85,85,85,85,85,85,85,85,85,85,85,85,85],"card_choices":[{"not_picked":["Clothesline","Uppercut"],"picked":"Headbutt","floor":1},{"not_picked":["Hemokinesis","Armaments"],"picked":"Shrug It Off","floor":3},{"not_picked":["Shrug It Off","True Grit"],"picked":"Rage","floor":4},{"not_picked":["Flame Barrier","Armaments"],"picked":"Perfected Strike","floor":5},{"not_picked":["Sword Boomerang","Warcry"],"picked":"Shrug It Off","floor":8},{"not_picked":["Sword Boomerang","Warcry"],"picked":"Anger","floor":10},{"not_picked":["Headbutt","Carnage"],"picked":"Cleave","floor":11},{"not_picked":["True Grit","Feel No Pain"],"picked":"Impervious","floor":12},{"not_picked":["Clash","Corruption"],"picked":"Perfected Strike","floor":13},{"not_picked":["Clothesline","Dual Wield"],"picked":"Fire Breathing","floor":14},{"not_picked":["Brutality","Bludgeon"],"picked":"Demon Form","floor":16},{"not_picked":["Anger","Heavy Blade"],"picked":"Pommel Strike","floor":18},{"not_picked":["Clash","Warcry"],"picked":"Fire Breathing","floor":20},{"not_picked":["Blood for Blood","Corruption"],"picked":"Iron Wave+1","floor":23},{"not_picked":["Sword Boomerang","Pommel Strike"],"picked":"Fire Breathing","floor":24},{"not_picked":["Headbutt","Warcry"],"picked":"Shrug It Off+1","floor":27},{"not_picked":["Headbutt","True Grit"],"picked":"Cleave","floor":28},{"not_picked":["Dark Embrace","Blood for Blood"],"picked":"Metallicize","floor":29},{"not_picked":["Seeing Red+1","Clash"],"picked":"Metallicize+1","floor":30},{"not_picked":["Warcry+1","Burning Pact"],"picked":"Searing Blow","floor":31},{"not_picked":["Feed","Double Tap"],"picked":"Limit Break","floor":33},{"not_picked":["Corruption+1","Perfected Strike+1"],"picked":"Flex","floor":35},{"not_picked":["Spot Weakness","Clothesline+1"],"picked":"Rupture+1","floor":36},{"not_picked":["Ghostly Armor+1","Clothesline+1"],"picked":"Blood for Blood+1","floor":38},{"not_picked":["Pummel","Headbutt+1"],"picked":"Searing Blow+1","floor":39},{"not_picked":["Double Tap","Bloodletting+1"],"picked":"Flex","floor":40},{"not_picked":["Searing Blow+1","Body Slam+1"],"picked":"Pommel Strike+1","floor":42}],"player_experience":17484,"relics_obtained":[{"floor":9,"key":"Mummified Hand"},{"floor":22,"key":"Enchiridion"},{"floor":23,"key":"Orichalcum"},{"floor":26,"key":"Gremlin Horn"},{"floor":29,"key":"Ginger"},{"floor":40,"key":"Champion Belt"},{"floor":43,"key":"Ancient Tea Set"}],"event_choices":[{"event_name":"The Cleric","player_choice":"Leave","floor":2,"damage_taken":0},{"event_name":"Forgotten Altar","player_choice":"Shed Blood","floor":19,"damage_taken":0},{"event_name":"Cursed Tome","player_choice":"Obtained Book","floor":22,"damage_taken":0}],"is_beta":false,"boss_relics":[{"not_picked":["Calling Bell","Fusion Hammer"],"picked":"Mark of Pain"},{"not_picked":["Sozu","Busted Crown"],"picked":"Eternal Feather"}],"items_purged_floors":[],"is_endless":false,"potions_floor_spawned":[5,8,10,14,16,18,23,27,30,31,36,38,39],"killed_by":"2 Orb Walkers","ascension_level":0}