{"gold_per_floor":[115,130,55,67,78,94,114,114,114,131,150,161,217,267,267,370,370,370,127,127,127,127,127,127,127,127,127,127,127,127,49,49,49],"floor_reached":33,"playtime":2543,"items_purged":[],"score":247,"play_id":"9766b928-978a-4dc2-a698-496908010570","local_time":"20190331204943","is_ascension_mode":false,"campfire_choices":[{"data":"Corpse Explosion","floor":8,"key":"SMITH"},{"floor":15,"key":"REST"},{"data":"Bouncing Flask","floor":23,"key":"SMITH"},{"data":"Crippling Poison","floor":25,"key":"SMITH"},{"floor":32,"key":"REST"}],"neow_cost":"NONE","seed_source_timestamp":872891090616080,"circlet_count":0,"master_deck":["Defend_G","Defend_G","Defend_G","Defend_G","Defend_G","Strike_G","Strike_G","Strike_G","Strike_G","Strike_G","Survivor","Neutralize","Backstab","Cloak And Dagger","Corpse Explosion+1","Terror","Skewer","Bouncing Flask+1","Blade Dance","Noxious Fumes","Leg Sweep","Blade Dance","Noxious Fumes","Burst","Backstab+1","Dodge and Roll","Crippling Poison+1","Crippling Poison","Skewer+1","Envenom","Well Laid Plans"],"relics":["Ring of the Snake","NeowsBlessing","Matryoshka","Blue Candle","Smiling Mask","Ancient Tea Set","Ectoplasm","Meat on the Bone","Enchiridion","Potion Belt","Bag of Preparation"],"potions_floor_usage":[7,11,13,13,16,22,27,33,33,33],"damage_taken":[{"damage":0,"enemies":"2 Louse","floor":1,"turns":1},{"damage":0,"enemies":"Jaw Worm","floor":2,"turns":1},{"damage":0,"enemies":"Cultist","floor":4,"turns":1},{"damage":3,"enemies":"Large Slime","floor":5,"turns":7},{"damage":5,"enemies":"Red Slaver","floor":6,"turns":5},{"damage":3,"enemies":"Exordium Thugs","floor":7,"turns":3},{"damage":9,"enemies":"Large Slime","floor":10,"turns":5},{"damage":0,"enemies":"Gremlin Gang","floor":11,"turns":1},{"damage":5,"enemies":"Blue Slaver","floor":12,"turns":3},{"damage":10,"enemies":"Lagavulin Event","floor":13,"turns":5},{"damage":35,"enemies":"Hexaghost","floor":16,"turns":10},{"damage":0,"enemies":"Chosen","floor":18,"turns":4},{"damage":12,"enemies":"Shell Parasite","floor":20,"turns":3},{"damage":0,"enemies":"Centurion and Healer","floor":22,"turns":2},{"damage":12,"enemies":"Snecko","floor":24,"turns":4},{"damage":13,"enemies":"Snake Plant","floor":27,"turns":2},{"damage":3,"enemies":"Chosen and Byrds","floor":28,"turns":3},{"damage":0,"enemies":"Centurion and Healer","floor":30,"turns":3},{"damage":59,"enemies":"Collector","floor":33,"turns":7}],"seed_played":"4776465575566358619","potions_obtained":[{"floor":1,"key":"EssenceOfSteel"},{"floor":4,"key":"Fire Potion"},{"floor":6,"key":"LiquidBronze"},{"floor":10,"key":"Dexterity Potion"},{"floor":11,"key":"SpeedPotion"},{"floor":16,"key":"LiquidBronze"},{"floor":18,"key":"Fire Potion"},{"floor":27,"key":"FearPotion"},{"floor":28,"key":"Ancient Potion"},{"floor":30,"key":"Energy Potion"}],"is_trial":false,"path_per_floor":["M","M","$","M","M","M","M","R","T","M","M","M","?","T","R","B",null,"M","$","M","?","M","R","M","R","T","M","M","T","M","$","R","B"],"character_chosen":"THE_SILENT","items_purchased":["Corpse Explosion","Meat on the Bone","Well Laid Plans"],"campfire_rested":2,"item_purchase_floors":[3,19,31],"current_hp_per_floor":[70,70,70,70,67,62,59,59,59,50,50,45,35,35,56,21,70,70,70,58,42,42,42,42,42,42,41,38,38,38,38,59,0],"gold":49,"neow_bonus":"THREE_ENEMY_KILL","is_prod":false,"is_daily":false,"chose_seed":false,"campfire_upgraded":3,"win_rate":0,"timestamp":1554079783,"path_taken":["M","M","$","M","M","M","M","R","T","M","M","M","?","?","R","BOSS","M","$","M","?","M","R","M","R","T","M","M","?","M","$","R","BOSS"],"build_version":"2019-01-23","purchased_purges":0,"victory":false,"max_hp_per_floor":[70,70,70,70,70,70,70,70,70,70,70,70,70,70,70,70,70,70,70,70,70,70,70,70,70,70,70,70,70,70,70,70,70],"card_choices":[{"not_picked":["Masterful Stab","Riddle With Holes"],"picked":"Backstab","floor":1},{"not_picked":["Dodge and Roll","Dagger Throw"],"picked":"Cloak And Dagger","floor":2},{"not_picked":["Deflect","Sucker Punch"],"picked":"Terror","floor":4},{"not_picked":["Well Laid Plans","Reflex"],"picked":"Skewer","floor":5},{"not_picked":["Predator","Accuracy"],"picked":"Bouncing Flask","floor":6},{"not_picked":["Deflect","Dagger Throw"],"picked":"Blade Dance","floor":7},{"not_picked":["Dodge and Roll","All Out Attack"],"picked":"Noxious Fumes","floor":10},{"not_picked":["Endless Agony","Riddle With Holes"],"picked":"Leg Sweep","floor":11},{"not_picked":["Deadly Poison","Phantasmal Killer"],"picked":"Blade Dance","floor":12},{"not_picked":["PiercingWail","Bane"],"picked":"Noxious Fumes","floor":13},{"not_picked":["Doppelganger","Wraith Form v2"],"picked":"Burst","floor":16},{"not_picked":["Caltrops","Acrobatics"],"picked":"Backstab+1","floor":18},{"not_picked":["Tactician","Flechettes"],"picked":"Dodge and Roll","floor":20},{"not_picked":["Expertise","Dagger Throw+1"],"picked":"Crippling Poison","floor":22},{"not_picked":["Predator","Outmaneuver"],"picked":"Crippling Poison","floor":24},{"not_picked":["Heel Hook+1","All Out Attack+1"],"picked":"Skewer+1","floor":27},{"not_picked":["Choke","Underhanded Strike"],"picked":"Envenom","floor":28},{"not_picked":["Backflip+1","Crippling Poison","Escape Plan"],"picked":"SKIP","floor":30}],"player_experience":271659,"relics_obtained":[{"floor":9,"key":"Matryoshka"},{"floor":13,"key":"Blue Candle"},{"floor":14,"key":"Smiling Mask"},{"floor":14,"key":"Ancient Tea Set"},{"floor":21,"key":"Enchiridion"},{"floor":26,"key":"Potion Belt"},{"floor":26,"key":"Bag of Preparation"}],"event_choices":[{"damage_healed":0,"gold_gain":0,"player_choice":"Searched \u00272\u0027 times","damage_taken":0,"max_hp_gain":0,"max_hp_loss":0,"event_name":"Dead Adventurer","floor":13,"gold_loss":0},{"damage_healed":0,"gold_gain":0,"player_choice":"Obtained Book","damage_taken":16,"max_hp_gain":0,"max_hp_loss":0,"event_name":"Cursed Tome","floor":21,"gold_loss":0}],"is_beta":false,"boss_relics":[{"not_picked":["White Beast Statue","Runic Dome"],"picked":"Ectoplasm"}],"items_purged_floors":[],"is_endless":false,"potions_floor_spawned":[1,4,6,10,11,16,18,27,28,30],"killed_by":"Collector","ascension_level":0}