{"gold_per_floor":[114,289,306,323,323,323,323,323,323,336,363,313,323,387,387,489,489,474,474,484,504,504,504,515,526,526,526,541,541,456,381,381,486,486,505,342,342,354,373,373,400,416,416,106,124,140,90,90,90,90,90,90,42,77,77],"floor_reached":56,"playtime":5998,"items_purged":["Zap","Multi-Cast"],"score":1199,"play_id":"0f8ed8fe-6a60-421c-903f-f2b8b7cb11af","local_time":"20181111000304","is_ascension_mode":false,"campfire_choices":[{"data":"Defend_B","floor":6,"key":"SMITH"},{"data":"Defend_B","floor":8,"key":"SMITH"},{"data":"Lockon","floor":15,"key":"SMITH"},{"data":"Creative AI","floor":23,"key":"SMITH"},{"data":"Coolheaded","floor":27,"key":"SMITH"},{"data":"Conserve Battery","floor":29,"key":"SMITH"},{"data":"Glacier","floor":32,"key":"SMITH"},{"floor":40,"key":"RECALL"},{"data":"Recycle","floor":49,"key":"SMITH"},{"data":"Glacier","floor":52,"key":"SMITH"}],"neow_cost":"NONE","seed_source_timestamp":278543530223844,"circlet_count":0,"master_deck":["Defend_B+1","Defend_B+1","Defend_B+1","Defend_B+1","Dualcast","Coolheaded+1","Lockon+1","Conserve Battery+1","Creative AI+1","Go for the Eyes+1","White Noise+1","Loop+1","White Noise","White Noise+1","Glacier+1","Creative AI","Glacier+1","Recycle+1","White Noise","Parasite","Heatsinks+1","Echo Form"],"relics":["Cracked Core","War Paint","Mummified Hand","Meat on the Bone","Bag of Marbles","Lantern","Empty Cage","Smiling Mask","Inserter","Bird Faced Urn","Kunai","Emotion Chip","Symbiotic Virus"],"potions_floor_usage":[14,24,25,33,38,42,50,54,55,55],"damage_taken":[{"damage":1,"enemies":"2 Louse","floor":1,"turns":3},{"damage":2,"enemies":"Small Slimes","floor":3,"turns":4},{"damage":5,"enemies":"Jaw Worm","floor":4,"turns":4},{"damage":0,"enemies":"Large Slime","floor":10,"turns":5},{"damage":1,"enemies":"Exordium Wildlife","floor":13,"turns":5},{"damage":15,"enemies":"Lagavulin Event","floor":14,"turns":7},{"damage":25,"enemies":"The Guardian","floor":16,"turns":14},{"damage":8,"enemies":"2 Thieves","floor":18,"turns":5},{"damage":15,"enemies":"3 Byrds","floor":20,"turns":7},{"damage":0,"enemies":"Snecko","floor":21,"turns":5},{"damage":5,"enemies":"Shelled Parasite and Fungi","floor":24,"turns":6},{"damage":9,"enemies":"Cultist and Chosen","floor":25,"turns":5},{"damage":0,"enemies":"Centurion and Healer","floor":28,"turns":4},{"damage":0,"enemies":"Collector","floor":33,"turns":10},{"damage":6,"enemies":"Orb Walker","floor":35,"turns":5},{"damage":0,"enemies":"3 Darklings","floor":38,"turns":7},{"damage":2,"enemies":"Writhing Mass","floor":39,"turns":11},{"damage":9,"enemies":"Nemesis","floor":41,"turns":11},{"damage":5,"enemies":"Transient","floor":42,"turns":5},{"damage":39,"enemies":"Jaw Worm Horde","floor":45,"turns":17},{"damage":0,"enemies":"Sphere and 2 Shapes","floor":46,"turns":6},{"damage":33,"enemies":"Time Eater","floor":50,"turns":14},{"damage":22,"enemies":"Shield and Spear","floor":54,"turns":12},{"damage":28,"enemies":"The Heart","floor":55,"turns":14}],"seed_played":"7480076420979840892","potions_obtained":[{"floor":1,"key":"SkillPotion"},{"floor":10,"key":"Block Potion"},{"floor":14,"key":"Weak Potion"},{"floor":16,"key":"Strength Potion"},{"floor":24,"key":"FocusPotion"},{"floor":25,"key":"Dexterity Potion"},{"floor":33,"key":"Swift Potion"},{"floor":38,"key":"Explosive Potion"},{"floor":41,"key":"Weak Potion"},{"floor":45,"key":"Weak Potion"},{"floor":54,"key":"Swift Potion"}],"is_trial":false,"path_per_floor":["M","?","M","M","?","R","?","R","T","M","T","?","M","?","R","B",null,"M","?","M","M","?","R","M","M","T","R","M","R","?","?","R","B",null,"M","$","?","M","M","R","E","M","T","$","M","M","$","?","R","B",null,"R","$","E","B",null],"character_chosen":"DEFECT","items_purchased":["Recycle","White Noise","Emotion Chip","Dexterity Potion"],"campfire_rested":0,"item_purchase_floors":[36,36,44,53],"current_hp_per_floor":[74,74,72,67,67,67,15,15,15,27,27,27,38,35,35,22,75,67,53,50,50,50,50,45,48,48,48,48,48,48,48,48,48,80,74,74,74,74,72,72,63,80,80,80,80,80,80,80,80,80,80,80,80,80,80],"gold":77,"neow_bonus":"RANDOM_COMMON_RELIC","is_prod":false,"is_daily":false,"chose_seed":false,"campfire_upgraded":9,"win_rate":0,"timestamp":1541912584,"path_taken":["M","?","M","M","?","R","?","R","T","M","?","?","?","?","R","BOSS","M","?","M","M","?","R","M","M","T","R","M","R","?","?","R","BOSS","M","$","?","M","M","R","E","M","T","$","M","M","$","?","R","BOSS","R","$","E","BOSS"],"build_version":"2018-11-08","purchased_purges":2,"victory":true,"max_hp_per_floor":[75,75,75,75,75,75,75,75,75,75,75,75,75,75,75,75,75,75,80,80,80,80,80,80,80,80,80,80,80,80,80,80,80,80,80,80,80,80,80,80,80,80,80,80,80,80,80,80,80,80,80,80,80,80,80],"card_choices":[{"not_picked":["Force Field","Rebound"],"picked":"Coolheaded","floor":1},{"not_picked":["Steam","Reprogram","Heatsinks"],"picked":"SKIP","floor":3},{"not_picked":["Steam","Rebound","Stack"],"picked":"SKIP","floor":4},{"not_picked":["Fusion","Hologram"],"picked":"Multi-Cast","floor":10},{"not_picked":["Cold Snap","Compile Driver"],"picked":"Lockon","floor":13},{"not_picked":["Beam Cell","Reinforced Body"],"picked":"Conserve Battery","floor":14},{"not_picked":["Hyperbeam","Meteor Strike"],"picked":"Creative AI","floor":16},{"not_picked":["Compile Driver","Coolheaded"],"picked":"Go for the Eyes+1","floor":18},{"not_picked":["Beam Cell","Sunder+1"],"picked":"White Noise+1","floor":20},{"not_picked":["Streamline","Coolheaded"],"picked":"Loop+1","floor":21},{"not_picked":["Chaos","Go for the Eyes"],"picked":"White Noise","floor":24},{"not_picked":["Compile Driver+1","Echo Form"],"picked":"White Noise+1","floor":25},{"not_picked":["Chaos+1","Stack+1"],"picked":"Glacier","floor":28},{"not_picked":["Reboot","Rainbow"],"picked":"Creative AI","floor":33},{"not_picked":["Turbo+1","Scrape+1"],"picked":"Glacier","floor":35},{"not_picked":["Auto Shields+1","Rebound+1","Ball Lightning+1"],"picked":"SKIP","floor":38},{"not_picked":["Auto Shields+1","Rebound+1","Ball Lightning+1"],"picked":"SKIP","floor":38},{"not_picked":["Turbo","Rip and Tear+1","Conserve Battery"],"picked":"SKIP","floor":39},{"not_picked":["Capacitor+1","Hologram+1","Melter"],"picked":"SKIP","floor":41},{"not_picked":["Gash","Reprogram+1","Hello World+1"],"picked":"SKIP","floor":42},{"not_picked":["Leap+1","Streamline+1"],"picked":"Heatsinks+1","floor":45},{"not_picked":["Conserve Battery","Steam Power+1","Turbo+1"],"picked":"SKIP","floor":46},{"not_picked":["Conserve Battery","Steam Power+1","Turbo+1"],"picked":"SKIP","floor":46},{"not_picked":["Conserve Battery","Steam Power+1","Turbo+1"],"picked":"SKIP","floor":46},{"not_picked":["Rip and Tear+1","Coolheaded"],"picked":"Echo Form","floor":54}],"player_experience":329658,"relics_obtained":[{"floor":9,"key":"Meat on the Bone"},{"floor":11,"key":"Bag of Marbles"},{"floor":14,"key":"Lantern"},{"floor":41,"key":"Bird Faced Urn"},{"floor":43,"key":"Kunai"},{"floor":54,"key":"Symbiotic Virus"}],"event_choices":[{"damage_healed":0,"gold_gain":175,"player_choice":"AGREE","damage_taken":0,"max_hp_gain":0,"max_hp_loss":0,"event_name":"Liars Game","floor":2,"gold_loss":0,"cards_obtained":["Doubt"]},{"cards_removed":["Doubt"],"damage_healed":0,"gold_gain":0,"player_choice":"Forget","damage_taken":0,"max_hp_gain":0,"max_hp_loss":0,"event_name":"Living Wall","floor":5,"gold_loss":0},{"damage_healed":0,"gold_gain":0,"player_choice":"Success","damage_taken":52,"relics_obtained":["Mummified Hand"],"max_hp_gain":0,"max_hp_loss":0,"event_name":"Scrap Ooze","floor":7,"gold_loss":0},{"cards_removed":["Strike_B"],"damage_healed":0,"gold_gain":0,"player_choice":"Card Removal","damage_taken":0,"max_hp_gain":0,"max_hp_loss":0,"event_name":"The Cleric","floor":12,"gold_loss":50},{"damage_healed":0,"gold_gain":0,"player_choice":"Searched \u00272\u0027 times","damage_taken":0,"max_hp_gain":0,"max_hp_loss":0,"event_name":"Dead Adventurer","floor":14,"gold_loss":0},{"damage_healed":0,"gold_gain":0,"player_choice":"Shed Blood","damage_taken":19,"max_hp_gain":5,"max_hp_loss":0,"event_name":"Forgotten Altar","floor":19,"gold_loss":0},{"damage_healed":0,"gold_gain":0,"player_choice":"Ignored","damage_taken":0,"max_hp_gain":0,"max_hp_loss":0,"event_name":"Vampires","floor":22,"gold_loss":0},{"damage_healed":0,"gold_gain":0,"player_choice":"Obtained Relic","damage_taken":0,"relics_obtained":["Smiling Mask"],"max_hp_gain":0,"max_hp_loss":0,"event_name":"Addict","floor":30,"gold_loss":85},{"cards_removed":["Strike_B"],"damage_healed":0,"gold_gain":0,"player_choice":"Gave Gold","damage_taken":0,"max_hp_gain":0,"max_hp_loss":0,"event_name":"Beggar","floor":31,"gold_loss":75},{"damage_healed":0,"gold_gain":0,"player_choice":"Ignored","damage_taken":0,"max_hp_gain":0,"max_hp_loss":0,"event_name":"Mysterious Sphere","floor":37,"gold_loss":0},{"damage_healed":0,"gold_gain":0,"player_choice":"Ignored","damage_taken":0,"max_hp_gain":0,"max_hp_loss":0,"event_name":"SecretPortal","floor":48,"gold_loss":0}],"is_beta":true,"boss_relics":[{"not_picked":["Calling Bell","Tiny House"],"picked":"Empty Cage"},{"not_picked":["Astrolabe","Cursed Key"],"picked":"Inserter"}],"items_purged_floors":[36,47],"is_endless":false,"potions_floor_spawned":[1,10,14,16,24,25,33,35,38,41,45,54],"ascension_level":0}