{"path_per_floor":["M","M","M","M","?","R","M","M","T","M","M","?","M","$","R","B",null,"M","?","$","M","M","M","M","$","T","R","M","R","M","M","R"],"character_chosen":"DEFECT","items_purchased":["Meat on the Bone","Stack","Oddly Smooth Stone"],"gold_per_floor":[112,125,140,160,160,160,176,187,187,205,219,394,406,77,77,176,176,193,193,170,185,196,214,228,74,98,98,108,108,126,139,139,139],"floor_reached":33,"campfire_rested":1,"playtime":4176,"current_hp_per_floor":[74,73,73,62,62,62,62,54,54,51,42,42,40,40,40,33,75,69,69,69,44,35,31,43,43,43,43,37,37,15,15,37,0],"items_purged":["Doubt"],"gold":139,"score":249,"play_id":"4ad51f6a-e690-44ae-8542-6f0cd3027d4a","local_time":"20180509003350","is_prod":false,"is_daily":false,"chose_seed":false,"is_ascension_mode":false,"campfire_upgraded":4,"timestamp":1525840430,"path_taken":["M","M","M","M","?","R","M","M","T","?","M","?","?","?","R","BOSS","M","?","?","M","M","M","M","$","T","R","M","R","M","M","R","BOSS"],"build_version":"2018-05-07","seed_source_timestamp":443631490855154,"purchased_purges":2,"victory":false,"master_deck":["Strike_B","Strike_B","Strike_B","Defend_B","Defend_B","Defend_B","Defend_B","Zap","Dualcast","Sweeping Beam","Auto Shields","Cold Snap","Darkness+1","Fusion","Leap","Heatsinks","Stack+1","Ball Lightning","Reprogram","Prime+1","Double Energy","Stack","Capacitor","Skim+1","Static Discharge+1","Static Discharge+1","Normality","Stack","Glacier","Impulse+1"],"max_hp_per_floor":[75,75,75,75,75,75,75,75,75,75,75,75,75,75,75,75,75,75,75,75,75,75,75,75,75,75,75,75,75,75,75,75,75],"relics":["Cracked Core","Question Card","Meat on the Bone","Cursed Key","Oddly Smooth Stone","Lantern"],"card_choices":[{"not_picked":["Hologram","Rip and Tear"],"picked":"Sweeping Beam","floor":1},{"not_picked":["Barrage","Sweeping Beam"],"picked":"Auto Shields","floor":2},{"not_picked":["Leap","Gash"],"picked":"Cold Snap","floor":3},{"not_picked":["Consume","Blizzard"],"picked":"Darkness","floor":4},{"not_picked":["BootSequence","Streamline"],"picked":"Leap","floor":7},{"not_picked":["Go for the Eyes","Steam Power"],"picked":"Heatsinks","floor":8},{"not_picked":["Impulse","Lockon","Leap"],"picked":"Stack","floor":10},{"not_picked":["Scrape","Biased Cognition","Stack"],"picked":"Ball Lightning","floor":11},{"not_picked":["Sweeping Beam","Hologram","Gash"],"picked":"Reprogram","floor":13},{"not_picked":["Fusion","All For One","Reboot"],"picked":"Prime","floor":16},{"not_picked":["Hologram","Coolheaded","Reinforced Body"],"picked":"Double Energy","floor":18},{"not_picked":["Axe Kick","Scrape","Skim"],"picked":"Capacitor","floor":21},{"not_picked":["Axe Kick","Capacitor","Chaos"],"picked":"Skim","floor":22},{"not_picked":["Leap","Skim","Sweeping Beam"],"picked":"Static Discharge","floor":23},{"not_picked":["All For One","Barrage","Melter"],"picked":"Static Discharge","floor":24},{"not_picked":["Steam Power","Go for the Eyes","Barrage"],"picked":"Stack","floor":28},{"not_picked":["Go for the Eyes","Leap","Ball Lightning"],"picked":"Glacier","floor":30},{"not_picked":["Tempest","Barrage","Axe Kick"],"picked":"Impulse","floor":31}],"player_experience":2098,"potions_floor_usage":[13,16,16,21,28,28,31,31,33,33],"damage_taken":[{"damage":1,"enemies":"2 Louse","floor":1,"turns":2},{"damage":1,"enemies":"Jaw Worm","floor":2,"turns":3},{"damage":0,"enemies":"Small Slimes","floor":3,"turns":4},{"damage":11,"enemies":"2 Fungi Beasts","floor":4,"turns":3},{"damage":0,"enemies":"Large Slime","floor":7,"turns":4},{"damage":8,"enemies":"Exordium Thugs","floor":8,"turns":4},{"damage":3,"enemies":"Exordium Wildlife","floor":10,"turns":3},{"damage":9,"enemies":"3 Louse","floor":11,"turns":4},{"damage":2,"enemies":"2 Fungi Beasts","floor":13,"turns":3},{"damage":19,"enemies":"Hexaghost","floor":16,"turns":11},{"damage":6,"enemies":"Spheric Guardian","floor":18,"turns":5},{"damage":25,"enemies":"Chosen","floor":21,"turns":5},{"damage":21,"enemies":"Snake Plant","floor":22,"turns":5},{"damage":16,"enemies":"Centurion and Healer","floor":23,"turns":8},{"damage":0,"enemies":"Snecko","floor":24,"turns":6},{"damage":18,"enemies":"Snake Plant","floor":28,"turns":4},{"damage":34,"enemies":"Cultist and Chosen","floor":30,"turns":5},{"damage":12,"enemies":"Sentry and Sphere","floor":31,"turns":3},{"damage":37,"enemies":"Automaton","floor":33,"turns":10}],"event_choices":[{"event_name":"Living Wall","player_choice":"Change","floor":5,"damage_taken":0},{"event_name":"Liars Game","player_choice":"agreed","floor":12,"damage_taken":0},{"event_name":"Ghosts","player_choice":"Ignored","floor":19,"damage_taken":0}],"boss_relics":[{"not_picked":["Ectoplasm","Runic Pyramid"],"picked":"Cursed Key"}],"potions_floor_spawned":[2,3,4,10,16,23,24,28,31],"seed_played":"5194459778457636205","killed_by":"Automaton","ascension_level":0,"is_trial":false}