{"gold_per_floor":[115,131,145,191,206,206,222,222,292,367,380,380,4,14,14,91,91,106,156,42,42,62,62,62,74,98,98,12,27,27,27],"floor_reached":31,"playtime":1082,"items_purged":["Strike_B"],"score":431,"play_id":"9171c2ad-fcff-4d7c-a2f6-a82ba2770e02","local_time":"20190205115823","is_ascension_mode":true,"campfire_choices":[{"data":"Lockon","floor":6.0,"key":"SMITH"},{"floor":8.0,"key":"REST"},{"data":"Zap","floor":12.0,"key":"SMITH"},{"floor":15.0,"key":"REST"},{"floor":27,"key":"REST"}],"neow_cost":"NONE","seed_source_timestamp":597853492991553,"circlet_count":0,"master_deck":["AscendersBane","Strike_B","Strike_B","Strike_B","Defend_B","Defend_B","Defend_B","Defend_B","Zap+1","Dualcast","White Noise","Lockon+1","Sweeping Beam","Melter","Capacitor","Capacitor","Conserve Battery","Rainbow","Compile Driver","Storm","Loop+1","All For One","BootSequence","BootSequence+1","Shame"],"special_seed":0,"relics":["Cracked Core","Juzu Bracelet","Sundial","Potion Belt","MealTicket","Fusion Hammer","Strawberry","Toxic Egg 2","Girya"],"potions_floor_usage":[25,29],"damage_taken":[{"damage":2.0,"enemies":"Cultist","floor":1.0,"turns":4.0},{"damage":4.0,"enemies":"Small Slimes","floor":2.0,"turns":4.0},{"damage":7.0,"enemies":"Jaw Worm","floor":3.0,"turns":3.0},{"damage":39.0,"enemies":"Gremlin Gang","floor":5.0,"turns":6.0},{"damage":6.0,"enemies":"3 Louse","floor":7.0,"turns":2.0},{"damage":20.0,"enemies":"Red Slaver","floor":11.0,"turns":4.0},{"damage":1.0,"enemies":"2 Fungi Beasts","floor":14.0,"turns":3.0},{"damage":35.0,"enemies":"Hexaghost","floor":16.0,"turns":12.0},{"damage":0.0,"enemies":"Spheric Guardian","floor":18.0,"turns":1.0},{"damage":60.0,"enemies":"3 Byrds","floor":22.0,"turns":6.0},{"damage":13,"enemies":"Centurion and Healer","floor":25,"turns":5},{"damage":33,"enemies":"Snake Plant","floor":29,"turns":6},{"damage":6,"enemies":"Shelled Parasite and Fungi","floor":31,"turns":2}],"seed_played":"6424413790602017731","potions_obtained":[{"floor":1.0,"key":"Dexterity Potion"},{"floor":3.0,"key":"Regen Potion"},{"floor":7.0,"key":"SpeedPotion"},{"floor":18.0,"key":"GamblersBrew"},{"floor":22.0,"key":"SteroidPotion"}],"is_trial":false,"path_per_floor":["M","M","M","T","M","R","M","R","T","?","M","R","$","M","R","B",null,"M","?","$","?","M","?","?","M","T","R","?","M","?","M"],"character_chosen":"DEFECT","items_purchased":["Potion Belt","MealTicket","Storm"],"campfire_rested":3,"item_purchase_floors":[13,13,20],"current_hp_per_floor":[69,65,58,58,34,34,28,51,51,40,20,20,20,19,42,7,60,60,60,75,75,15,15,15,2,9,34,34,1,1,0],"gold":27,"neow_bonus":"TEN_PERCENT_HP_BONUS","is_prod":false,"is_daily":false,"chose_seed":false,"campfire_upgraded":2,"win_rate":0,"timestamp":1549385903,"path_taken":["M","M","M","?","M","R","M","R","T","?","M","R","$","M","R","BOSS","M","?","$","?","M","?","?","M","T","R","?","M","?","M"],"build_version":"2019-01-23","purchased_purges":1,"victory":false,"max_hp_per_floor":[78,78,78,78,78,78,78,78,78,78,78,78,78,78,78,78,78,78,78,78,78,78,78,78,78,85,85,85,85,85,85],"card_choices":[{"not_picked":["Leap","Aggregate"],"picked":"White Noise","floor":1.0},{"not_picked":["Fusion","Stack"],"picked":"Lockon","floor":2.0},{"not_picked":["Double Energy","Hologram"],"picked":"Sweeping Beam","floor":3.0},{"not_picked":["Hologram","Doom and Gloom"],"picked":"Melter","floor":5.0},{"not_picked":["Storm","Tempest"],"picked":"Capacitor","floor":7.0},{"not_picked":["Rebound","Coolheaded"],"picked":"Capacitor","floor":11.0},{"not_picked":["Aggregate","Biased Cognition"],"picked":"Conserve Battery","floor":14.0},{"not_picked":["Reboot","Amplify"],"picked":"Rainbow","floor":16.0},{"not_picked":["Barrage","Hologram"],"picked":"Compile Driver","floor":18.0},{"not_picked":["Streamline","Coolheaded"],"picked":"Loop+1","floor":22.0},{"not_picked":["Steam","Gash"],"picked":"BootSequence","floor":25},{"not_picked":["Cold Snap","Gash"],"picked":"BootSequence+1","floor":29}],"player_experience":912917,"relics_obtained":[{"floor":4.0,"key":"Juzu Bracelet"},{"floor":9.0,"key":"Sundial"},{"floor":26,"key":"Strawberry"}],"event_choices":[{"damage_healed":0.0,"max_hp_gain":0.0,"max_hp_loss":0.0,"gold_gain":75.0,"event_name":"World of Goop","player_choice":"Gather Gold","floor":10.0,"gold_loss":0.0,"damage_taken":11.0},{"damage_healed":0.0,"max_hp_gain":0.0,"max_hp_loss":0.0,"gold_gain":100.0,"event_name":"The Joust","player_choice":"Bet on Murderer","floor":19.0,"gold_loss":50.0,"damage_taken":0.0},{"damage_healed":0.0,"max_hp_gain":0.0,"max_hp_loss":0.0,"gold_gain":0.0,"event_name":"Ghosts","player_choice":"Ignored","floor":21.0,"gold_loss":0.0,"damage_taken":0.0},{"damage_healed":0,"gold_gain":0,"player_choice":"1 cards matched","damage_taken":0,"max_hp_gain":0,"max_hp_loss":0,"event_name":"Match and Keep!","floor":23,"gold_loss":0,"cards_obtained":["All For One"]},{"damage_healed":0,"gold_gain":0,"player_choice":"Ignored","damage_taken":0,"max_hp_gain":0,"max_hp_loss":0,"event_name":"Beggar","floor":24,"gold_loss":0},{"damage_healed":0,"gold_gain":0,"player_choice":"Paid Gold","damage_taken":0,"relics_obtained":["Toxic Egg 2"],"max_hp_gain":0,"max_hp_loss":0,"event_name":"WeMeetAgain","floor":28,"gold_loss":86},{"damage_healed":0,"gold_gain":0,"player_choice":"Stole Relic","damage_taken":0,"relics_obtained":["Girya"],"max_hp_gain":0,"max_hp_loss":0,"event_name":"Addict","floor":30,"gold_loss":0,"cards_obtained":["Shame"]}],"is_beta":true,"boss_relics":[{"not_picked":["Coffee Dripper","Velvet Choker"],"picked":"Fusion Hammer"}],"items_purged_floors":[20],"is_endless":false,"potions_floor_spawned":[1,3,7,18,22],"killed_by":"Shelled Parasite and Fungi","ascension_level":18}