{"gold_per_floor":[112,130,140,140,106,106,381,381,381,413,413,116,128,160,160,255,255,195,195,195,195,195,195,120,120,120,120,0,0,0,0,0,0,0,0,0,0,0,0,0,0,0,0,0,0,0,0],"floor_reached":47,"playtime":2729,"items_purged":["Regret"],"score":463,"play_id":"f49c221c-03ba-425d-ad31-21bedbbd7bcf","local_time":"20190715151037","is_ascension_mode":false,"campfire_choices":[{"data":"Caltrops","floor":6,"key":"SMITH"},{"data":"Footwork","floor":8,"key":"SMITH"},{"data":"Neutralize","floor":11,"key":"SMITH"},{"floor":15,"key":"REST"},{"data":"Accuracy","floor":23,"key":"SMITH"},{"data":"Noxious Fumes","floor":25,"key":"SMITH"},{"data":"Well Laid Plans","floor":30,"key":"SMITH"},{"floor":32,"key":"REST"},{"floor":40,"key":"RECALL"},{"data":"Caltrops","floor":42,"key":"SMITH"}],"neow_cost":"NONE","seed_source_timestamp":340741368161418,"circlet_count":0,"master_deck":["Strike_G","Strike_G","Strike_G","Strike_G","Defend_G","Defend_G","Defend_G","Defend_G+1","Defend_G+1","Survivor","Neutralize+1","Blur","Poisoned Stab","Footwork+1","Caltrops+1","Infinite Blades","Accuracy+1","Noxious Fumes+1","Catalyst+1","After Image","Backflip+1","Well Laid Plans+1","Outmaneuver+1","Blade Dance+1","Blade Dance+1","Storm of Steel+1","Caltrops+1"],"relics":["Ring of the Snake","NeowsBlessing","Ninja Scroll","Matryoshka","Bottled Flame","Vajra","Toxic Egg 2","Ectoplasm","Singing Bowl","Pantograph","War Paint","Tiny Chest","Busted Crown","Bronze Scales","Mercury Hourglass"],"potions_floor_usage":[14,16,27,33,39,46,47,47],"damage_taken":[{"damage":0,"enemies":"Cultist","floor":1,"turns":1},{"damage":0,"enemies":"Jaw Worm","floor":2,"turns":1},{"damage":0,"enemies":"2 Louse","floor":3,"turns":1},{"damage":39,"enemies":"3 Sentries","floor":10,"turns":10},{"damage":0,"enemies":"Looter","floor":13,"turns":2},{"damage":6,"enemies":"Gremlin Nob","floor":14,"turns":4},{"damage":20,"enemies":"Hexaghost","floor":16,"turns":8},{"damage":9,"enemies":"2 Thieves","floor":18,"turns":4},{"damage":9,"enemies":"Spheric Guardian","floor":21,"turns":4},{"damage":1,"enemies":"Snecko","floor":22,"turns":7},{"damage":7,"enemies":"Snake Plant","floor":27,"turns":5},{"damage":15,"enemies":"Sentry and Sphere","floor":29,"turns":7},{"damage":10,"enemies":"Shelled Parasite and Fungi","floor":31,"turns":6},{"damage":41,"enemies":"Champ","floor":33,"turns":12},{"damage":9,"enemies":"3 Shapes","floor":35,"turns":4},{"damage":2,"enemies":"Orb Walker","floor":38,"turns":2},{"damage":0,"enemies":"3 Darklings","floor":39,"turns":5},{"damage":19,"enemies":"Spire Growth","floor":44,"turns":5},{"damage":11,"enemies":"Reptomancer","floor":46,"turns":7},{"damage":48,"enemies":"2 Orb Walkers","floor":47,"turns":4}],"seed_played":"8738184298855077178","potions_obtained":[{"floor":3,"key":"Block Potion"},{"floor":10,"key":"FearPotion"},{"floor":13,"key":"Dexterity Potion"},{"floor":14,"key":"Poison Potion"},{"floor":21,"key":"PowerPotion"},{"floor":22,"key":"AttackPotion"},{"floor":31,"key":"SkillPotion"},{"floor":33,"key":"FearPotion"},{"floor":38,"key":"LiquidBronze"},{"floor":39,"key":"GhostInAJar"},{"floor":41,"key":"Explosive Potion"}],"is_trial":false,"path_per_floor":["M","M","M","T","$","R","?","R","T","E","R","$","M","E","R","B",null,"M","T","?","M","M","R","?","R","T","M","?","M","R","M","R","B",null,"M","?","?","M","M","R","?","R","T","M","?","E","?"],"character_chosen":"THE_SILENT","items_purchased":["Caltrops","Accuracy","Vajra"],"campfire_rested":2,"item_purchase_floors":[5,12,12],"current_hp_per_floor":[70,70,70,70,70,70,70,70,70,31,31,31,31,25,46,26,70,61,61,61,54,53,53,53,53,53,46,46,31,31,21,42,26,72,65,67,67,67,67,67,67,67,67,50,50,41,0],"gold":0,"neow_bonus":"THREE_ENEMY_KILL","is_prod":false,"is_daily":false,"chose_seed":false,"campfire_upgraded":7,"win_rate":0,"timestamp":1563221437,"path_taken":["M","?","M","?","$","R","?","R","T","E","R","$","?","E","R","BOSS","M","?","?","M","M","R","?","R","T","M","?","M","R","M","R","BOSS","M","?","?","M","M","R","?","R","T","?","?","E","?"],"build_version":"2019-07-05","purchased_purges":1,"victory":false,"max_hp_per_floor":[70,70,70,70,70,70,70,70,70,70,70,70,70,70,70,70,70,70,70,70,72,72,72,72,72,72,72,72,72,72,72,72,72,72,74,76,72,74,74,74,74,74,74,76,76,78,78],"card_choices":[{"not_picked":["Sucker Punch","Underhanded Strike"],"picked":"Blur","floor":1},{"not_picked":["Slice","Deflect"],"picked":"Poisoned Stab","floor":2},{"not_picked":["PiercingWail","Poisoned Stab"],"picked":"Footwork","floor":3},{"not_picked":["Tools of the Trade","Dagger Throw"],"picked":"Infinite Blades","floor":10},{"not_picked":["Terror","Underhanded Strike"],"picked":"Noxious Fumes","floor":13},{"not_picked":["Tactician","Dash"],"picked":"Catalyst","floor":14},{"not_picked":["Bullet Time+1","Adrenaline+1"],"picked":"After Image","floor":16},{"not_picked":["Skewer","Dagger Throw"],"picked":"Backflip+1","floor":18},{"not_picked":["Poisoned Stab","Quick Slash","Endless Agony"],"picked":"Singing Bowl","floor":21},{"not_picked":["Underhanded Strike+1","Dagger Spray"],"picked":"Well Laid Plans","floor":22},{"not_picked":["Backflip+1","Dagger Spray+1"],"picked":"Outmaneuver+1","floor":27},{"not_picked":["Acrobatics+1","Backflip+1"],"picked":"Blade Dance+1","floor":29},{"not_picked":["Distraction+1","Prepared+1"],"picked":"Blade Dance+1","floor":31},{"not_picked":["Phantasmal Killer+1","Die Die Die"],"picked":"Storm of Steel+1","floor":33},{"not_picked":["Dagger Spray"],"picked":"Singing Bowl","floor":35},{"not_picked":["Chrysalis+1"],"picked":"Singing Bowl","floor":36},{"not_picked":["Dagger Spray+1"],"picked":"Singing Bowl","floor":38},{"not_picked":[],"picked":"Caltrops","floor":39},{"not_picked":["Dagger Spray"],"picked":"Singing Bowl","floor":44},{"not_picked":["Acrobatics+1"],"picked":"Singing Bowl","floor":46}],"player_experience":133071,"relics_obtained":[{"floor":4,"key":"Ninja Scroll"},{"floor":9,"key":"Matryoshka"},{"floor":10,"key":"Bottled Flame"},{"floor":14,"key":"Toxic Egg 2"},{"floor":19,"key":"Singing Bowl"},{"floor":26,"key":"War Paint"},{"floor":26,"key":"Tiny Chest"},{"floor":43,"key":"Bronze Scales"},{"floor":46,"key":"Mercury Hourglass"}],"event_choices":[{"damage_healed":0,"gold_gain":275,"player_choice":"Desecrate","damage_taken":0,"max_hp_gain":0,"max_hp_loss":0,"event_name":"Golden Shrine","floor":7,"gold_loss":0,"cards_obtained":["Regret"]},{"damage_healed":0,"gold_gain":0,"player_choice":"Opened","damage_taken":0,"relics_obtained":["Pantograph"],"max_hp_gain":0,"max_hp_loss":0,"event_name":"The Mausoleum","floor":20,"gold_loss":0,"cards_obtained":["Writhe"]},{"cards_removed":["Writhe"],"damage_healed":0,"gold_gain":0,"player_choice":"Gave Gold","damage_taken":0,"max_hp_gain":0,"max_hp_loss":0,"event_name":"Beggar","floor":24,"gold_loss":75},{"damage_healed":0,"gold_gain":0,"player_choice":"Paid Fearfully","damage_taken":0,"max_hp_gain":0,"max_hp_loss":0,"event_name":"Masked Bandits","floor":28,"gold_loss":120},{"damage_healed":0,"gold_gain":0,"player_choice":"Memory 1","damage_taken":0,"max_hp_gain":0,"max_hp_loss":0,"event_name":"SensoryStone","floor":36,"gold_loss":0},{"damage_healed":0,"gold_gain":0,"player_choice":"Max HP","damage_taken":0,"max_hp_gain":0,"max_hp_loss":4,"event_name":"Winding Halls","floor":37,"gold_loss":0},{"damage_healed":0,"gold_gain":0,"player_choice":"Got Potions","damage_taken":0,"max_hp_gain":0,"max_hp_loss":0,"event_name":"Lab","floor":41,"gold_loss":0},{"cards_removed":["Strike_G"],"damage_healed":0,"gold_gain":0,"player_choice":"Removed Attack","damage_taken":0,"max_hp_gain":0,"max_hp_loss":0,"event_name":"Falling","floor":45,"gold_loss":0},{"damage_healed":0,"gold_gain":0,"player_choice":"Fight","damage_taken":0,"max_hp_gain":0,"max_hp_loss":0,"event_name":"Mysterious Sphere","floor":47,"gold_loss":0}],"is_beta":false,"boss_relics":[{"not_picked":["White Beast Statue","Calling Bell"],"picked":"Ectoplasm"},{"not_picked":["Snecko Eye","Runic Dome"],"picked":"Busted Crown"}],"items_purged_floors":[12],"is_endless":false,"potions_floor_spawned":[3,10,13,14,21,22,31,33,38,39],"killed_by":"2 Orb Walkers","ascension_level":0}