{"gold_per_floor":[119,137,137,40,40,68,68,68,68,100,117,130,30,42,42,114,114,128,128,28,28,28,62,79,79,151,181,181,106,106,121,121,121],"floor_reached":33,"playtime":1053,"items_purged":["Strike_R","Writhe"],"score":580,"play_id":"a2c9dd0a-e704-4029-86ed-9db67f4d5d4c","local_time":"20190717213436","is_ascension_mode":true,"campfire_choices":[{"data":"Panacea","floor":7,"key":"SMITH"},{"data":"Limit Break","floor":15,"key":"SMITH"},{"floor":25,"key":"REST"},{"data":"Berserk","floor":32,"key":"SMITH"}],"neow_cost":"NONE","seed_source_timestamp":1901408512972300,"circlet_count":0,"master_deck":["AscendersBane","Strike_R+1","Strike_R+1","Strike_R+1","Defend_R+1","Defend_R+1","Defend_R+1","Defend_R+1","Bash+1","Pummel","Pummel","Panacea+1","Limit Break+1","Shrug It Off","Cleave","Clash","Shrug It Off","Offering","Berserk+1","Second Wind","Heavy Blade","Anger","Spot Weakness","Shockwave"],"relics":["Burning Blood","NeowsBlessing","Red Skull","Dodecahedron","Bag of Preparation","Orichalcum","Mark of Pain","Regal Pillow","MutagenicStrength","Juzu Bracelet","Meat on the Bone","Darkstone Periapt","Nilry\u0027s Codex"],"potions_floor_usage":[10,16,16,18,27],"damage_taken":[{"damage":0,"enemies":"2 Louse","floor":1,"turns":1},{"damage":0,"enemies":"Jaw Worm","floor":2,"turns":1},{"damage":0,"enemies":"3 Sentries","floor":6,"turns":2},{"damage":39,"enemies":"Lagavulin","floor":10,"turns":4},{"damage":0,"enemies":"Small Slimes","floor":11,"turns":2},{"damage":5,"enemies":"Looter","floor":12,"turns":2},{"damage":4,"enemies":"Large Slime","floor":14,"turns":2},{"damage":21,"enemies":"The Guardian","floor":16,"turns":7},{"damage":48,"enemies":"2 Thieves","floor":18,"turns":5},{"damage":6,"enemies":"Gremlin Leader","floor":23,"turns":3},{"damage":0,"enemies":"Chosen","floor":24,"turns":3},{"damage":7,"enemies":"Slavers","floor":27,"turns":5},{"damage":6,"enemies":"Shelled Parasite and Fungi","floor":31,"turns":2},{"damage":61,"enemies":"Champ","floor":33,"turns":7}],"seed_played":"-8514698735897072359","potions_obtained":[{"floor":6,"key":"AttackPotion"},{"floor":11,"key":"LiquidBronze"},{"floor":12,"key":"SkillPotion"},{"floor":16,"key":"BloodPotion"},{"floor":24,"key":"PowerPotion"}],"is_trial":false,"path_per_floor":["M","M","?","$","?","E","R","?","T","E","M","M","$","M","R","B",null,"M","?","$","?","?","E","M","R","T","E","?","?","?","M","R","B"],"character_chosen":"IRONCLAD","items_purchased":["Panacea","Shrug It Off"],"campfire_rested":1,"item_purchase_floors":[4,13],"current_hp_per_floor":[74,75,60,60,60,66,66,54,54,21,27,28,28,30,30,15,60,36,36,36,36,36,36,42,75,75,74,74,74,58,58,58,0],"gold":121,"neow_bonus":"THREE_ENEMY_KILL","is_prod":false,"is_daily":false,"chose_seed":false,"campfire_upgraded":3,"win_rate":0,"timestamp":1563413676,"path_taken":["M","M","?","$","?","E","R","?","T","E","M","M","?","M","R","BOSS","M","?","$","?","?","E","M","R","T","E","?","?","?","M","R","BOSS"],"build_version":"2019-07-17","purchased_purges":2,"victory":false,"max_hp_per_floor":[75,75,75,75,75,75,75,75,75,75,75,75,75,75,75,75,75,75,75,75,75,75,75,75,75,75,75,75,75,75,75,75,75],"card_choices":[{"not_picked":["Pommel Strike","Body Slam"],"picked":"Pummel","floor":1},{"not_picked":["Havoc","Rupture"],"picked":"Pummel","floor":2},{"not_picked":["Headbutt","Infernal Blade"],"picked":"Limit Break","floor":6},{"not_picked":["Twin Strike","Sword Boomerang"],"picked":"Shrug It Off","floor":10},{"not_picked":["Pommel Strike","Clothesline"],"picked":"Cleave","floor":11},{"not_picked":["Warcry","Sever Soul"],"picked":"Clash","floor":12},{"not_picked":["Headbutt","Cleave"],"picked":"Offering","floor":14},{"not_picked":["Brutality","Double Tap"],"picked":"Berserk","floor":16},{"not_picked":["Armaments","Combust"],"picked":"Second Wind","floor":18},{"not_picked":["Iron Wave","Havoc","Perfected Strike"],"picked":"SKIP","floor":23},{"not_picked":["Uppercut","Rage"],"picked":"Heavy Blade","floor":24},{"not_picked":["Feel No Pain","Flex"],"picked":"Anger","floor":27},{"not_picked":["Shrug It Off","Infernal Blade"],"picked":"Shockwave","floor":31}],"player_experience":658818,"relics_obtained":[{"floor":6,"key":"Red Skull"},{"floor":9,"key":"Bag of Preparation"},{"floor":10,"key":"Orichalcum"},{"floor":23,"key":"Juzu Bracelet"},{"floor":26,"key":"Meat on the Bone"},{"floor":27,"key":"Darkstone Periapt"},{"floor":30,"key":"Nilry\u0027s Codex"}],"event_choices":[{"damage_healed":0,"gold_gain":0,"player_choice":"Entered Light","damage_taken":15,"max_hp_gain":0,"max_hp_loss":0,"event_name":"Shining Light","floor":3,"gold_loss":0,"cards_upgraded":["Strike_R","Defend_R"]},{"damage_healed":0,"gold_gain":0,"player_choice":"Grow","damage_taken":0,"max_hp_gain":0,"max_hp_loss":0,"event_name":"Living Wall","floor":5,"gold_loss":0,"cards_upgraded":["Bash"]},{"damage_healed":0,"gold_gain":0,"player_choice":"Success","damage_taken":12,"relics_obtained":["Dodecahedron"],"max_hp_gain":0,"max_hp_loss":0,"event_name":"Scrap Ooze","floor":8,"gold_loss":0},{"damage_healed":0,"gold_gain":0,"player_choice":"Opened","damage_taken":0,"relics_obtained":["Regal Pillow"],"max_hp_gain":0,"max_hp_loss":0,"event_name":"The Mausoleum","floor":19,"gold_loss":0,"cards_obtained":["Writhe"]},{"damage_healed":0,"gold_gain":0,"player_choice":"Simplicity","damage_taken":0,"max_hp_gain":0,"max_hp_loss":0,"event_name":"Back to Basics","floor":21,"gold_loss":0,"cards_upgraded":["Strike_R","Strike_R","Strike_R","Defend_R","Defend_R","Defend_R"]},{"damage_healed":0,"gold_gain":0,"player_choice":"Inject Mutagens","damage_taken":0,"relics_obtained":["MutagenicStrength"],"max_hp_gain":0,"max_hp_loss":0,"event_name":"Drug Dealer","floor":22,"gold_loss":0},{"damage_healed":0,"gold_gain":0,"player_choice":"Read","damage_taken":0,"max_hp_gain":0,"max_hp_loss":0,"event_name":"The Library","floor":28,"gold_loss":0,"cards_obtained":["Spot Weakness"]},{"cards_removed":["Strike_R"],"damage_healed":0,"gold_gain":0,"player_choice":"Gave Gold","damage_taken":0,"max_hp_gain":0,"max_hp_loss":0,"event_name":"Beggar","floor":29,"gold_loss":75},{"damage_healed":0,"gold_gain":0,"player_choice":"Obtained Book","damage_taken":16,"max_hp_gain":0,"max_hp_loss":0,"event_name":"Cursed Tome","floor":30,"gold_loss":0}],"is_beta":false,"boss_relics":[{"not_picked":["Orrery","Runic Dome"],"picked":"Mark of Pain"}],"items_purged_floors":[13,20],"is_endless":false,"potions_floor_spawned":[6,11,12,16,24],"killed_by":"Champ","ascension_level":14}