{"gold_per_floor":[115,129,129,129,129,129,150,164,164,202,221,245,270,286,286,414,414,339,339,339,339,339,339,339,339,339,339,339,339,339,339,339,339,339,339,339,339,339,264,264,264,264,264,264,264],"floor_reached":45,"playtime":5805,"items_purged":["Flex+1"],"score":671,"play_id":"c22ef5f1-430c-4b3a-834c-57a8acc5aef1","local_time":"20190703220138","is_ascension_mode":false,"campfire_choices":[{"data":"Double Tap","floor":6,"key":"SMITH"},{"floor":15,"key":"REST"},{"data":"Berserk","floor":24,"key":"SMITH"},{"floor":28,"key":"REST"},{"data":"Flame Barrier","floor":32,"key":"SMITH"},{"floor":44,"key":"REST"}],"neow_cost":"NONE","seed_source_timestamp":976306734019573,"circlet_count":0,"master_deck":["Strike_R","Strike_R","Defend_R","Defend_R","Defend_R","Defend_R","Bash","Flame Barrier","Sever Soul","Flame Barrier+1","Double Tap+1","Barricade","Armaments+1","Body Slam","Ghostly Armor+1","Brutality","Entrench+1","Headbutt","Berserk+1","Warcry+1","True Grit+1","Shrug It Off+1","Entrench+1"],"relics":["Snecko Eye","Golden Idol","Toxic Egg 2","Gremlin Horn","Ectoplasm","Bag of Preparation","Letter Opener","Blood Vial","Busted Crown","PreservedInsect","Bottled Lightning","Mercury Hourglass"],"potions_floor_usage":[40,40],"damage_taken":[{"damage":0,"enemies":"Cultist","floor":1,"turns":4},{"damage":0,"enemies":"Small Slimes","floor":2,"turns":5},{"damage":0,"enemies":"2 Louse","floor":7,"turns":2},{"damage":0,"enemies":"Large Slime","floor":8,"turns":4},{"damage":0,"enemies":"Lagavulin","floor":10,"turns":8},{"damage":0,"enemies":"Red Slaver","floor":11,"turns":2},{"damage":0,"enemies":"3 Louse","floor":12,"turns":3},{"damage":0,"enemies":"Large Slime","floor":13,"turns":6},{"damage":0,"enemies":"Exordium Wildlife","floor":14,"turns":3},{"damage":0,"enemies":"The Guardian","floor":16,"turns":6},{"damage":11,"enemies":"2 Thieves","floor":18,"turns":4},{"damage":2,"enemies":"Shell Parasite","floor":19,"turns":5},{"damage":4,"enemies":"3 Cultists","floor":22,"turns":6},{"damage":10,"enemies":"Centurion and Healer","floor":23,"turns":10},{"damage":11,"enemies":"Book of Stabbing","floor":25,"turns":7},{"damage":0,"enemies":"Snake Plant","floor":27,"turns":3},{"damage":0,"enemies":"Cultist and Chosen","floor":29,"turns":6},{"damage":0,"enemies":"Snecko","floor":30,"turns":3},{"damage":0,"enemies":"Slavers","floor":31,"turns":5},{"damage":9,"enemies":"Automaton","floor":33,"turns":9},{"damage":0,"enemies":"Orb Walker","floor":35,"turns":4},{"damage":0,"enemies":"3 Darklings","floor":37,"turns":7},{"damage":9,"enemies":"Writhing Mass","floor":38,"turns":6},{"damage":52,"enemies":"Reptomancer","floor":40,"turns":5},{"damage":0,"enemies":"Nemesis","floor":42,"turns":3},{"damage":57,"enemies":"Transient","floor":45,"turns":5}],"seed_played":"-4919625566732348242","potions_obtained":[{"floor":2,"key":"PowerPotion"},{"floor":10,"key":"AttackPotion"},{"floor":12,"key":"SpeedPotion"},{"floor":29,"key":"LiquidBronze"}],"is_trial":false,"path_per_floor":["M","M","?","?","?","R","M","M","T","E","M","M","M","M","R","B",null,"M","M","?","?","M","M","R","E","T","M","R","M","M","E","R","B",null,"M","?","M","M","$","E","?","E","T","R","M"],"character_chosen":"IRONCLAD","items_purchased":[],"campfire_rested":3,"item_purchase_floors":[],"current_hp_per_floor":[80,80,80,60,60,60,60,60,60,60,60,60,60,60,80,80,80,69,67,67,67,63,53,53,42,42,42,66,66,66,66,66,59,80,80,80,80,71,71,21,21,23,23,47,0],"gold":264,"neow_bonus":"BOSS_RELIC","is_prod":false,"is_daily":false,"chose_seed":false,"campfire_upgraded":3,"win_rate":0.0,"timestamp":1562216498,"path_taken":["M","?","?","?","?","R","M","M","T","E","M","M","?","M","R","BOSS","M","M","?","?","M","M","R","E","T","M","R","M","M","E","R","BOSS","M","?","M","M","$","E","?","E","T","R","M"],"build_version":"2019-07-01","purchased_purges":1,"victory":false,"max_hp_per_floor":[80,80,80,80,80,80,80,80,80,80,80,80,80,80,80,80,80,80,80,80,80,80,80,80,80,80,80,80,80,80,80,80,80,80,80,80,80,80,80,80,80,80,80,80,80],"card_choices":[{"not_picked":["Pommel Strike","Cleave"],"picked":"Flame Barrier","floor":1},{"not_picked":["Anger","Sword Boomerang"],"picked":"Sever Soul","floor":2},{"not_picked":["Sword Boomerang","Pummel","Reckless Charge"],"picked":"SKIP","floor":7},{"not_picked":["Spot Weakness","Warcry"],"picked":"Barricade","floor":8},{"not_picked":["Shrug It Off+1","Second Wind+1"],"picked":"Armaments+1","floor":10},{"not_picked":["Bloodletting+1","Rampage","Iron Wave"],"picked":"SKIP","floor":11},{"not_picked":["Anger","Seeing Red+1"],"picked":"Flex+1","floor":12},{"not_picked":["Heavy Blade","Uppercut"],"picked":"Body Slam","floor":13},{"not_picked":["Anger","Sever Soul"],"picked":"Ghostly Armor+1","floor":14},{"not_picked":["Reaper","Offering+1"],"picked":"Brutality","floor":16},{"not_picked":["True Grit+1","Carnage+1"],"picked":"Entrench+1","floor":18},{"not_picked":["Power Through+1","Hemokinesis"],"picked":"Headbutt","floor":19},{"not_picked":["Iron Wave","Cleave"],"picked":"True Grit+1","floor":22},{"not_picked":["Hemokinesis","True Grit+1"],"picked":"Shrug It Off+1","floor":23},{"not_picked":["Flex+1","Sword Boomerang","Burning Pact+1"],"picked":"SKIP","floor":25},{"not_picked":["Armaments+1","Shrug It Off+1"],"picked":"Entrench+1","floor":27},{"not_picked":["Pommel Strike+1","Thunderclap","Perfected Strike"],"picked":"SKIP","floor":29},{"not_picked":["Shrug It Off+1","Sword Boomerang","Sever Soul"],"picked":"SKIP","floor":30},{"not_picked":["Entrench+1","Infernal Blade+1","Armaments+1"],"picked":"SKIP","floor":31},{"not_picked":["Burning Pact+1"],"picked":"SKIP","floor":35},{"not_picked":["Armaments+1"],"picked":"SKIP","floor":37},{"not_picked":["Sever Soul+1"],"picked":"SKIP","floor":38},{"not_picked":["Thunderclap"],"picked":"SKIP","floor":40},{"not_picked":["Dual Wield+1"],"picked":"SKIP","floor":42}],"player_experience":15470,"relics_obtained":[{"floor":9,"key":"Toxic Egg 2"},{"floor":10,"key":"Gremlin Horn"},{"floor":25,"key":"Bag of Preparation"},{"floor":26,"key":"Letter Opener"},{"floor":31,"key":"Blood Vial"},{"floor":40,"key":"PreservedInsect"},{"floor":42,"key":"Bottled Lightning"},{"floor":43,"key":"Mercury Hourglass"}],"event_choices":[{"damage_healed":0,"gold_gain":0,"player_choice":"Ignored","damage_taken":0,"max_hp_gain":0,"max_hp_loss":0,"event_name":"Liars Game","floor":3,"gold_loss":0},{"damage_healed":0,"gold_gain":0,"player_choice":"Take Damage","damage_taken":20,"relics_obtained":["Golden Idol"],"max_hp_gain":0,"max_hp_loss":0,"event_name":"Golden Idol","floor":4,"gold_loss":0},{"damage_healed":0,"gold_gain":0,"player_choice":"2 cards matched","damage_taken":0,"max_hp_gain":0,"max_hp_loss":0,"event_name":"Match and Keep!","floor":5,"gold_loss":0,"cards_obtained":["Flame Barrier","Double Tap"]},{"damage_healed":0,"gold_gain":0,"player_choice":"2 cards matched","damage_taken":0,"max_hp_gain":0,"max_hp_loss":0,"event_name":"Match and Keep!","floor":5,"gold_loss":0,"cards_obtained":["Flame Barrier","Double Tap"]},{"damage_healed":0,"gold_gain":0,"cards_transformed":["Strike_R","Strike_R"],"player_choice":"Became Test Subject","damage_taken":0,"max_hp_gain":0,"max_hp_loss":0,"event_name":"Drug Dealer","floor":20,"gold_loss":0,"cards_obtained":["Berserk","Warcry"]},{"damage_healed":0,"gold_gain":0,"player_choice":"Ignored","damage_taken":0,"max_hp_gain":0,"max_hp_loss":0,"event_name":"The Mausoleum","floor":21,"gold_loss":0},{"damage_healed":0,"gold_gain":0,"player_choice":"Ignored","damage_taken":0,"max_hp_gain":0,"max_hp_loss":0,"event_name":"Tomb of Lord Red Mask","floor":36,"gold_loss":0},{"cards_removed":["Strike_R"],"damage_healed":0,"gold_gain":0,"player_choice":"Purged","damage_taken":0,"max_hp_gain":0,"max_hp_loss":0,"event_name":"Purifier","floor":41,"gold_loss":0}],"is_beta":false,"boss_relics":[{"not_picked":["Tiny House","Orrery"],"picked":"Ectoplasm"},{"not_picked":["Eternal Feather","Black Star"],"picked":"Busted Crown"}],"items_purged_floors":[39],"is_endless":false,"potions_floor_spawned":[2,10,12,14,19,22,23,27,29,35,38],"killed_by":"Transient","ascension_level":0}