{"gold_per_floor":[111,131,144,219,237,237,248,248,271,271,271,309,309,324,324,324],"floor_reached":16,"playtime":543,"items_purged":[],"score":194,"play_id":"67897d12-1bf7-45af-9856-971e8f0f6b00","local_time":"20190206143352","is_ascension_mode":true,"campfire_choices":[{"data":"Go for the Eyes","floor":6.0,"key":"SMITH"},{"data":"Zap","floor":8.0,"key":"SMITH"},{"data":"Reprogram","floor":11.0,"key":"SMITH"},{"floor":15,"key":"REST"}],"neow_cost":"NONE","seed_source_timestamp":694128034928921,"circlet_count":0,"master_deck":["AscendersBane","Strike_B","Strike_B","Strike_B","Strike_B","Defend_B","Defend_B","Defend_B","Defend_B","Zap+1","Dualcast","Go for the Eyes","Go for the Eyes+1","Cold Snap","Reprogram+1","Core Surge","Injury","Melter","Loop","BootSequence"],"special_seed":0,"relics":["Cracked Core","Dream Catcher","Golden Idol","PreservedInsect"],"potions_floor_usage":[14,16],"damage_taken":[{"damage":1.0,"enemies":"2 Louse","floor":1.0,"turns":3.0},{"damage":2.0,"enemies":"Small Slimes","floor":2.0,"turns":2.0},{"damage":4.0,"enemies":"Jaw Worm","floor":3.0,"turns":3.0},{"damage":0.0,"enemies":"Large Slime","floor":5.0,"turns":6.0},{"damage":6.0,"enemies":"2 Fungi Beasts","floor":7.0,"turns":3.0},{"damage":24,"enemies":"Lagavulin","floor":12,"turns":8},{"damage":0,"enemies":"Lots of Slimes","floor":14,"turns":2},{"damage":49,"enemies":"Slime Boss","floor":16,"turns":10}],"seed_played":"5580576112628591056","potions_obtained":[{"floor":1.0,"key":"EntropicBrew"},{"floor":3.0,"key":"Dexterity Potion"},{"floor":7.0,"key":"Explosive Potion"}],"is_trial":false,"path_per_floor":["M","M","M","?","M","R","M","R","T","?","R","E","?","M","R","B"],"character_chosen":"DEFECT","items_purchased":[],"campfire_rested":1,"item_purchase_floors":[],"current_hp_per_floor":[70,68,64,53,53,53,47,47,47,47,47,23,23,23,46,0],"gold":324,"neow_bonus":"TEN_PERCENT_HP_BONUS","is_prod":false,"is_daily":false,"chose_seed":false,"campfire_upgraded":3,"win_rate":0,"timestamp":1549481632,"path_taken":["M","M","M","?","M","R","M","R","T","?","R","E","?","M","R","BOSS"],"build_version":"2019-01-23","purchased_purges":0,"victory":false,"max_hp_per_floor":[78,78,78,78,78,78,78,78,78,78,78,78,78,78,78,78],"card_choices":[{"not_picked":["Redo","Hologram"],"picked":"Go for the Eyes","floor":1.0},{"not_picked":["Redo","Gash"],"picked":"Go for the Eyes","floor":2.0},{"not_picked":["Streamline","Turbo"],"picked":"Cold Snap","floor":3.0},{"not_picked":["Darkness","Turbo"],"picked":"Reprogram","floor":5.0},{"not_picked":["Consume","Scrape"],"picked":"Core Surge","floor":7.0},{"not_picked":["Sweeping Beam","Hologram"],"picked":"Melter","floor":12},{"not_picked":["Capacitor","Conserve Battery"],"picked":"Loop","floor":14},{"not_picked":["Compile Driver","Aggregate"],"picked":"BootSequence","floor":15}],"player_experience":919851,"relics_obtained":[{"floor":9.0,"key":"Dream Catcher"},{"floor":12,"key":"PreservedInsect"}],"event_choices":[{"damage_healed":0.0,"max_hp_gain":0.0,"max_hp_loss":0.0,"gold_gain":75.0,"event_name":"World of Goop","player_choice":"Gather Gold","floor":4.0,"gold_loss":0.0,"damage_taken":11.0},{"damage_healed":0.0,"max_hp_gain":0.0,"max_hp_loss":0.0,"gold_gain":0.0,"event_name":"Golden Idol","player_choice":"Take Wound","floor":10.0,"gold_loss":0.0,"damage_taken":0.0,"relics_obtained":["Golden Idol"],"cards_obtained":["Injury"]},{"damage_healed":0,"gold_gain":0,"player_choice":"Ignored","damage_taken":0,"max_hp_gain":0,"max_hp_loss":0,"event_name":"Shining Light","floor":13,"gold_loss":0}],"is_beta":true,"boss_relics":[],"items_purged_floors":[],"is_endless":false,"potions_floor_spawned":[1,3,7],"killed_by":"Slime Boss","ascension_level":18}