{"gold_per_floor":[114,130,130,205,205,205,215,215,215,232,251,267,267,283,283,383,383,399,324,341,351,370,387,387,387,432,432],"floor_reached":27,"playtime":1526,"items_purged":[],"score":234,"play_id":"8c6c44ee-df6e-4120-ac33-1aa96125b30a","local_time":"20181110100156","is_ascension_mode":false,"campfire_choices":[{"data":"Genetic Algorithm","floor":6,"key":"SMITH"},{"data":"Loop","floor":15,"key":"SMITH"},{"data":"Buffer","floor":24,"key":"SMITH"}],"neow_cost":"NONE","seed_source_timestamp":233869560388414,"circlet_count":0,"master_deck":["Strike_B","Defend_B","Defend_B+1","Defend_B+1","Defend_B","Zap","Dualcast","Cold Snap","Genetic Algorithm+1","Electrodynamics","Loop+1","BootSequence","Buffer+1","Go for the Eyes","Recycle","Blizzard"],"relics":["Cracked Core","War Paint","Meat on the Bone","Nuclear Battery","Strawberry"],"potions_floor_usage":[16,27],"damage_taken":[{"damage":1,"enemies":"Jaw Worm","floor":1,"turns":4},{"damage":0,"enemies":"2 Louse","floor":2,"turns":3},{"damage":0,"enemies":"Small Slimes","floor":7,"turns":4},{"damage":6,"enemies":"Gremlin Gang","floor":10,"turns":2},{"damage":4,"enemies":"Red Slaver","floor":11,"turns":3},{"damage":8,"enemies":"Looter","floor":12,"turns":3},{"damage":0,"enemies":"Blue Slaver","floor":14,"turns":4},{"damage":27,"enemies":"Hexaghost","floor":16,"turns":12},{"damage":0,"enemies":"Spheric Guardian","floor":18,"turns":6},{"damage":1,"enemies":"Shell Parasite","floor":20,"turns":9},{"damage":17,"enemies":"Centurion and Healer","floor":21,"turns":11},{"damage":8,"enemies":"Shelled Parasite and Fungi","floor":22,"turns":12},{"damage":6,"enemies":"Snecko","floor":23,"turns":7},{"damage":45,"enemies":"Book of Stabbing","floor":27,"turns":4}],"seed_played":"-5622195542071937720","potions_obtained":[{"floor":7,"key":"Poison Potion"},{"floor":10,"key":"SneckoOil"},{"floor":14,"key":"FocusPotion"},{"floor":21,"key":"Dexterity Potion"}],"is_trial":false,"path_per_floor":["M","M","?","?","?","R","M","?","T","M","M","M","?","M","R","B",null,"M","?","M","M","M","M","R","?","T","E"],"character_chosen":"DEFECT","items_purchased":[],"campfire_rested":0,"item_purchase_floors":[],"current_hp_per_floor":[81,81,81,70,63,63,63,51,51,45,53,45,45,45,45,30,82,82,82,81,64,56,50,50,34,41,0],"gold":432,"neow_bonus":"TEN_PERCENT_HP_BONUS","is_prod":false,"is_daily":false,"chose_seed":false,"campfire_upgraded":3,"win_rate":0,"timestamp":1541862116,"path_taken":["M","M","?","?","?","R","M","?","T","M","M","M","?","?","R","BOSS","M","?","M","M","M","M","R","?","T","E"],"build_version":"2018-11-08","purchased_purges":0,"victory":false,"max_hp_per_floor":[82,82,82,82,82,82,82,82,82,82,82,82,82,82,82,82,82,82,82,82,82,82,82,82,87,94,94],"card_choices":[{"not_picked":["Compile Driver","Turbo"],"picked":"Cold Snap","floor":1},{"not_picked":["Gash","Coolheaded"],"picked":"Genetic Algorithm","floor":2},{"not_picked":["Redo","Rebound"],"picked":"Electrodynamics","floor":7},{"not_picked":["Rebound","Streamline"],"picked":"Loop","floor":10},{"not_picked":["Double Energy","Beam Cell","Rebound"],"picked":"SKIP","floor":11},{"not_picked":["Ball Lightning","Steam","Compile Driver"],"picked":"SKIP","floor":12},{"not_picked":["Cold Snap","Rainbow"],"picked":"BootSequence","floor":14},{"not_picked":["Hyperbeam","Core Surge"],"picked":"Buffer","floor":16},{"not_picked":["Redo","Stack"],"picked":"Go for the Eyes","floor":18},{"not_picked":["Skim","Streamline"],"picked":"Recycle","floor":20},{"not_picked":["Ball Lightning","Barrage"],"picked":"Blizzard","floor":21},{"not_picked":["Gash","Stack","Recycle"],"picked":"SKIP","floor":22},{"not_picked":["BootSequence","Stack","Redo"],"picked":"SKIP","floor":23}],"player_experience":309283,"relics_obtained":[{"floor":9,"key":"Meat on the Bone"},{"floor":26,"key":"Strawberry"}],"event_choices":[{"cards_removed":["Strike_B"],"damage_healed":0,"gold_gain":0,"player_choice":"Forget","damage_taken":0,"max_hp_gain":0,"max_hp_loss":0,"event_name":"Living Wall","floor":3,"gold_loss":0},{"damage_healed":0,"gold_gain":75,"player_choice":"Gather Gold","damage_taken":11,"max_hp_gain":0,"max_hp_loss":0,"event_name":"World of Goop","floor":4,"gold_loss":0},{"cards_removed":["Strike_B"],"damage_healed":0,"gold_gain":0,"player_choice":"Card Removal","damage_taken":7,"max_hp_gain":0,"max_hp_loss":0,"event_name":"Golden Wing","floor":5,"gold_loss":0},{"damage_healed":0,"gold_gain":0,"player_choice":"Success","damage_taken":12,"relics_obtained":["War Paint"],"max_hp_gain":0,"max_hp_loss":0,"event_name":"Scrap Ooze","floor":8,"gold_loss":0},{"damage_healed":0,"gold_gain":0,"player_choice":"Bought 0 Potions","damage_taken":0,"max_hp_gain":0,"max_hp_loss":0,"event_name":"The Woman in Blue","floor":13,"gold_loss":0},{"cards_removed":["Strike_B"],"damage_healed":0,"gold_gain":0,"player_choice":"Gave Gold","damage_taken":0,"max_hp_gain":0,"max_hp_loss":0,"event_name":"Beggar","floor":19,"gold_loss":75},{"damage_healed":0,"gold_gain":0,"player_choice":"Shed Blood","damage_taken":21,"max_hp_gain":5,"max_hp_loss":0,"event_name":"Forgotten Altar","floor":25,"gold_loss":0}],"is_beta":true,"boss_relics":[{"not_picked":["Pandora\u0027s Box","Philosopher\u0027s Stone"],"picked":"Nuclear Battery"}],"items_purged_floors":[],"is_endless":false,"potions_floor_spawned":[7,10,14,21,22,23],"killed_by":"Book of Stabbing","ascension_level":0}