{"gold_per_floor":[111,130,7,7,19,51,51,86,86,86,100,70,24,54,54,128,128,139,41,51,70,70,70,90,115,138,138,166,166,96,96,96,168,168,183,83,96,0,0,33,53,53],"floor_reached":42,"playtime":1538,"items_purged":["Pain","Strike_R"],"score":819,"play_id":"74c10afc-51e4-4989-b266-4714d5218f6f","local_time":"20190721025310","is_ascension_mode":true,"campfire_choices":[{"data":"Spot Weakness","floor":7,"key":"SMITH"},{"data":"Whirlwind","floor":10,"key":"SMITH"},{"data":"Shockwave","floor":15,"key":"SMITH"},{"floor":23,"key":"REST"},{"floor":27,"key":"REST"},{"data":"Limit Break","floor":29,"key":"SMITH"},{"floor":32,"key":"REST"}],"neow_cost":"CURSE","seed_source_timestamp":185065609158100,"circlet_count":0,"master_deck":["AscendersBane","Strike_R","Strike_R","Strike_R","Defend_R","Defend_R","Defend_R","Defend_R","Bash","Shockwave+1","Spot Weakness+1","Shrug It Off+1","Sword Boomerang","Anger","Seeing Red+1","Whirlwind+1","Seeing Red","Heavy Blade","Shrug It Off","Limit Break+1","Armaments+1","Flash of Steel","Shrug It Off","Ghostly Armor","Sword Boomerang","Battle Trance","Perfected Strike","Exhume","Madness","Madness","Uppercut"],"relics":["Burning Blood","Champion Belt","Art of War","Shuriken","Centennial Puzzle","PreservedInsect","Busted Crown","Thread and Needle","War Paint","Kunai","White Beast Statue","Red Mask","Vajra"],"potions_floor_usage":[6,6,11,16,18,21,28,35,40,40,42,42],"damage_taken":[{"damage":12,"enemies":"2 Louse","floor":1,"turns":5},{"damage":6,"enemies":"Cultist","floor":2,"turns":3},{"damage":9,"enemies":"Jaw Worm","floor":5,"turns":3},{"damage":19,"enemies":"Gremlin Nob","floor":6,"turns":4},{"damage":27,"enemies":"Lagavulin","floor":8,"turns":6},{"damage":2,"enemies":"Exordium Thugs","floor":11,"turns":2},{"damage":5,"enemies":"3 Sentries","floor":14,"turns":3},{"damage":11,"enemies":"Hexaghost","floor":16,"turns":6},{"damage":11,"enemies":"2 Thieves","floor":18,"turns":3},{"damage":16,"enemies":"Chosen","floor":20,"turns":5},{"damage":38,"enemies":"Snake Plant","floor":21,"turns":4},{"damage":10,"enemies":"Centurion and Healer","floor":24,"turns":3},{"damage":18,"enemies":"Book of Stabbing","floor":25,"turns":4},{"damage":10,"enemies":"Slavers","floor":28,"turns":2},{"damage":12,"enemies":"Champ","floor":33,"turns":8},{"damage":3,"enemies":"Orb Walker","floor":35,"turns":2},{"damage":18,"enemies":"3 Shapes","floor":37,"turns":5},{"damage":5,"enemies":"Nemesis","floor":40,"turns":5},{"damage":38,"enemies":"Jaw Worm Horde","floor":41,"turns":5},{"damage":63,"enemies":"Reptomancer","floor":42,"turns":5}],"seed_played":"-7972120632461437676","potions_obtained":[{"floor":2,"key":"GamblersBrew"},{"floor":5,"key":"FearPotion"},{"floor":8,"key":"Block Potion"},{"floor":12,"key":"Weak Potion"},{"floor":12,"key":"SkillPotion"},{"floor":20,"key":"LiquidBronze"},{"floor":21,"key":"Poison Potion"},{"floor":25,"key":"GamblersBrew"},{"floor":28,"key":"GamblersBrew"},{"floor":35,"key":"Ancient Potion"},{"floor":37,"key":"BloodPotion"},{"floor":40,"key":"PowerPotion"},{"floor":41,"key":"Fire Potion"}],"is_trial":false,"path_per_floor":["M","M","$","?","M","E","R","E","T","R","M","?","$","E","R","B",null,"M","$","M","M","?","R","M","E","T","R","E","R","$","?","R","B",null,"M","$","M","?","?","E","M","E"],"character_chosen":"IRONCLAD","items_purchased":["Shrug It Off","Heavy Blade","Flash of Steel","Battle Trance"],"campfire_rested":3,"item_purchase_floors":[3,13,19,30],"current_hp_per_floor":[62,62,62,62,59,46,46,25,25,25,29,29,29,30,30,25,63,58,58,48,16,2,26,22,10,10,34,30,30,30,30,54,48,72,75,75,63,63,53,74,42,0],"gold":53,"neow_bonus":"ONE_RARE_RELIC","is_prod":false,"is_daily":false,"chose_seed":false,"campfire_upgraded":4,"win_rate":0,"timestamp":1563691990,"path_taken":["M","M","$","?","?","E","R","E","T","R","M","?","?","E","R","BOSS","M","$","M","M","?","R","M","E","T","R","E","R","$","?","R","BOSS","M","$","?","?","?","E","M","E"],"build_version":"2019-07-17","purchased_purges":2,"victory":false,"max_hp_per_floor":[75,75,75,75,75,75,75,75,75,75,75,75,75,75,75,75,75,75,75,75,75,80,80,80,80,80,80,80,80,80,80,80,80,80,80,80,80,80,80,80,80,80],"card_choices":[{"not_picked":["Havoc","Clothesline"],"picked":"Shockwave","floor":1},{"not_picked":["Carnage","Rampage"],"picked":"Spot Weakness","floor":2},{"not_picked":["Shockwave","Headbutt"],"picked":"Anger","floor":5},{"not_picked":["Iron Wave","Warcry"],"picked":"Seeing Red","floor":6},{"not_picked":["Iron Wave","Pummel"],"picked":"Whirlwind","floor":8},{"not_picked":["Body Slam","Rage"],"picked":"Seeing Red","floor":11},{"not_picked":["Cleave","Sever Soul"],"picked":"Shrug It Off","floor":14},{"not_picked":["Feed","Immolate"],"picked":"Limit Break","floor":16},{"not_picked":[],"picked":"Armaments+1","floor":18},{"not_picked":["Blood for Blood"],"picked":"SKIP","floor":20},{"not_picked":[],"picked":"Shrug It Off","floor":21},{"not_picked":[],"picked":"Ghostly Armor","floor":24},{"not_picked":[],"picked":"Sword Boomerang","floor":25},{"not_picked":["Perfected Strike"],"picked":"SKIP","floor":28},{"not_picked":[],"picked":"Exhume","floor":33},{"not_picked":["Wild Strike"],"picked":"SKIP","floor":35},{"not_picked":["Iron Wave"],"picked":"SKIP","floor":37},{"not_picked":["Twin Strike"],"picked":"SKIP","floor":40},{"not_picked":[],"picked":"Uppercut","floor":41}],"player_experience":676498,"relics_obtained":[{"floor":6,"key":"Art of War"},{"floor":8,"key":"Shuriken"},{"floor":9,"key":"Centennial Puzzle"},{"floor":14,"key":"PreservedInsect"},{"floor":25,"key":"Thread and Needle"},{"floor":26,"key":"War Paint"},{"floor":28,"key":"Kunai"},{"floor":40,"key":"Vajra"}],"event_choices":[{"damage_healed":0,"gold_gain":0,"cards_transformed":["Strike_R"],"player_choice":"Transformed","damage_taken":0,"max_hp_gain":0,"max_hp_loss":0,"event_name":"Transmorgrifier","floor":4,"gold_loss":0,"cards_obtained":["Sword Boomerang"]},{"damage_healed":0,"gold_gain":0,"player_choice":"Bought 2 Potions","damage_taken":0,"max_hp_gain":0,"max_hp_loss":0,"event_name":"The Woman in Blue","floor":12,"gold_loss":0},{"damage_healed":0,"gold_gain":0,"player_choice":"Shed Blood","damage_taken":19,"max_hp_gain":5,"max_hp_loss":0,"event_name":"Forgotten Altar","floor":22,"gold_loss":0},{"damage_healed":0,"gold_gain":0,"player_choice":"1 cards matched","damage_taken":0,"max_hp_gain":0,"max_hp_loss":0,"event_name":"Match and Keep!","floor":31,"gold_loss":0,"cards_obtained":["Perfected Strike"]},{"damage_healed":0,"gold_gain":0,"player_choice":"Paid","damage_taken":0,"relics_obtained":["Red Mask"],"max_hp_gain":0,"max_hp_loss":0,"event_name":"Tomb of Lord Red Mask","floor":38,"gold_loss":96},{"damage_healed":0,"gold_gain":0,"player_choice":"Embrace Madness","damage_taken":10,"max_hp_gain":0,"max_hp_loss":0,"event_name":"Winding Halls","floor":39,"gold_loss":0,"cards_obtained":["Madness","Madness"]}],"is_beta":false,"boss_relics":[{"not_picked":["Astrolabe","Philosopher\u0027s Stone"],"picked":"Busted Crown"},{"not_picked":["Lizard Tail","Runic Cube"],"picked":"White Beast Statue"}],"items_purged_floors":[3,36],"is_endless":false,"potions_floor_spawned":[2,5,8,20,21,25,28,35,37,40,41],"killed_by":"Reptomancer","ascension_level":14}