{"gold_per_floor":[109,126,145,161,175,175,209,209,232,249,268,268,300,329,341,448,460,490,78,94,110,128,128,158,158,185,203,203,163,163],"floor_reached":30,"playtime":1969,"items_purged":["Defend_G"],"score":306,"play_id":"55f7dba8-116a-4cab-b0c9-1146decf6150","local_time":"20190630210025","is_ascension_mode":true,"campfire_choices":[{"data":"Noxious Fumes","floor":6,"key":"SMITH"},{"data":"Die Die Die","floor":8,"key":"SMITH"},{"data":"Finisher","floor":15,"key":"SMITH"},{"data":"Corpse Explosion","floor":23,"key":"SMITH"},{"floor":25,"key":"REST"},{"data":"Bane","floor":28,"key":"SMITH"}],"neow_cost":"NONE","seed_source_timestamp":674817558664800,"circlet_count":0,"master_deck":["Defend_G","Defend_G","Defend_G","Defend_G","Strike_G+1","Strike_G","Strike_G","Strike_G","Strike_G","Survivor","Neutralize","Sucker Punch","Blur","Terror","Die Die Die+1","Noxious Fumes+1","Flechettes+1","Sucker Punch+1","Underhanded Strike","Finisher+1","Flying Knee","Corpse Explosion+1","Eviscerate","Footwork","Slice","Slice+1","Dash","Dodge and Roll","Bane+1"],"relics":["Velvet Choker","Pear","Lantern","MawBank","Black Star","Meat on the Bone","Regal Pillow","Ancient Tea Set","Art of War"],"potions_floor_usage":[7,7,13,16,20,24,30,30],"damage_taken":[{"damage":0,"enemies":"Cultist","floor":1,"turns":5},{"damage":0,"enemies":"Jaw Worm","floor":2,"turns":4},{"damage":0,"enemies":"2 Louse","floor":3,"turns":2},{"damage":9,"enemies":"Exordium Wildlife","floor":4,"turns":8},{"damage":4,"enemies":"Exordium Thugs","floor":5,"turns":5},{"damage":0,"enemies":"Lagavulin","floor":7,"turns":7},{"damage":0,"enemies":"3 Louse","floor":10,"turns":1},{"damage":0,"enemies":"Looter","floor":11,"turns":3},{"damage":9,"enemies":"3 Sentries","floor":13,"turns":6},{"damage":3,"enemies":"Lots of Slimes","floor":14,"turns":4},{"damage":10,"enemies":"Hexaghost","floor":16,"turns":6},{"damage":2,"enemies":"Chosen","floor":18,"turns":4},{"damage":6,"enemies":"Shell Parasite","floor":20,"turns":4},{"damage":9,"enemies":"Centurion and Healer","floor":21,"turns":7},{"damage":32,"enemies":"Sentry and Sphere","floor":22,"turns":6},{"damage":38,"enemies":"Slavers","floor":24,"turns":4},{"damage":12,"enemies":"Snecko","floor":27,"turns":5},{"damage":44,"enemies":"Gremlin Leader","floor":30,"turns":2}],"seed_played":"8521282609301694013","potions_obtained":[{"floor":3,"key":"SkillPotion"},{"floor":5,"key":"Dexterity Potion"},{"floor":7,"key":"SpeedPotion"},{"floor":10,"key":"SteroidPotion"},{"floor":13,"key":"Block Potion"},{"floor":18,"key":"PowerPotion"},{"floor":22,"key":"GamblersBrew"},{"floor":24,"key":"EssenceOfSteel"}],"is_trial":false,"path_per_floor":["M","M","M","M","M","R","E","R","T","M","M","?","E","M","R","B",null,"M","$","M","M","M","R","E","R","T","M","R","?","E"],"character_chosen":"THE_SILENT","items_purchased":["Meat on the Bone","Footwork","Slice"],"campfire_rested":1,"item_purchase_floors":[19,19,19],"current_hp_per_floor":[70,70,70,61,57,57,67,67,67,67,67,67,58,55,55,45,80,78,78,72,63,43,43,17,56,56,44,44,44,0],"gold":163,"neow_bonus":"BOSS_RELIC","is_prod":false,"is_daily":false,"chose_seed":false,"campfire_upgraded":5,"win_rate":0,"timestamp":1561942825,"path_taken":["M","M","M","M","M","R","E","R","T","M","?","?","E","M","R","BOSS","M","$","M","M","M","R","E","R","T","?","R","?","E"],"build_version":"2019-01-23","purchased_purges":1,"victory":false,"max_hp_per_floor":[70,70,70,70,70,70,80,80,80,80,80,80,80,80,80,80,80,80,80,80,80,80,80,80,80,80,80,80,80,80],"card_choices":[{"not_picked":["Underhanded Strike","Endless Agony"],"picked":"Sucker Punch","floor":1},{"not_picked":["Reflex","Acrobatics"],"picked":"Blur","floor":2},{"not_picked":["Infinite Blades","Underhanded Strike"],"picked":"Terror","floor":3},{"not_picked":["Dagger Spray","Dagger Throw"],"picked":"Die Die Die","floor":4},{"not_picked":["Blade Dance","Backflip"],"picked":"Noxious Fumes","floor":5},{"not_picked":["Deflect","Blade Dance"],"picked":"Flechettes","floor":7},{"not_picked":["Deadly Poison","Footwork"],"picked":"Sucker Punch","floor":10},{"not_picked":["Terror","Backflip"],"picked":"Underhanded Strike","floor":11},{"not_picked":["Footwork","Terror"],"picked":"Finisher","floor":13},{"not_picked":["Tactician","Dodge and Roll"],"picked":"Flying Knee","floor":14},{"not_picked":["Die Die Die","Malaise"],"picked":"Corpse Explosion","floor":16},{"not_picked":["Cloak And Dagger","Flechettes"],"picked":"Eviscerate","floor":18},{"not_picked":["Terror","Expertise"],"picked":"Slice+1","floor":20},{"not_picked":["Dodge and Roll+1","Sucker Punch+1"],"picked":"Dash","floor":21},{"not_picked":["Deflect","Calculated Gamble+1","Cloak And Dagger"],"picked":"SKIP","floor":22},{"not_picked":["Outmaneuver","Storm of Steel"],"picked":"Dodge and Roll","floor":24},{"not_picked":["Endless Agony","Quick Slash"],"picked":"Bane","floor":27}],"player_experience":538609,"relics_obtained":[{"floor":7,"key":"Pear"},{"floor":9,"key":"Lantern"},{"floor":13,"key":"MawBank"},{"floor":24,"key":"Regal Pillow"},{"floor":24,"key":"Ancient Tea Set"},{"floor":26,"key":"Art of War"}],"event_choices":[{"damage_healed":0,"gold_gain":0,"player_choice":"Upgraded","damage_taken":0,"max_hp_gain":0,"max_hp_loss":0,"event_name":"Upgrade Shrine","floor":12,"gold_loss":0,"cards_upgraded":["Sucker Punch"]},{"damage_healed":0,"gold_gain":0,"player_choice":"Upgraded Two","damage_taken":0,"max_hp_gain":0,"max_hp_loss":0,"event_name":"Designer","floor":29,"gold_loss":40,"cards_upgraded":["Flechettes","Strike_G"]}],"is_beta":false,"boss_relics":[{"not_picked":["HoveringKite","Lizard Tail"],"picked":"Black Star"}],"items_purged_floors":[19],"is_endless":false,"potions_floor_spawned":[3,5,7,10,13,18,22,24],"killed_by":"Gremlin Leader","ascension_level":1}