{"gold_per_floor":[115,135,135,310,210,249,229,254,254,272,11,11,44,58,58,58],"floor_reached":16,"playtime":827,"items_purged":["Doubt","Strike_R"],"score":110,"play_id":"f6e368fe-f56a-4108-ad4e-3fba60532bd3","local_time":"20190725233319","is_ascension_mode":false,"campfire_choices":[{"data":"Rampage","floor":12,"key":"SMITH"},{"data":"Body Slam","floor":15,"key":"SMITH"}],"neow_cost":"NONE","seed_source_timestamp":1316580235063693,"circlet_count":0,"master_deck":["Strike_R","Strike_R","Strike_R","Strike_R","Defend_R","Defend_R","Defend_R","Defend_R","Bash","Impervious","Havoc","True Grit+1","Shrug It Off","Iron Wave","Feel No Pain","Second Wind","Rampage+1","Warcry+1","Body Slam+1"],"special_seed":0,"relics":["Burning Blood","Golden Idol","Calipers","War Paint"],"potions_floor_usage":[6,16,16],"damage_taken":[{"damage":0.0,"enemies":"Small Slimes","floor":1.0,"turns":3.0},{"damage":0.0,"enemies":"2 Louse","floor":2.0,"turns":3.0},{"damage":16,"enemies":"Gremlin Nob","floor":6,"turns":4},{"damage":1,"enemies":"Cultist","floor":8,"turns":4},{"damage":2,"enemies":"2 Fungi Beasts","floor":10,"turns":6},{"damage":12,"enemies":"Lagavulin","floor":13,"turns":10},{"damage":7,"enemies":"Blue Slaver","floor":14,"turns":6},{"damage":55,"enemies":"Slime Boss","floor":16,"turns":10}],"seed_played":"-332851913785713708","potions_obtained":[{"floor":2.0,"key":"AttackPotion"},{"floor":7,"key":"SneckoOil"},{"floor":10,"key":"Dexterity Potion"},{"floor":13,"key":"Poison Potion"}],"is_trial":false,"path_per_floor":["M","M","?","?","$","E","?","M","T","M","$","R","E","M","R","B"],"character_chosen":"IRONCLAD","items_purchased":["Shrug It Off","Second Wind","Rampage","Warcry"],"campfire_rested":0,"item_purchase_floors":[5,11,11,11],"current_hp_per_floor":[80,80,60,60,60,50,50,55,55,59,59,59,53,52,52,0],"gold":58,"neow_bonus":"ONE_RANDOM_RARE_CARD","is_prod":false,"is_daily":false,"chose_seed":false,"campfire_upgraded":2,"win_rate":0,"timestamp":1564122799,"path_taken":["M","M","?","?","$","E","?","M","T","M","$","R","E","M","R","BOSS"],"build_version":"2019-07-17","purchased_purges":2,"victory":false,"max_hp_per_floor":[80,80,80,80,80,80,80,80,80,80,80,80,80,80,80,80],"card_choices":[{"not_picked":["Clash","Blood for Blood"],"picked":"Havoc","floor":1.0},{"not_picked":["Rupture","Whirlwind"],"picked":"True Grit","floor":2.0},{"not_picked":["Clothesline","Berserk","True Grit"],"picked":"SKIP","floor":6},{"not_picked":["Clothesline","Rupture"],"picked":"Iron Wave","floor":8},{"not_picked":["Pommel Strike","Sword Boomerang"],"picked":"Feel No Pain","floor":10},{"not_picked":["Anger","Cleave"],"picked":"Body Slam","floor":13},{"not_picked":["Clash","Headbutt","Thunderclap"],"picked":"SKIP","floor":14}],"player_experience":200119,"relics_obtained":[{"floor":6,"key":"Calipers"},{"floor":13,"key":"War Paint"}],"event_choices":[{"damage_healed":0.0,"max_hp_gain":0.0,"max_hp_loss":0.0,"gold_gain":0.0,"event_name":"Golden Idol","player_choice":"Take Damage","floor":3.0,"gold_loss":0.0,"damage_taken":20.0,"relics_obtained":["Golden Idol"]},{"damage_healed":0,"gold_gain":175,"player_choice":"AGREE","damage_taken":0,"max_hp_gain":0,"max_hp_loss":0,"event_name":"Liars Game","floor":4,"gold_loss":0,"cards_obtained":["Doubt"]},{"damage_healed":0,"gold_gain":0,"player_choice":"Bought 1 Potion","damage_taken":0,"max_hp_gain":0,"max_hp_loss":0,"event_name":"The Woman in Blue","floor":7,"gold_loss":0}],"is_beta":false,"boss_relics":[],"items_purged_floors":[5,11],"is_endless":false,"potions_floor_spawned":[2,10,13],"killed_by":"Slime Boss","ascension_level":0}