{"gold_per_floor":[113,123,123,137,152,152,167,186,236,253,253,283,142,152,152,254,254,272,28,28,41,54,54,54,54,54,54,54,83,83],"floor_reached":30,"playtime":1578,"items_purged":[],"score":290,"play_id":"29c54e7a-364c-46bf-a4c0-cb79b5fddbba","local_time":"20190623175258","is_ascension_mode":true,"campfire_choices":[{"floor":6.0,"key":"RECALL"},{"floor":11.0,"key":"REST"},{"data":"Spot Weakness","floor":15.0,"key":"SMITH"},{"floor":23.0,"key":"REST"},{"floor":25.0,"key":"REST"},{"data":"Double Tap","floor":28.0,"key":"SMITH"}],"neow_cost":"TEN_PERCENT_HP_LOSS","seed_source_timestamp":0,"circlet_count":0,"master_deck":["Strike_R","Strike_R","Strike_R","Strike_R","Defend_R","Defend_R","Defend_R","Defend_R","True Grit","Sever Soul","Rampage+1","Feel No Pain","Dual Wield+1","Sword Boomerang","Ghostly Armor","Twin Strike","Clothesline","Flex","Demon Form+1","Spot Weakness+1","Blood for Blood","Double Tap+1","Anger+1","Intimidate","J.A.X.","Second Wind"],"special_seed":0,"relics":["Burning Blood","Frozen Egg 2","Lizard Tail","Ornamental Fan","Mercury Hourglass","Pear"],"potions_floor_usage":[30],"damage_taken":[{"damage":1.0,"enemies":"2 Louse","floor":1.0,"turns":2.0},{"damage":1.0,"enemies":"Cultist","floor":2.0,"turns":3.0},{"damage":8.0,"enemies":"Jaw Worm","floor":4.0,"turns":4.0},{"damage":11.0,"enemies":"Blue Slaver","floor":5.0,"turns":5.0},{"damage":5.0,"enemies":"Gremlin Gang","floor":7.0,"turns":3.0},{"damage":16.0,"enemies":"3 Louse","floor":8.0,"turns":4.0},{"damage":9.0,"enemies":"Blue Slaver","floor":10.0,"turns":5.0},{"damage":27.0,"enemies":"Lagavulin","floor":12.0,"turns":9.0},{"damage":1.0,"enemies":"2 Fungi Beasts","floor":14.0,"turns":3.0},{"damage":39.0,"enemies":"Hexaghost","floor":16.0,"turns":10.0},{"damage":12.0,"enemies":"Chosen","floor":18.0,"turns":4.0},{"damage":49.0,"enemies":"Shell Parasite","floor":21.0,"turns":7.0},{"damage":58.0,"enemies":"Snake Plant","floor":22.0,"turns":5.0},{"damage":55,"enemies":"Slavers","floor":29,"turns":5},{"damage":18,"enemies":"Centurion and Healer","floor":30,"turns":1}],"seed_played":"4601662504383417541","potions_obtained":[{"floor":1.0,"key":"Explosive Potion"},{"floor":4.0,"key":"SteroidPotion"},{"floor":5.0,"key":"SteroidPotion"},{"floor":12.0,"key":"EssenceOfSteel"},{"floor":16.0,"key":"Ancient Potion"}],"is_trial":false,"path_per_floor":["M","M","?","M","M","R","M","M","T","M","R","E","$","M","R","B",null,"M","$","?","M","M","R","?","R","T","?","R","E","M"],"character_chosen":"IRONCLAD","items_purchased":["Demon Form+1","Spot Weakness","Ornamental Fan"],"campfire_rested":3,"item_purchase_floors":[13,13,19],"current_hp_per_floor":[72,72,72,70,65,65,66,56,56,53,72,51,51,56,56,23,72,66,66,66,23,14,35,35,56,56,56,56,17,0],"gold":83,"neow_bonus":"TRANSFORM_TWO_CARDS","is_prod":false,"is_daily":false,"chose_seed":false,"campfire_upgraded":2,"win_rate":0,"timestamp":1561326778,"path_taken":["M","M","?","M","?","R","M","M","T","M","R","E","?","M","R","BOSS","M","$","?","M","M","R","?","R","T","?","R","E","M"],"build_version":"2019-01-23","purchased_purges":0,"victory":false,"max_hp_per_floor":[72,72,72,72,72,72,72,72,72,72,72,72,72,72,72,72,72,72,72,72,72,72,72,72,72,72,72,72,82,82],"card_choices":[{"not_picked":["Entrench","Hemokinesis"],"picked":"Rampage","floor":1.0},{"not_picked":["Power Through","Heavy Blade"],"picked":"Feel No Pain","floor":2.0},{"not_picked":["Sword Boomerang","Wild Strike"],"picked":"Dual Wield","floor":4.0},{"not_picked":["Clash","Heavy Blade"],"picked":"Sword Boomerang","floor":5.0},{"not_picked":["Headbutt","Heavy Blade"],"picked":"Ghostly Armor","floor":7.0},{"not_picked":["Thunderclap","Sword Boomerang"],"picked":"Twin Strike","floor":8.0},{"not_picked":["Armaments","Wild Strike"],"picked":"Clothesline","floor":10.0},{"not_picked":["Hemokinesis","Twin Strike"],"picked":"Flex","floor":12.0},{"not_picked":["Rupture+1","Pummel"],"picked":"Blood for Blood","floor":14.0},{"not_picked":["Limit Break","Berserk+1"],"picked":"Double Tap","floor":16.0},{"not_picked":["Fire Breathing+1","Sword Boomerang"],"picked":"Anger+1","floor":18.0},{"not_picked":["Headbutt","Sword Boomerang","Battle Trance"],"picked":"SKIP","floor":21.0},{"not_picked":["Warcry+1","True Grit"],"picked":"Intimidate","floor":22.0},{"not_picked":["Flame Barrier","Body Slam"],"picked":"Second Wind","floor":29}],"player_experience":500347,"relics_obtained":[{"floor":12.0,"key":"Frozen Egg 2"},{"floor":26.0,"key":"Mercury Hourglass"},{"floor":29,"key":"Pear"}],"event_choices":[{"damage_healed":0.0,"max_hp_gain":0.0,"max_hp_loss":0.0,"gold_gain":0.0,"event_name":"Upgrade Shrine","player_choice":"Upgraded","floor":3.0,"gold_loss":0.0,"damage_taken":0.0,"cards_upgraded":["Rampage"]},{"damage_healed":0.0,"max_hp_gain":0.0,"max_hp_loss":0.0,"gold_gain":0.0,"event_name":"Drug Dealer","player_choice":"Obtain J.A.X.","floor":24.0,"gold_loss":0.0,"damage_taken":0.0,"cards_obtained":["J.A.X."]},{"damage_healed":0.0,"max_hp_gain":0.0,"max_hp_loss":0.0,"gold_gain":0.0,"event_name":"Accursed Blacksmith","player_choice":"Forge","floor":27.0,"gold_loss":0.0,"damage_taken":0.0,"cards_upgraded":["Dual Wield"]}],"is_beta":false,"boss_relics":[{"not_picked":["Philosopher\u0027s Stone","Velvet Choker"],"picked":"Lizard Tail"}],"items_purged_floors":[],"is_endless":false,"potions_floor_spawned":[1,4,5,12,16],"killed_by":"Centurion and Healer","ascension_level":3}