{"gold_per_floor":[13,13,25,175,195,195,195,195,195,270,42,117,117,132,132,208,208,220,70,70,430,53,83,83,133,133,133,133,143,155,172,172,249,249,268,280,280,292,12,12,12,12,35,62,62,75,75,108,108,108],"floor_reached":51,"playtime":3392,"items_purged":["Doubt","Normality"],"score":1322,"play_id":"fd5b69e5-69f7-4ff8-af44-b8395eee74f5","local_time":"20190117004738","is_ascension_mode":true,"campfire_choices":[{"data":"Neutralize","floor":6.0,"key":"SMITH"},{"data":"Dagger Throw","floor":8.0,"key":"SMITH"},{"data":"Defend_G","floor":13.0,"key":"SMITH"},{"data":"Dagger Spray","floor":15.0,"key":"SMITH"},{"floor":24.0,"key":"REST"},{"data":"Dodge and Roll","floor":27.0,"key":"SMITH"},{"data":"Cloak And Dagger","floor":32.0,"key":"SMITH"},{"data":"Blade Dance","floor":40.0,"key":"SMITH"},{"data":"Dodge and Roll","floor":45.0,"key":"SMITH"},{"data":"Dodge and Roll","floor":49.0,"key":"SMITH"}],"neow_cost":"NO_GOLD","seed_source_timestamp":535016229954888,"circlet_count":0,"master_deck":["AscendersBane","Defend_G+1","Defend_G+1","Defend_G+1","Defend_G+1","Defend_G+1","Survivor+1","Neutralize+1","Blur+1","Dagger Throw+1","Dagger Spray+1","Clumsy","Underhanded Strike","Dodge and Roll+1","Dodge and Roll","Mayhem","Tools of the Trade","Bite","Bite","Bite","Bite","Bite","Cloak And Dagger+1","Crippling Poison","PiercingWail","Tools of the Trade+1","Dodge and Roll","Blade Dance+1","Deflect","A Thousand Cuts+1","Acrobatics","Infinite Blades+1","Dodge and Roll+1","Writhe","Dodge and Roll+1"],"special_seed":0,"relics":["Ring of the Snake","Pocketwatch","Nunchaku","Gambling Chip","Kunai","Calling Bell","Orichalcum","Matryoshka","Du-Vu Doll","Juzu Bracelet","Lantern","Centennial Puzzle","Frozen Egg 2","Orrery","Membership Card","Oddly Smooth Stone","Potion Belt","Regal Pillow","Boot","PreservedInsect","The Courier"],"potions_floor_usage":[50,50,50,50],"damage_taken":[{"damage":0.0,"enemies":"Jaw Worm","floor":1.0,"turns":5.0},{"damage":0.0,"enemies":"Cultist","floor":3.0,"turns":4.0},{"damage":0.0,"enemies":"Small Slimes","floor":5.0,"turns":5.0},{"damage":0.0,"enemies":"2 Fungi Beasts","floor":14.0,"turns":4.0},{"damage":2.0,"enemies":"The Guardian","floor":16.0,"turns":16.0},{"damage":0.0,"enemies":"Shell Parasite","floor":18.0,"turns":7.0},{"damage":6.0,"enemies":"Gremlin Leader","floor":23.0,"turns":7.0},{"damage":7.0,"enemies":"Chosen","floor":29.0,"turns":5.0},{"damage":5.0,"enemies":"3 Cultists","floor":30.0,"turns":4.0},{"damage":4.0,"enemies":"Snecko","floor":31.0,"turns":5.0},{"damage":23.0,"enemies":"Champ","floor":33.0,"turns":20.0},{"damage":15.0,"enemies":"3 Darklings","floor":35.0,"turns":7.0},{"damage":7.0,"enemies":"3 Shapes","floor":36.0,"turns":5.0},{"damage":17.0,"enemies":"Sphere and 2 Shapes","floor":38.0,"turns":6.0},{"damage":6.0,"enemies":"Nemesis","floor":44.0,"turns":7.0},{"damage":14.0,"enemies":"Jaw Worm Horde","floor":46.0,"turns":6.0},{"damage":0.0,"enemies":"Giant Head","floor":48.0,"turns":9.0},{"damage":85,"enemies":"Time Eater","floor":50,"turns":15}],"seed_played":"965200754985183172","potions_obtained":[{"floor":5.0,"key":"Ancient Potion"},{"floor":16.0,"key":"PowerPotion"},{"floor":31.0,"key":"Weak Potion"},{"floor":33.0,"key":"GhostInAJar"},{"floor":46.0,"key":"Explosive Potion"},{"floor":48.0,"key":"FearPotion"}],"is_trial":false,"path_per_floor":["M","?","M","?","M","R","?","R","T","?","$","T","R","M","R","B",null,"M","$","?","?","$","E","R","?","T","R","?","M","M","M","R","B",null,"M","M","?","M","$","R","?","T","T","E","R","M","?","E","R","B",null],"character_chosen":"THE_SILENT","items_purchased":["Blood Vial","Dodge and Roll","Juzu Bracelet","Dodge and Roll","Mayhem","Membership Card","Oddly Smooth Stone"],"campfire_rested":1,"item_purchase_floors":[11,19,22,22,22,39,39],"current_hp_per_floor":[59,59,59,59,59,59,39,39,39,28,28,28,28,30,30,30,57,59,59,59,23,23,19,38,38,38,38,38,45,54,64,64,66,66,56,59,59,48,48,48,73,73,73,73,73,69,73,73,73,16],"gold":108,"neow_bonus":"ONE_RARE_RELIC","is_prod":false,"is_daily":false,"chose_seed":false,"campfire_upgraded":9,"win_rate":0,"timestamp":1547704058,"path_taken":["M","?","?","?","M","R","?","R","T","?","$","?","R","M","R","BOSS","M","$","?","?","$","E","R","?","T","R","?","M","M","M","R","BOSS","M","M","?","M","$","R","?","?","T","E","R","M","?","E","R","BOSS"],"build_version":"2019-01-14v2","purchased_purges":2,"victory":true,"max_hp_per_floor":[66,66,66,66,66,66,66,66,66,66,66,66,66,66,66,66,66,66,66,66,66,66,66,66,66,66,66,66,66,66,66,66,66,66,66,66,63,63,63,63,73,73,73,73,73,73,73,73,73,73],"card_choices":[{"not_picked":["Riddle With Holes","Flying Knee"],"picked":"Blade Dance","floor":1.0},{"not_picked":["Choke","Bouncing Flask"],"picked":"Blur","floor":3.0},{"not_picked":["Outmaneuver","Masterful Stab"],"picked":"Dagger Throw","floor":5.0},{"not_picked":["Eviscerate","Bane"],"picked":"Dagger Spray","floor":14.0},{"not_picked":["Die Die Die","Doppelganger"],"picked":"Venomology","floor":16.0},{"not_picked":["Choke","Flying Knee"],"picked":"Underhanded Strike","floor":18.0},{"not_picked":["Quick Slash","Terror"],"picked":"Tools of the Trade","floor":23.0},{"not_picked":["Catalyst","Dash"],"picked":"Cloak And Dagger","floor":29.0},{"not_picked":["Bane","Deadly Poison"],"picked":"Crippling Poison","floor":30.0},{"not_picked":["Predator","Sucker Punch"],"picked":"PiercingWail","floor":31.0},{"not_picked":["Bullet Time","Unload"],"picked":"Tools of the Trade+1","floor":33.0},{"not_picked":["PiercingWail","Prepared"],"picked":"Dodge and Roll","floor":34.0},{"not_picked":["Outmaneuver","Poisoned Stab"],"picked":"Blade Dance","floor":34.0},{"not_picked":["Choke","Dagger Spray"],"picked":"Deflect","floor":34.0},{"not_picked":["All Out Attack","Prepared+1"],"picked":"A Thousand Cuts+1","floor":34.0},{"not_picked":["Calculated Gamble","Outmaneuver"],"picked":"Acrobatics","floor":34.0},{"not_picked":["Tactician","Dagger Throw+1"],"picked":"Infinite Blades+1","floor":35.0},{"not_picked":["Prepared","Backstab","Cloak And Dagger"],"picked":"SKIP","floor":36.0},{"not_picked":["Blade Dance","Deadly Poison"],"picked":"Dodge and Roll","floor":38.0},{"not_picked":["Acrobatics","Expertise","Bane"],"picked":"SKIP","floor":44.0},{"not_picked":["Outmaneuver","Poisoned Stab+1","Underhanded Strike"],"picked":"SKIP","floor":46.0},{"not_picked":["Heel Hook","Predator"],"picked":"Dodge and Roll","floor":48.0}],"player_experience":836170,"relics_obtained":[{"floor":9.0,"key":"Gambling Chip"},{"floor":12.0,"key":"Kunai"},{"floor":17.0,"key":"Orichalcum"},{"floor":17.0,"key":"Matryoshka"},{"floor":17.0,"key":"Du-Vu Doll"},{"floor":23.0,"key":"Lantern"},{"floor":26.0,"key":"Centennial Puzzle"},{"floor":26.0,"key":"Frozen Egg 2"},{"floor":42.0,"key":"Potion Belt"},{"floor":42.0,"key":"Regal Pillow"},{"floor":43.0,"key":"Boot"},{"floor":44.0,"key":"PreservedInsect"},{"floor":48.0,"key":"The Courier"}],"event_choices":[{"cards_removed":["Blade Dance"],"damage_healed":0.0,"max_hp_gain":0.0,"max_hp_loss":0.0,"gold_gain":0.0,"event_name":"WeMeetAgain","player_choice":"Gave Card","floor":2.0,"gold_loss":0.0,"damage_taken":0.0,"relics_obtained":["Nunchaku"]},{"damage_healed":0.0,"max_hp_gain":0.0,"max_hp_loss":0.0,"gold_gain":150.0,"event_name":"Liars Game","player_choice":"AGREE","floor":4.0,"gold_loss":0.0,"damage_taken":0.0,"cards_obtained":["Doubt"]},{"damage_healed":0.0,"max_hp_gain":0.0,"max_hp_loss":0.0,"gold_gain":0.0,"event_name":"Shining Light","player_choice":"Entered Light","floor":7.0,"gold_loss":0.0,"damage_taken":20.0,"cards_upgraded":["Blur","Survivor"]},{"damage_healed":0.0,"max_hp_gain":0.0,"max_hp_loss":0.0,"gold_gain":75.0,"event_name":"World of Goop","player_choice":"Gather Gold","floor":10.0,"gold_loss":0.0,"damage_taken":11.0},{"damage_healed":0.0,"max_hp_gain":0.0,"max_hp_loss":0.0,"gold_gain":0.0,"event_name":"Back to Basics","player_choice":"Simplicity","floor":20.0,"gold_loss":0.0,"damage_taken":0.0,"cards_upgraded":["Defend_G","Defend_G","Defend_G","Defend_G","Strike_G","Strike_G","Strike_G","Strike_G","Strike_G"]},{"damage_healed":0.0,"max_hp_gain":0.0,"max_hp_loss":0.0,"gold_gain":360.0,"event_name":"Knowing Skull","player_choice":"POTION GOLD GOLD GOLD GOLD ","floor":21.0,"potions_obtained":["SteroidPotion"],"gold_loss":0.0,"damage_taken":36.0,"cards_obtained":[]},{"damage_healed":0.0,"max_hp_gain":0.0,"max_hp_loss":0.0,"gold_gain":50.0,"event_name":"Nest","player_choice":"Stole From Cult","floor":25.0,"gold_loss":0.0,"damage_taken":0.0},{"damage_healed":0.0,"max_hp_gain":0.0,"max_hp_loss":0.0,"gold_gain":0.0,"event_name":"Vampires","player_choice":"Became a vampire (Vial)","floor":28.0,"relics_lost":["Blood Vial"],"gold_loss":0.0,"damage_taken":0.0,"cards_obtained":["Bite","Bite","Bite","Bite","Bite"]},{"cards_removed":["Parasite"],"damage_healed":0.0,"max_hp_gain":0.0,"max_hp_loss":0.0,"gold_gain":0.0,"event_name":"Purifier","player_choice":"Purged","floor":37.0,"gold_loss":0.0,"damage_taken":0.0},{"cards_removed":["Venomology"],"damage_healed":15.0,"max_hp_gain":10.0,"max_hp_loss":0.0,"gold_gain":0.0,"event_name":"Bonfire Elementals","player_choice":"Offered Rare","floor":41.0,"gold_loss":0.0,"damage_taken":0.0},{"damage_healed":15.0,"max_hp_gain":0.0,"max_hp_loss":0.0,"gold_gain":0.0,"event_name":"Winding Halls","player_choice":"Writhe","floor":47.0,"gold_loss":0.0,"damage_taken":0.0,"cards_obtained":["Writhe"]}],"is_beta":true,"boss_relics":[{"not_picked":["Lizard Tail","Snecko Eye"],"picked":"Calling Bell"},{"not_picked":["Coffee Dripper","Philosopher\u0027s Stone"],"picked":"Orrery"}],"items_purged_floors":[11,19],"is_endless":false,"potions_floor_spawned":[5,16,31,33,36,46,48],"ascension_level":15}