{"gold_per_floor":[116,134,145,158,169,169,187,199,225,225,242,255,290,303,303,407,407,421,436,436,436,436],"floor_reached":22,"playtime":1764,"items_purged":[],"score":258,"play_id":"9874d63b-6837-42f6-aba8-62dbfb4e45ee","local_time":"20181117125618","is_ascension_mode":true,"campfire_choices":[{"data":"Armaments","floor":6,"key":"SMITH"},{"data":"Disarm","floor":15,"key":"SMITH"}],"neow_cost":"NONE","seed_source_timestamp":225516041549876,"circlet_count":0,"master_deck":["Defend_R","Defend_R","Defend_R","Defend_R","Bash","Fire Breathing","True Grit","Dropkick","Armaments+1","Ghostly Armor","Battle Trance","Cleave","Shockwave","Rampage","Body Slam","Disarm+1","Feed","Dual Wield+1","Armaments+1","Bite","Bite","Bite","Bite","Bite","Shame"],"relics":["Burning Blood","Happy Flower","GremlinMask","Ancient Tea Set","White Beast Statue","Oddly Smooth Stone"],"potions_floor_usage":[12,16,16,18,19],"damage_taken":[{"damage":6,"enemies":"Cultist","floor":1,"turns":3},{"damage":0,"enemies":"Small Slimes","floor":2,"turns":4},{"damage":4,"enemies":"Jaw Worm","floor":3,"turns":4},{"damage":0,"enemies":"2 Fungi Beasts","floor":4,"turns":4},{"damage":12,"enemies":"Looter","floor":5,"turns":4},{"damage":7,"enemies":"3 Louse","floor":7,"turns":5},{"damage":7,"enemies":"Large Slime","floor":8,"turns":8},{"damage":7,"enemies":"Looter","floor":11,"turns":4},{"damage":8,"enemies":"Blue Slaver","floor":12,"turns":4},{"damage":25,"enemies":"3 Sentries","floor":13,"turns":5},{"damage":19,"enemies":"3 Louse","floor":14,"turns":3},{"damage":54,"enemies":"Slime Boss","floor":16,"turns":12},{"damage":21,"enemies":"3 Byrds","floor":18,"turns":10},{"damage":48,"enemies":"2 Thieves","floor":19,"turns":5},{"damage":51,"enemies":"Sentry and Sphere","floor":22,"turns":5}],"seed_played":"-3564462534209257924","potions_obtained":[{"floor":1,"key":"Regen Potion"},{"floor":2,"key":"Dexterity Potion"},{"floor":7,"key":"Weak Potion"},{"floor":12,"key":"BloodPotion"},{"floor":16,"key":"PowerPotion"},{"floor":18,"key":"Fruit Juice"},{"floor":19,"key":"Energy Potion"}],"is_trial":false,"path_per_floor":["M","M","M","M","M","R","M","M","T","?","M","M","E","M","R","B",null,"M","M","?","?","M"],"character_chosen":"IRONCLAD","items_purchased":[],"campfire_rested":0,"item_purchase_floors":[],"current_hp_per_floor":[88,88,88,88,82,82,81,80,80,80,79,77,58,45,45,20,88,81,39,39,39,0],"gold":436,"neow_bonus":"TEN_PERCENT_HP_BONUS","is_prod":false,"is_daily":false,"chose_seed":false,"campfire_upgraded":2,"win_rate":0,"timestamp":1542477378,"path_taken":["M","?","M","M","M","R","M","M","T","?","?","M","E","M","R","BOSS","M","M","?","?","M"],"build_version":"2018-11-15","purchased_purges":0,"victory":false,"max_hp_per_floor":[88,88,88,88,88,88,88,88,88,88,88,88,88,88,88,88,88,96,96,67,67,67],"card_choices":[{"not_picked":["Searing Blow","Clash"],"picked":"Fire Breathing","floor":1},{"not_picked":["Pommel Strike","Headbutt"],"picked":"True Grit","floor":2},{"not_picked":["Twin Strike","Sword Boomerang"],"picked":"Dropkick","floor":3},{"not_picked":["Dropkick","Flex"],"picked":"Armaments","floor":4},{"not_picked":["Pommel Strike","Flex"],"picked":"Ghostly Armor","floor":5},{"not_picked":["Corruption","Armaments"],"picked":"Battle Trance","floor":7},{"not_picked":["Shrug It Off","Battle Trance"],"picked":"Cleave","floor":8},{"not_picked":["Carnage","Havoc"],"picked":"Shockwave","floor":11},{"not_picked":["Havoc","Perfected Strike"],"picked":"Rampage","floor":12},{"not_picked":["Bloodletting","Sentinel"],"picked":"Body Slam","floor":13},{"not_picked":["Berserk","Clothesline"],"picked":"Disarm","floor":14},{"not_picked":["Fiend Fire","Juggernaut"],"picked":"Feed","floor":16},{"not_picked":["Corruption","Anger"],"picked":"Dual Wield+1","floor":18},{"not_picked":["Clash","Anger"],"picked":"Armaments+1","floor":19}],"player_experience":492131,"relics_obtained":[{"floor":9,"key":"Happy Flower"},{"floor":13,"key":"Ancient Tea Set"}],"event_choices":[{"damage_healed":0,"gold_gain":0,"player_choice":"Trade","damage_taken":0,"relics_obtained":["GremlinMask"],"max_hp_gain":0,"max_hp_loss":0,"event_name":"FaceTrader","floor":10,"gold_loss":0},{"damage_healed":0,"gold_gain":0,"player_choice":"Became a vampire","damage_taken":0,"max_hp_gain":0,"max_hp_loss":29,"event_name":"Vampires","floor":20,"gold_loss":0,"cards_obtained":["Bite","Bite","Bite","Bite","Bite"]},{"damage_healed":0,"gold_gain":0,"player_choice":"Stole Relic","damage_taken":0,"relics_obtained":["Oddly Smooth Stone"],"max_hp_gain":0,"max_hp_loss":0,"event_name":"Addict","floor":21,"gold_loss":0,"cards_obtained":["Shame"]}],"is_beta":true,"boss_relics":[{"not_picked":["Velvet Choker","Runic Dome"],"picked":"White Beast Statue"}],"items_purged_floors":[],"is_endless":false,"potions_floor_spawned":[1,2,7,12,13,14,16,18,19],"killed_by":"Sentry and Sphere","ascension_level":4}