{"gold_per_floor":[117,117,117,117,117,146,146,175,175,175,22,53,68,68,68,163,213,226,226,238,18,36,36,49,49,349,378,397,410,509,528,528,631,631,644,655,225,225,237,271,285,285,285,285,301,301,301,336,336,336,336,336,94,120,120],"floor_reached":55,"playtime":3198,"items_purged":["Writhe"],"score":902,"play_id":"a83c4349-7d80-4817-adf8-bef77284b77f","local_time":"20190624193926","is_ascension_mode":true,"campfire_choices":[{"data":"1","floor":7,"key":"LIFT"},{"floor":10,"key":"RECALL"},{"floor":15,"key":"REST"},{"data":"2","floor":23,"key":"LIFT"},{"floor":32,"key":"REST"},{"floor":42,"key":"REST"},{"data":"3","floor":44,"key":"LIFT"},{"floor":47,"key":"REST"},{"data":"Limit Break","floor":49,"key":"SMITH"},{"data":"Barricade","floor":52,"key":"SMITH"}],"neow_cost":"NONE","seed_source_timestamp":178575424500,"circlet_count":0,"master_deck":["Strike_R","Strike_R+1","Strike_R","Strike_R","Strike_R","Defend_R+1","Defend_R+1","Defend_R","Defend_R","Bash","Cleave","Headbutt+1","Clash+1","Bludgeon+1","Whirlwind+1","Ghostly Armor","Impervious","Disarm","Body Slam+1","Anger+1","Anger+1","Limit Break+1","Shrug It Off+1","Limit Break+1","Cleave+1","Iron Wave+1","Barricade+1","Clothesline+1","Uppercut+1","Madness+1","Madness+1","Shockwave+1","Inflame","Cleave+1"],"relics":["Burning Blood","Red Skull","Ancient Tea Set","Molten Egg 2","Girya","Turnip","War Paint","Charon\u0027s Ashes","Tiny House","Ornamental Fan","PreservedInsect","Nilry\u0027s Codex","Old Coin","Happy Flower","Busted Crown","Bronze Scales","Strange Spoon","Mummified Hand","Toxic Egg 2","Ice Cream","Vajra","StoneCalendar"],"potions_floor_usage":[6,18,27,31,31,33,33,45,48,55,55],"damage_taken":[{"damage":4,"enemies":"2 Louse","floor":1,"turns":3},{"damage":40,"enemies":"3 Sentries","floor":6,"turns":7},{"damage":8,"enemies":"Gremlin Nob","floor":8,"turns":3},{"damage":22,"enemies":"Lagavulin","floor":12,"turns":3},{"damage":0,"enemies":"Small Slimes","floor":13,"turns":1},{"damage":0,"enemies":"Slime Boss","floor":16,"turns":3},{"damage":21,"enemies":"3 Byrds","floor":18,"turns":6},{"damage":0,"enemies":"2 Thieves","floor":20,"turns":4},{"damage":16,"enemies":"Snecko","floor":22,"turns":3},{"damage":0,"enemies":"Sentry and Sphere","floor":24,"turns":5},{"damage":23,"enemies":"Book of Stabbing","floor":27,"turns":5},{"damage":21,"enemies":"Shelled Parasite and Fungi","floor":28,"turns":3},{"damage":14,"enemies":"Snake Plant","floor":29,"turns":2},{"damage":11,"enemies":"Sentry and Sphere","floor":31,"turns":3},{"damage":30,"enemies":"Champ","floor":33,"turns":9},{"damage":0,"enemies":"3 Shapes","floor":35,"turns":2},{"damage":14,"enemies":"Orb Walker","floor":36,"turns":3},{"damage":18,"enemies":"Spire Growth","floor":39,"turns":3},{"damage":37,"enemies":"Giant Head","floor":40,"turns":7},{"damage":11,"enemies":"Sphere and 2 Shapes","floor":41,"turns":3},{"damage":0,"enemies":"4 Shapes","floor":45,"turns":2},{"damage":10,"enemies":"Reptomancer","floor":48,"turns":3},{"damage":56,"enemies":"Donu and Deca","floor":50,"turns":7},{"damage":41,"enemies":"Shield and Spear","floor":54,"turns":3},{"damage":74,"enemies":"The Heart","floor":55,"turns":5}],"seed_played":"-2603073112800648937","potions_obtained":[{"floor":1,"key":"EssenceOfSteel"},{"floor":16,"key":"SpeedPotion"},{"floor":17,"key":"BloodPotion"},{"floor":22,"key":"Energy Potion"},{"floor":24,"key":"Weak Potion"},{"floor":29,"key":"Swift Potion"},{"floor":31,"key":"Block Potion"},{"floor":35,"key":"Fire Potion"},{"floor":39,"key":"Energy Potion"},{"floor":45,"key":"AttackPotion"}],"is_trial":false,"path_per_floor":["M","?","?","?","T","E","R","E","T","R","$","E","M","?","R","B",null,"M","?","M","$","M","R","M","?","T","E","M","M","?","M","R","B",null,"M","M","$","?","M","E","M","R","T","R","M","?","R","E","R","B",null,"R","$","E","B"],"character_chosen":"IRONCLAD","items_purchased":["Bludgeon+1","PreservedInsect","Bronze Scales","Strange Spoon","Regen Potion","Fire Potion","Vajra","Inflame"],"campfire_rested":4,"item_purchase_floors":[11,21,37,37,37,53,53,53],"current_hp_per_floor":[80,73,73,73,73,39,39,37,37,37,37,21,27,27,51,57,85,70,70,76,76,66,66,72,56,56,39,24,16,16,11,36,20,85,85,77,77,77,65,34,29,54,54,54,69,58,83,79,79,29,85,85,85,50,0],"gold":120,"neow_bonus":"RANDOM_COMMON_RELIC","is_prod":false,"is_daily":false,"chose_seed":false,"campfire_upgraded":2,"win_rate":0,"timestamp":1561419566,"path_taken":["M","?","?","?","?","E","R","E","T","R","?","E","M","?","R","BOSS","M","?","M","$","M","R","M","?","T","E","M","?","?","M","R","BOSS","M","M","$","?","?","E","M","R","T","R","M","?","R","E","R","BOSS","R","$","E","BOSS"],"build_version":"2019-01-23","purchased_purges":1,"victory":false,"max_hp_per_floor":[80,80,80,80,80,80,80,80,80,80,80,80,80,80,80,80,85,85,85,85,85,85,85,85,85,85,85,85,85,85,85,85,85,85,85,85,85,85,85,85,85,85,85,85,85,85,85,85,85,85,85,85,85,85,85],"card_choices":[{"not_picked":["Twin Strike","Carnage"],"picked":"Cleave","floor":1},{"not_picked":["Wild Strike+1","Bloodletting"],"picked":"Headbutt+1","floor":6},{"not_picked":["Pommel Strike+1","Headbutt+1"],"picked":"Clash+1","floor":8},{"not_picked":["Perfected Strike+1","Thunderclap+1"],"picked":"Whirlwind+1","floor":12},{"not_picked":["Twin Strike+1","Body Slam+1"],"picked":"Ghostly Armor","floor":13},{"not_picked":["Fiend Fire+1","Immolate+1"],"picked":"Impervious","floor":16},{"not_picked":["Reckless Charge+1","Wild Strike+1"],"picked":"Disarm","floor":17},{"not_picked":["Warcry+1","Flex"],"picked":"Body Slam+1","floor":18},{"not_picked":["Feel No Pain","Iron Wave+1"],"picked":"Anger+1","floor":20},{"not_picked":["Sword Boomerang+1","Twin Strike+1"],"picked":"Anger+1","floor":22},{"not_picked":["Wild Strike+1","Rage"],"picked":"Limit Break","floor":24},{"not_picked":["Perfected Strike+1","Iron Wave+1"],"picked":"Shrug It Off+1","floor":27},{"not_picked":["Headbutt+1","Perfected Strike+1"],"picked":"Limit Break","floor":28},{"not_picked":["Body Slam+1","Berserk"],"picked":"Cleave+1","floor":29},{"not_picked":["Wild Strike+1","Heavy Blade+1"],"picked":"Iron Wave+1","floor":31},{"not_picked":["Immolate+1","Brutality"],"picked":"Barricade","floor":33},{"not_picked":[],"picked":"Clothesline+1","floor":35},{"not_picked":["Reckless Charge+1"],"picked":"SKIP","floor":36},{"not_picked":["Warcry"],"picked":"SKIP","floor":39},{"not_picked":["Perfected Strike+1"],"picked":"SKIP","floor":40},{"not_picked":["Second Wind"],"picked":"SKIP","floor":41},{"not_picked":[],"picked":"Uppercut+1","floor":45},{"not_picked":[],"picked":"Shockwave+1","floor":48},{"not_picked":[],"picked":"Cleave+1","floor":54}],"player_experience":504321,"relics_obtained":[{"floor":5,"key":"Molten Egg 2"},{"floor":6,"key":"Girya"},{"floor":8,"key":"Turnip"},{"floor":12,"key":"War Paint"},{"floor":25,"key":"Nilry\u0027s Codex"},{"floor":26,"key":"Old Coin"},{"floor":27,"key":"Happy Flower"},{"floor":40,"key":"Mummified Hand"},{"floor":43,"key":"Toxic Egg 2"},{"floor":48,"key":"Ice Cream"},{"floor":54,"key":"StoneCalendar"}],"event_choices":[{"damage_healed":0,"gold_gain":0,"player_choice":"Success","damage_taken":7,"relics_obtained":["Ancient Tea Set"],"max_hp_gain":0,"max_hp_loss":0,"event_name":"Scrap Ooze","floor":2,"gold_loss":0},{"damage_healed":0,"gold_gain":0,"player_choice":"Leave","damage_taken":0,"max_hp_gain":0,"max_hp_loss":0,"event_name":"The Cleric","floor":3,"gold_loss":0},{"damage_healed":0,"gold_gain":0,"player_choice":"Ignored","damage_taken":0,"max_hp_gain":0,"max_hp_loss":0,"event_name":"Golden Wing","floor":4,"gold_loss":0},{"damage_healed":0,"gold_gain":0,"player_choice":"Searched \u00271\u0027 times","damage_taken":0,"relics_obtained":["Charon\u0027s Ashes"],"max_hp_gain":0,"max_hp_loss":0,"event_name":"Dead Adventurer","floor":14,"gold_loss":0},{"damage_healed":0,"gold_gain":0,"player_choice":"Opened","damage_taken":0,"relics_obtained":["Ornamental Fan"],"max_hp_gain":0,"max_hp_loss":0,"event_name":"The Mausoleum","floor":19,"gold_loss":0,"cards_obtained":["Writhe"]},{"damage_healed":0,"gold_gain":0,"player_choice":"Obtained Book","damage_taken":16,"max_hp_gain":0,"max_hp_loss":0,"event_name":"Cursed Tome","floor":25,"gold_loss":0},{"damage_healed":0,"gold_gain":99,"player_choice":"Stole From Cult","damage_taken":0,"max_hp_gain":0,"max_hp_loss":0,"event_name":"Nest","floor":30,"gold_loss":0},{"damage_healed":0,"gold_gain":0,"player_choice":"Upgraded","damage_taken":0,"max_hp_gain":0,"max_hp_loss":0,"event_name":"Upgrade Shrine","floor":38,"gold_loss":0,"cards_upgraded":["Limit Break"]},{"damage_healed":0,"gold_gain":0,"player_choice":"Embrace Madness","damage_taken":11,"max_hp_gain":0,"max_hp_loss":0,"event_name":"Winding Halls","floor":46,"gold_loss":0,"cards_obtained":["Madness","Madness"]}],"is_beta":false,"boss_relics":[{"not_picked":["Philosopher\u0027s Stone","Empty Cage"],"picked":"Tiny House"},{"not_picked":["Sozu","Snecko Eye"],"picked":"Busted Crown"}],"items_purged_floors":[21],"is_endless":false,"potions_floor_spawned":[1,16,22,24,29,31,35,39,41,45],"killed_by":"The Heart","ascension_level":3}