{"gold_per_floor":[119,134,146,146,165,175,175,192,192,212,212],"floor_reached":11,"playtime":519,"items_purged":[],"score":135,"play_id":"2c78c1cd-7f02-4fbe-a995-fc785dc21ea1","local_time":"20190216134540","is_ascension_mode":true,"campfire_choices":[{"data":"Static Discharge","floor":7.0,"key":"SMITH"}],"neow_cost":"NONE","seed_source_timestamp":234376456182860,"circlet_count":0,"master_deck":["AscendersBane","Strike_B","Strike_B","Strike_B","Defend_B","Defend_B","Defend_B","Defend_B","Zap","Dualcast","Capacitor","Stack","Coolheaded","Static Discharge+1","Chaos","Genetic Algorithm","FTL"],"special_seed":0,"relics":["Cracked Core","Gremlin Horn"],"potions_floor_usage":[10],"damage_taken":[{"damage":0.0,"enemies":"Small Slimes","floor":1.0,"turns":3.0},{"damage":1.0,"enemies":"Cultist","floor":2.0,"turns":3.0},{"damage":4.0,"enemies":"2 Louse","floor":3.0,"turns":3.0},{"damage":15.0,"enemies":"Large Slime","floor":5.0,"turns":9.0},{"damage":14.0,"enemies":"Exordium Wildlife","floor":6.0,"turns":6.0},{"damage":11.0,"enemies":"Looter","floor":8.0,"turns":3.0},{"damage":10,"enemies":"Exordium Thugs","floor":10,"turns":4},{"damage":16,"enemies":"Blue Slaver","floor":11,"turns":2}],"seed_played":"6058994532689655527","potions_obtained":[{"floor":1.0,"key":"SpeedPotion"},{"floor":2.0,"key":"PowerPotion"},{"floor":6.0,"key":"Block Potion"},{"floor":10,"key":"AttackPotion"}],"is_trial":false,"path_per_floor":["M","M","M","?","M","M","R","M","T","M","M"],"character_chosen":"DEFECT","items_purchased":[],"campfire_rested":0,"item_purchase_floors":[],"current_hp_per_floor":[71,70,66,66,51,37,37,26,26,16,0],"gold":212,"neow_bonus":"TEN_PERCENT_HP_BONUS","is_prod":false,"is_daily":false,"chose_seed":false,"campfire_upgraded":1,"win_rate":0,"timestamp":1550342740,"path_taken":["M","M","M","?","M","M","R","M","T","M","M"],"build_version":"2019-02-06","purchased_purges":0,"victory":false,"max_hp_per_floor":[78,78,78,78,78,78,78,78,78,78,78],"card_choices":[{"not_picked":["Compile Driver","Scrape"],"picked":"Capacitor","floor":1.0},{"not_picked":["Lockon","Ball Lightning"],"picked":"Stack","floor":2.0},{"not_picked":["Auto Shields","Steam"],"picked":"Coolheaded","floor":3.0},{"not_picked":["Conserve Battery","FTL"],"picked":"Static Discharge","floor":5.0},{"not_picked":["Gash","Sweeping Beam"],"picked":"Chaos","floor":6.0},{"not_picked":["Cold Snap","Steam"],"picked":"Genetic Algorithm","floor":8.0},{"not_picked":["Ball Lightning","Streamline"],"picked":"FTL","floor":10}],"player_experience":980698,"relics_obtained":[{"floor":9.0,"key":"Gremlin Horn"}],"event_choices":[{"cards_removed":["Strike_B"],"damage_healed":0.0,"max_hp_gain":0.0,"max_hp_loss":0.0,"gold_gain":0.0,"event_name":"Purifier","player_choice":"Purged","floor":4.0,"gold_loss":0.0,"damage_taken":0.0}],"is_beta":true,"boss_relics":[],"items_purged_floors":[],"is_endless":false,"potions_floor_spawned":[1,2,6,10],"killed_by":"Blue Slaver","ascension_level":19}