{"gold_per_floor":[118,168,185,44,61,61,61,97,121,135,135,160,176,156,156,156],"floor_reached":16,"playtime":682,"items_purged":[],"score":199,"play_id":"c02f6660-a9b0-408c-82d9-9d70c494066d","local_time":"20190220155836","is_ascension_mode":true,"campfire_choices":[{"data":"Noxious Fumes","floor":6.0,"key":"SMITH"},{"data":"Neutralize","floor":11.0,"key":"SMITH"},{"floor":15.0,"key":"REST"}],"neow_cost":"NONE","seed_source_timestamp":587818293623861,"circlet_count":0,"master_deck":["AscendersBane","Defend_G","Defend_G","Defend_G","Defend_G","Defend_G","Strike_G","Strike_G","Strike_G","Strike_G","Strike_G","Survivor","Neutralize+1","PiercingWail","Noxious Fumes+1","Backflip","Injury","Prepared","Die Die Die","PiercingWail","Deflect"],"special_seed":0,"relics":["Ring of the Snake","Tiny Chest","Golden Idol","Boot","Blood Vial"],"potions_floor_usage":[16,16],"damage_taken":[{"damage":3.0,"enemies":"Jaw Worm","floor":1.0,"turns":5.0},{"damage":5.0,"enemies":"Cultist","floor":3.0,"turns":6.0},{"damage":0.0,"enemies":"2 Louse","floor":5.0,"turns":4.0},{"damage":12.0,"enemies":"3 Sentries","floor":8.0,"turns":8.0},{"damage":0.0,"enemies":"Looter","floor":10.0,"turns":5.0},{"damage":16.0,"enemies":"Red Slaver","floor":12.0,"turns":5.0},{"damage":4.0,"enemies":"Blue Slaver","floor":13.0,"turns":5.0},{"damage":54,"enemies":"Slime Boss","floor":16,"turns":9}],"seed_played":"-3158499998891691097","potions_obtained":[{"floor":8.0,"key":"SkillPotion"},{"floor":12.0,"key":"Block Potion"},{"floor":13.0,"key":"PowerPotion"}],"is_trial":false,"path_per_floor":["M","?","M","$","M","R","?","E","T","M","R","M","M","?","R","B"],"character_chosen":"THE_SILENT","items_purchased":["Tiny Chest"],"campfire_rested":1,"item_purchase_floors":[4],"current_hp_per_floor":[62,55,50,50,50,50,50,38,38,40,40,26,24,24,45,0],"gold":156,"neow_bonus":"TEN_PERCENT_HP_BONUS","is_prod":false,"is_daily":false,"chose_seed":false,"campfire_upgraded":2,"win_rate":0,"timestamp":1550696316,"path_taken":["M","?","M","?","?","R","?","E","T","M","R","M","M","?","R","BOSS"],"build_version":"2019-02-06","purchased_purges":0,"victory":false,"max_hp_per_floor":[72,72,72,72,72,72,72,72,72,72,72,72,72,72,72,72],"card_choices":[{"not_picked":["Dagger Spray","Acrobatics"],"picked":"PiercingWail","floor":1.0},{"not_picked":["Dodge and Roll","Leg Sweep"],"picked":"Noxious Fumes","floor":3.0},{"not_picked":["Reflex","Dagger Throw"],"picked":"Backflip","floor":5.0},{"not_picked":["Skewer","Underhanded Strike"],"picked":"Prepared","floor":8.0},{"not_picked":["Backflip","Blade Dance"],"picked":"Die Die Die","floor":10.0},{"not_picked":["Dagger Throw","Bane"],"picked":"PiercingWail","floor":12.0},{"not_picked":["Accuracy","Finisher"],"picked":"Deflect","floor":13.0}],"player_experience":996962,"relics_obtained":[{"floor":8.0,"key":"Boot"},{"floor":9.0,"key":"Blood Vial"}],"event_choices":[{"damage_healed":0.0,"max_hp_gain":0.0,"max_hp_loss":0.0,"gold_gain":50.0,"event_name":"FaceTrader","player_choice":"Touch","floor":2.0,"gold_loss":0.0,"damage_taken":7.0},{"damage_healed":0.0,"max_hp_gain":0.0,"max_hp_loss":0.0,"gold_gain":0.0,"event_name":"Golden Idol","player_choice":"Take Wound","floor":7.0,"gold_loss":0.0,"damage_taken":0.0,"relics_obtained":["Golden Idol"],"cards_obtained":["Injury"]},{"damage_healed":0.0,"max_hp_gain":0.0,"max_hp_loss":0.0,"gold_gain":0.0,"event_name":"The Woman in Blue","player_choice":"Bought 1 Potion","floor":14.0,"gold_loss":0.0,"damage_taken":0.0}],"is_beta":true,"boss_relics":[],"items_purged_floors":[],"is_endless":false,"potions_floor_spawned":[8,12,13],"killed_by":"Slime Boss","ascension_level":19}