{"gold_per_floor":[111,131,145,163,181,181,192,192,243,243,256,273,296,371,371,474,474,491,491,491,505,520,520,534,534,561,575,588,62,62,88,88,188,188,202,221,221,241,106,106,116,116,142,142,17,117,128,128,128,128],"floor_reached":51,"playtime":5097,"items_purged":["Writhe","Strike_B","Strike_B"],"score":638,"play_id":"7fb3d386-a82a-472e-8983-ba9cf78e3527","local_time":"20181110074707","is_ascension_mode":false,"campfire_choices":[{"data":"Genetic Algorithm","floor":6,"key":"SMITH"},{"data":"Leap","floor":8,"key":"SMITH"},{"data":"Go for the Eyes","floor":10,"key":"SMITH"},{"data":"Undo","floor":15,"key":"SMITH"},{"data":"Zap","floor":23,"key":"SMITH"},{"floor":25,"key":"REST"},{"data":"Chaos","floor":30,"key":"SMITH"},{"data":"Compile Driver","floor":32,"key":"SMITH"},{"data":"Lockon","floor":40,"key":"SMITH"},{"data":"Dualcast","floor":42,"key":"SMITH"},{"data":"Seek","floor":44,"key":"SMITH"},{"floor":49,"key":"DIG"}],"neow_cost":"PERCENT_DAMAGE","seed_source_timestamp":222183189350347,"circlet_count":0,"master_deck":["Defend_B","Defend_B","Defend_B","Defend_B","Zap+1","Dualcast+1","Leap+1","Genetic Algorithm+1","Self Repair","Go for the Eyes+1","White Noise","Undo+1","Seek+1","BootSequence","Compile Driver+1","BootSequence","Chaos+1","Compile Driver+1","Lockon+1","White Noise"],"relics":["Cracked Core","DataDisk","Odd Mushroom","Busted Crown","Omamori","Oddly Smooth Stone","Symbiotic Virus","Medical Kit","Question Card","Inserter","Shovel","Orichalcum"],"potions_floor_usage":[13,18,21,22,24,33,38,50,50,50],"damage_taken":[{"damage":0,"enemies":"Cultist","floor":1,"turns":3},{"damage":0,"enemies":"2 Louse","floor":2,"turns":3},{"damage":9,"enemies":"Jaw Worm","floor":3,"turns":5},{"damage":7,"enemies":"Large Slime","floor":4,"turns":9},{"damage":10,"enemies":"Lots of Slimes","floor":5,"turns":8},{"damage":0,"enemies":"Blue Slaver","floor":7,"turns":4},{"damage":0,"enemies":"Looter","floor":11,"turns":4},{"damage":0,"enemies":"3 Louse","floor":12,"turns":4},{"damage":4,"enemies":"The Mushroom Lair","floor":13,"turns":4},{"damage":34,"enemies":"Slime Boss","floor":16,"turns":18},{"damage":0,"enemies":"3 Byrds","floor":18,"turns":7},{"damage":5,"enemies":"Spheric Guardian","floor":21,"turns":5},{"damage":15,"enemies":"Snecko","floor":22,"turns":9},{"damage":48,"enemies":"3 Cultists","floor":24,"turns":8},{"damage":4,"enemies":"Snake Plant","floor":27,"turns":6},{"damage":5,"enemies":"Centurion and Healer","floor":28,"turns":9},{"damage":6,"enemies":"Book of Stabbing","floor":31,"turns":6},{"damage":18,"enemies":"Collector","floor":33,"turns":17},{"damage":9,"enemies":"3 Darklings","floor":35,"turns":9},{"damage":0,"enemies":"3 Shapes","floor":36,"turns":7},{"damage":45,"enemies":"Sphere and 2 Shapes","floor":38,"turns":8},{"damage":6,"enemies":"Jaw Worm Horde","floor":41,"turns":5},{"damage":0,"enemies":"Mind Bloom Boss Battle","floor":46,"turns":8},{"damage":0,"enemies":"Spire Growth","floor":47,"turns":5},{"damage":11,"enemies":"Time Eater","floor":50,"turns":9}],"seed_played":"-8592671163678282097","potions_obtained":[{"floor":1,"key":"SkillPotion"},{"floor":2,"key":"SkillPotion"},{"floor":7,"key":"Strength Potion"},{"floor":11,"key":"Explosive Potion"},{"floor":20,"key":"Fruit Juice"},{"floor":20,"key":"FocusPotion"},{"floor":21,"key":"Weak Potion"},{"floor":22,"key":"Strength Potion"},{"floor":31,"key":"GamblersBrew"},{"floor":35,"key":"Regen Potion"},{"floor":47,"key":"Weak Potion"}],"is_trial":false,"path_per_floor":["M","M","M","M","M","R","M","R","T","R","M","M","?","?","R","B",null,"M","?","?","M","M","R","M","R","T","M","M","$","R","E","R","B",null,"M","M","?","M","$","R","M","R","T","R","$","?","M","?","R","B",null],"character_chosen":"DEFECT","items_purchased":["Symbiotic Virus","Medical Kit","White Noise"],"campfire_rested":1,"item_purchase_floors":[29,29,39],"current_hp_per_floor":[54,54,45,45,42,42,49,49,49,49,56,63,66,55,55,28,75,75,75,75,75,67,67,26,50,50,53,62,62,62,63,63,52,80,78,80,80,57,57,57,58,58,58,58,58,65,72,72,72,68],"gold":128,"neow_bonus":"REMOVE_TWO","is_prod":false,"is_daily":false,"chose_seed":false,"campfire_upgraded":10,"win_rate":0,"timestamp":1541854027,"path_taken":["M","M","M","M","?","R","M","R","T","R","M","M","?","?","R","BOSS","M","?","?","M","M","R","?","R","T","M","M","$","R","E","R","BOSS","M","M","?","M","$","R","M","R","T","R","$","?","M","?","R","BOSS"],"build_version":"2018-11-08","purchased_purges":3,"victory":true,"max_hp_per_floor":[75,75,75,75,75,75,75,75,75,75,75,75,75,75,75,75,75,75,75,75,80,80,80,80,80,80,80,80,80,80,80,80,80,80,80,80,80,80,80,80,80,80,80,80,80,80,80,80,80,80],"card_choices":[{"not_picked":["Gash","Sunder"],"picked":"Leap","floor":1},{"not_picked":["Steam","Cold Snap"],"picked":"Genetic Algorithm","floor":2},{"not_picked":["Steam","Beam Cell"],"picked":"Self Repair","floor":3},{"not_picked":["Hologram","Gash","Compile Driver"],"picked":"SKIP","floor":4},{"not_picked":["Thunder Strike","FTL"],"picked":"Go for the Eyes","floor":5},{"not_picked":["Conserve Battery","Tempest"],"picked":"White Noise","floor":7},{"not_picked":["Steam","Turbo"],"picked":"Undo","floor":11},{"not_picked":["Redo","Sweeping Beam"],"picked":"Seek","floor":12},{"not_picked":["Ball Lightning","Beam Cell"],"picked":"BootSequence","floor":13},{"not_picked":[],"picked":"Compile Driver+1","floor":18},{"not_picked":[],"picked":"BootSequence","floor":21},{"not_picked":["Gash"],"picked":"SKIP","floor":22},{"not_picked":["Lockon"],"picked":"SKIP","floor":24},{"not_picked":["Skim"],"picked":"SKIP","floor":27},{"not_picked":[],"picked":"Chaos","floor":28},{"not_picked":[],"picked":"Compile Driver","floor":31},{"not_picked":["Redo+1"],"picked":"Lockon","floor":35},{"not_picked":["Rebound+1","Conserve Battery"],"picked":"SKIP","floor":36},{"not_picked":["Turbo+1","Rebound"],"picked":"SKIP","floor":38},{"not_picked":["Leap","Storm"],"picked":"SKIP","floor":41},{"not_picked":["Steam","Coolheaded+1"],"picked":"SKIP","floor":47}],"player_experience":298096,"relics_obtained":[{"floor":9,"key":"DataDisk"},{"floor":13,"key":"Odd Mushroom"},{"floor":26,"key":"Oddly Smooth Stone"},{"floor":31,"key":"Question Card"},{"floor":46,"key":"Shovel"},{"floor":49,"key":"Orichalcum"}],"event_choices":[{"damage_healed":0,"gold_gain":0,"player_choice":"Fought Mushrooms","damage_taken":0,"max_hp_gain":0,"max_hp_loss":0,"event_name":"Mushrooms","floor":13,"gold_loss":0},{"damage_healed":0,"gold_gain":75,"player_choice":"Gather Gold","damage_taken":11,"max_hp_gain":0,"max_hp_loss":0,"event_name":"World of Goop","floor":14,"gold_loss":0},{"damage_healed":0,"gold_gain":0,"player_choice":"Opened","damage_taken":0,"relics_obtained":["Omamori"],"max_hp_gain":0,"max_hp_loss":0,"event_name":"The Mausoleum","floor":19,"gold_loss":0,"cards_obtained":["Writhe"]},{"damage_healed":0,"gold_gain":0,"player_choice":"Got Potions","damage_taken":0,"max_hp_gain":0,"max_hp_loss":0,"event_name":"Lab","floor":20,"gold_loss":0},{"damage_healed":0,"gold_gain":0,"player_choice":"Ignored","damage_taken":0,"max_hp_gain":0,"max_hp_loss":0,"event_name":"Tomb of Lord Red Mask","floor":37,"gold_loss":0},{"damage_healed":0,"gold_gain":0,"player_choice":"Fight","damage_taken":0,"max_hp_gain":0,"max_hp_loss":0,"event_name":"MindBloom","floor":46,"gold_loss":0},{"damage_healed":0,"gold_gain":0,"player_choice":"Ignored","damage_taken":0,"max_hp_gain":0,"max_hp_loss":0,"event_name":"Mysterious Sphere","floor":48,"gold_loss":0}],"is_beta":true,"boss_relics":[{"not_picked":["FrozenCore","Fusion Hammer"],"picked":"Busted Crown"},{"not_picked":["Lizard Tail","Orrery"],"picked":"Inserter"}],"items_purged_floors":[29,39,45],"is_endless":false,"potions_floor_spawned":[1,2,7,11,12,21,22,31,35,47],"ascension_level":0}