{"gold_per_floor":[216,15,28,47,58,85,85,111,190,190,190,190,216,291,291,370,370,380,397,312,322,336,336,396,396,396,396,396,423,423,443,443,515,515,525,525,541,559,559,559,559,559],"floor_reached":42,"playtime":1967,"items_purged":[],"score":749,"play_id":"384fd4d4-1c3e-42ed-bd2e-aa7dfa378e82","local_time":"20190710183321","is_ascension_mode":true,"campfire_choices":[{"data":"Brutality","floor":7,"key":"SMITH"},{"floor":10,"key":"REST"},{"data":"Spot Weakness","floor":11,"key":"SMITH"},{"floor":15,"key":"REST"},{"floor":23,"key":"REST"},{"floor":25,"key":"REST"},{"floor":30,"key":"REST"},{"floor":32,"key":"REST"},{"floor":40,"key":"REST"},{"floor":41,"key":"REST"}],"neow_cost":"NONE","seed_source_timestamp":1284816314002000,"circlet_count":0,"master_deck":["AscendersBane","Strike_R","Strike_R","Strike_R","Strike_R","Strike_R","Defend_R+1","Defend_R","Defend_R","Defend_R","Bash","Uppercut","Spot Weakness+1","Shockwave","Battle Trance","Evolve","Brutality+1","Demon Form","Anger","Immolate","Disarm","Uppercut","Power Through+1","Berserk","Power Through","Spot Weakness","Berserk","Flex+1","Heavy Blade+1","Barricade","Decay"],"relics":["Burning Blood","Art of War","WingedGreaves","Mummified Hand","Centennial Puzzle","Blood Vial","Fusion Hammer","Bag of Marbles","Tiny Chest","War Paint","Oddly Smooth Stone","Cursed Key"],"potions_floor_usage":[8,8,13,24,29,33,33,37,37],"damage_taken":[{"damage":0,"enemies":"Small Slimes","floor":1,"turns":3},{"damage":2,"enemies":"Jaw Worm","floor":3,"turns":4},{"damage":6,"enemies":"2 Louse","floor":4,"turns":2},{"damage":13,"enemies":"Large Slime","floor":5,"turns":5},{"damage":25,"enemies":"Lagavulin","floor":6,"turns":6},{"damage":27,"enemies":"Gremlin Nob","floor":8,"turns":4},{"damage":30,"enemies":"Lagavulin","floor":13,"turns":5},{"damage":37,"enemies":"Slime Boss","floor":16,"turns":7},{"damage":25,"enemies":"2 Thieves","floor":18,"turns":3},{"damage":5,"enemies":"Chosen","floor":19,"turns":3},{"damage":14,"enemies":"Snecko","floor":21,"turns":3},{"damage":23,"enemies":"3 Cultists","floor":22,"turns":4},{"damage":24,"enemies":"Gremlin Leader","floor":24,"turns":5},{"damage":60,"enemies":"Slavers","floor":29,"turns":6},{"damage":13,"enemies":"Centurion and Healer","floor":31,"turns":5},{"damage":43,"enemies":"Champ","floor":33,"turns":10},{"damage":27,"enemies":"3 Shapes","floor":35,"turns":3},{"damage":23,"enemies":"3 Darklings","floor":37,"turns":4},{"damage":28,"enemies":"Jaw Worm Horde","floor":38,"turns":3},{"damage":60,"enemies":"Giant Head","floor":42,"turns":6}],"seed_played":"-1270012781150291178","potions_obtained":[{"floor":1,"key":"Weak Potion"},{"floor":8,"key":"SkillPotion"},{"floor":18,"key":"LiquidBronze"},{"floor":24,"key":"Dexterity Potion"},{"floor":29,"key":"Block Potion"},{"floor":31,"key":"Strength Potion"},{"floor":33,"key":"SkillPotion"},{"floor":35,"key":"Explosive Potion"}],"is_trial":false,"path_per_floor":["M","$","M","M","M","E","R","E","T","R","R","?","E","?","R","B",null,"M","M","?","M","M","R","E","R","T","$","?","E","R","M","R","B",null,"M","?","M","M","?","R","R","E"],"character_chosen":"IRONCLAD","items_purchased":["Spot Weakness","Shockwave","Fire Potion"],"campfire_rested":8,"item_purchase_floors":[2,2,2],"current_hp_per_floor":[78,78,80,80,73,54,54,33,33,57,57,54,30,19,43,14,64,47,50,50,44,29,53,37,61,61,61,61,9,33,28,52,17,64,45,45,30,10,10,34,58,0],"gold":559,"neow_bonus":"HUNDRED_GOLD","is_prod":false,"is_daily":false,"chose_seed":false,"campfire_upgraded":2,"win_rate":0,"timestamp":1562798001,"path_taken":["M","$","M","M","M","E","R","E","T","R","R","?","E","?","R","BOSS","M","M","?","M","M","R","E","R","T","$","?","E","R","M","R","BOSS","M","?","M","M","?","R","R","E"],"build_version":"2019-07-05","purchased_purges":0,"victory":false,"max_hp_per_floor":[80,80,80,80,80,80,80,80,80,80,80,80,80,80,80,80,80,80,80,80,80,80,80,80,80,80,80,80,80,80,80,80,80,80,80,80,80,80,80,80,80,80],"card_choices":[{"not_picked":["Headbutt","Perfected Strike"],"picked":"Uppercut","floor":1},{"not_picked":["True Grit","Feel No Pain"],"picked":"Battle Trance","floor":3},{"not_picked":["Seeing Red","Iron Wave"],"picked":"Evolve","floor":4},{"not_picked":["Twin Strike","Perfected Strike","Pommel Strike"],"picked":"SKIP","floor":5},{"not_picked":["Clash","Wild Strike"],"picked":"Brutality","floor":6},{"not_picked":["Second Wind","Heavy Blade"],"picked":"Demon Form","floor":8},{"not_picked":["Havoc","Clash"],"picked":"Anger","floor":13},{"not_picked":["Impervious","Fiend Fire"],"picked":"Immolate","floor":16},{"not_picked":["Armaments","Warcry"],"picked":"Disarm","floor":18},{"not_picked":["Sentinel","Feel No Pain"],"picked":"Uppercut","floor":19},{"not_picked":["Iron Wave","Clash","Wild Strike"],"picked":"SKIP","floor":21},{"not_picked":["Shockwave","Burning Pact"],"picked":"Power Through","floor":22},{"not_picked":["Ghostly Armor","Perfected Strike"],"picked":"Berserk","floor":24},{"not_picked":["Sword Boomerang","Twin Strike"],"picked":"Power Through","floor":29},{"not_picked":["Pommel Strike","Thunderclap"],"picked":"Spot Weakness","floor":31},{"not_picked":["Barricade","Exhume"],"picked":"Berserk","floor":33},{"not_picked":["Headbutt","Thunderclap"],"picked":"Flex+1","floor":35},{"not_picked":["Perfected Strike+1","Rampage"],"picked":"Heavy Blade+1","floor":37},{"not_picked":["Flex","Rampage+1"],"picked":"Barricade","floor":38}],"player_experience":614799,"relics_obtained":[{"floor":6,"key":"Art of War"},{"floor":8,"key":"WingedGreaves"},{"floor":9,"key":"Mummified Hand"},{"floor":13,"key":"Blood Vial"},{"floor":24,"key":"Tiny Chest"},{"floor":26,"key":"War Paint"},{"floor":29,"key":"Oddly Smooth Stone"}],"event_choices":[{"damage_healed":0,"gold_gain":0,"player_choice":"Success","damage_taken":3,"relics_obtained":["Centennial Puzzle"],"max_hp_gain":0,"max_hp_loss":0,"event_name":"Scrap Ooze","floor":12,"gold_loss":0},{"damage_healed":0,"gold_gain":75,"player_choice":"Gather Gold","damage_taken":11,"max_hp_gain":0,"max_hp_loss":0,"event_name":"World of Goop","floor":14,"gold_loss":0},{"damage_healed":0,"gold_gain":0,"player_choice":"Obtained Relic","damage_taken":0,"relics_obtained":["Bag of Marbles"],"max_hp_gain":0,"max_hp_loss":0,"event_name":"Addict","floor":20,"gold_loss":85},{"damage_healed":0,"gold_gain":0,"player_choice":"Ignored","damage_taken":0,"max_hp_gain":0,"max_hp_loss":0,"event_name":"Ghosts","floor":28,"gold_loss":0},{"damage_healed":0,"gold_gain":0,"player_choice":"Ignored","damage_taken":0,"max_hp_gain":0,"max_hp_loss":0,"event_name":"Tomb of Lord Red Mask","floor":36,"gold_loss":0},{"damage_healed":0,"gold_gain":0,"player_choice":"Cursed","damage_taken":0,"max_hp_gain":0,"max_hp_loss":0,"event_name":"Wheel of Change","floor":39,"gold_loss":0,"cards_obtained":["Decay"]}],"is_beta":false,"boss_relics":[{"not_picked":["Mark of Pain","Runic Cube"],"picked":"Fusion Hammer"},{"not_picked":["Coffee Dripper","Runic Dome"],"picked":"Cursed Key"}],"items_purged_floors":[],"is_endless":false,"potions_floor_spawned":[1,5,6,8,18,24,29,31,33,35],"killed_by":"Giant Head","ascension_level":13}