{"gold_per_floor":[114,132,143,155,330,362,312,312,359,370,402,46,58,58,58,58],"floor_reached":16,"playtime":703,"items_purged":[],"score":112,"play_id":"098c0b54-4009-4784-ae50-1cf5579f6cca","local_time":"20190216133815","is_ascension_mode":false,"campfire_choices":[{"floor":8,"key":"REST"},{"floor":15,"key":"REST"}],"neow_cost":"NONE","seed_source_timestamp":68345061075053,"circlet_count":0,"master_deck":["Strike_B","Strike_B","Strike_B","Strike_B","Defend_B","Defend_B","Defend_B","Defend_B","Zap","Dualcast","Barrage","Loop","Capacitor","Sunder","Coolheaded","Ball Lightning","Darkness","Capacitor"],"relics":["Cracked Core","NeowsBlessing","Shuriken","Lantern","PreservedInsect","MealTicket"],"potions_floor_usage":[10,11,16],"damage_taken":[{"damage":0,"enemies":"Cultist","floor":1,"turns":1},{"damage":0,"enemies":"Small Slimes","floor":2,"turns":1},{"damage":0,"enemies":"Jaw Worm","floor":3,"turns":1},{"damage":9,"enemies":"Blue Slaver","floor":4,"turns":4},{"damage":52,"enemies":"3 Sentries","floor":6,"turns":8},{"damage":0,"enemies":"Large Slime","floor":10,"turns":6},{"damage":22,"enemies":"Lagavulin","floor":11,"turns":5},{"damage":1,"enemies":"Red Slaver","floor":13,"turns":4},{"damage":58,"enemies":"Slime Boss","floor":16,"turns":6}],"seed_played":"-9096436554270504790","potions_obtained":[{"floor":6,"key":"Regen Potion"},{"floor":10,"key":"FocusPotion"},{"floor":13,"key":"SpeedPotion"}],"is_trial":false,"path_per_floor":["M","M","M","M","?","E","?","R","T","M","E","$","M","$","R","B"],"character_chosen":"DEFECT","items_purchased":["PreservedInsect","MealTicket"],"campfire_rested":2,"item_purchase_floors":[12,12],"current_hp_per_floor":[75,75,75,66,66,14,14,36,36,51,29,29,28,28,50,0],"gold":58,"neow_bonus":"THREE_ENEMY_KILL","is_prod":false,"is_daily":false,"chose_seed":false,"campfire_upgraded":0,"win_rate":0,"timestamp":1550342295,"path_taken":["M","M","?","M","?","E","?","R","T","M","E","$","M","?","R","BOSS"],"build_version":"2019-01-23","purchased_purges":0,"victory":false,"max_hp_per_floor":[75,75,75,75,75,75,75,75,75,75,75,75,75,75,75,75],"card_choices":[{"not_picked":["Sweeping Beam","Steam Power"],"picked":"Barrage","floor":1},{"not_picked":["Leap","Rebound"],"picked":"Loop","floor":2},{"not_picked":["Rebound","Seek"],"picked":"Capacitor","floor":3},{"not_picked":["Steam","Recycle"],"picked":"Sunder","floor":4},{"not_picked":["Darkness","Stack"],"picked":"Coolheaded","floor":6},{"not_picked":["Streamline","Stack"],"picked":"Ball Lightning","floor":10},{"not_picked":["Storm","Reprogram"],"picked":"Darkness","floor":11},{"not_picked":["Steam Power","Sweeping Beam"],"picked":"Capacitor","floor":13}],"player_experience":226965,"relics_obtained":[{"floor":6,"key":"Shuriken"},{"floor":11,"key":"Lantern"}],"event_choices":[{"damage_healed":0,"gold_gain":175,"player_choice":"AGREE","damage_taken":0,"max_hp_gain":0,"max_hp_loss":0,"event_name":"Liars Game","floor":5,"gold_loss":0,"cards_obtained":["Doubt"]},{"cards_removed":["Doubt"],"damage_healed":0,"gold_gain":0,"player_choice":"Card Removal","damage_taken":0,"max_hp_gain":0,"max_hp_loss":0,"event_name":"The Cleric","floor":7,"gold_loss":50}],"is_beta":false,"boss_relics":[],"items_purged_floors":[],"is_endless":false,"potions_floor_spawned":[6,10,13],"killed_by":"Slime Boss","ascension_level":0}