{"gold_per_floor":[110,123,135,135,154,154,173,208,208,208,13,13,42,52,52,156,156,140,140],"floor_reached":19,"playtime":1344,"items_purged":["Strike_G"],"score":230,"play_id":"bbfc39ec-3ca7-4233-b0e9-b9b07c6d5086","local_time":"20190704151650","is_ascension_mode":true,"campfire_choices":[{"data":"Leg Sweep","floor":6,"key":"SMITH"},{"data":"Slice","floor":10,"key":"SMITH"},{"data":"Madness","floor":12,"key":"SMITH"},{"data":"Bouncing Flask","floor":15,"key":"SMITH"}],"neow_cost":"NONE","seed_source_timestamp":1000425159410300,"circlet_count":0,"master_deck":["Strike_G","Strike_G","Strike_G","Defend_G","Defend_G","Defend_G","Defend_G","Defend_G","Survivor","Neutralize","Dagger Throw","Leg Sweep+1","Slice+1","Underhanded Strike","Heel Hook","Doubt","Madness+1","Caltrops","Bouncing Flask+1","PiercingWail","Envenom","Riddle With Holes+1"],"relics":["Cursed Key","Bag of Preparation","Question Card","Odd Mushroom","Black Star"],"potions_floor_usage":[7,18],"damage_taken":[{"damage":2,"enemies":"Small Slimes","floor":1,"turns":4},{"damage":0,"enemies":"Cultist","floor":2,"turns":4},{"damage":0,"enemies":"2 Louse","floor":3,"turns":2},{"damage":0,"enemies":"Blue Slaver","floor":5,"turns":4},{"damage":0,"enemies":"Large Slime","floor":7,"turns":5},{"damage":9,"enemies":"3 Sentries","floor":8,"turns":12},{"damage":6,"enemies":"The Mushroom Lair","floor":13,"turns":6},{"damage":8,"enemies":"Gremlin Gang","floor":14,"turns":4},{"damage":0,"enemies":"Hexaghost","floor":16,"turns":9},{"damage":10,"enemies":"2 Thieves","floor":18,"turns":4},{"damage":7,"enemies":"Shell Parasite","floor":19,"turns":3}],"seed_played":"3319114410184571281","potions_obtained":[{"floor":2,"key":"Ancient Potion"},{"floor":3,"key":"Fire Potion"},{"floor":8,"key":"GamblersBrew"},{"floor":14,"key":"Energy Potion"},{"floor":18,"key":"Swift Potion"}],"is_trial":false,"path_per_floor":["M","M","M","?","M","R","M","E","T","R","$","R","?","M","R","B",null,"M","M"],"character_chosen":"THE_SILENT","items_purchased":["Madness","Caltrops"],"campfire_rested":0,"item_purchase_floors":[11,11],"current_hp_per_floor":[68,68,68,68,68,68,68,59,59,59,59,59,53,45,45,45,70,60,53],"gold":140,"neow_bonus":"BOSS_RELIC","is_prod":false,"is_daily":false,"chose_seed":false,"campfire_upgraded":4,"win_rate":0,"timestamp":1562267810,"path_taken":["M","M","M","?","?","R","M","E","T","R","$","R","?","M","R","BOSS","M","M"],"build_version":"2019-07-01","purchased_purges":1,"victory":false,"max_hp_per_floor":[70,70,70,70,70,70,70,70,70,70,70,70,70,70,70,70,70,70,70],"card_choices":[{"not_picked":["Underhanded Strike","Quick Slash"],"picked":"Dagger Throw","floor":1},{"not_picked":["Crippling Poison","Reflex"],"picked":"Leg Sweep","floor":2},{"not_picked":["Dodge and Roll","Underhanded Strike"],"picked":"Slice","floor":3},{"not_picked":["All Out Attack","Dodge and Roll"],"picked":"Underhanded Strike","floor":5},{"not_picked":["Deadly Poison","Dagger Spray"],"picked":"Heel Hook","floor":7},{"not_picked":["Wraith Form v2","Outmaneuver","Poisoned Stab"],"picked":"SKIP","floor":8},{"not_picked":["Predator","Bane","Deadly Poison"],"picked":"Bouncing Flask","floor":13},{"not_picked":["Acrobatics","Choke","Accuracy"],"picked":"PiercingWail","floor":14},{"not_picked":["Wraith Form v2","Adrenaline","Unload"],"picked":"Envenom","floor":16},{"not_picked":["Acrobatics","Crippling Poison","Dagger Throw"],"picked":"Riddle With Holes+1","floor":18}],"player_experience":588859,"relics_obtained":[{"floor":8,"key":"Bag of Preparation"},{"floor":9,"key":"Question Card"},{"floor":13,"key":"Odd Mushroom"}],"event_choices":[{"cards_removed":["Strike_G"],"damage_healed":0,"gold_gain":0,"player_choice":"Purged","damage_taken":0,"max_hp_gain":0,"max_hp_loss":0,"event_name":"Purifier","floor":4,"gold_loss":0},{"damage_healed":0,"gold_gain":0,"player_choice":"Fought Mushrooms","damage_taken":0,"max_hp_gain":0,"max_hp_loss":0,"event_name":"Mushrooms","floor":13,"gold_loss":0}],"is_beta":false,"boss_relics":[{"not_picked":["WristBlade","Philosopher\u0027s Stone"],"picked":"Black Star"}],"items_purged_floors":[11],"is_endless":false,"potions_floor_spawned":[2,3,8,14,18],"killed_by":"Shell Parasite","ascension_level":1}