{"gold_per_floor":[209,384,400,400,55,82,82,82,106,122,140,140,157,232,232,329,329,348,273,273,373,383,383,398,398],"floor_reached":25,"playtime":1024,"items_purged":["Doubt"],"score":201,"play_id":"40753877-9a8f-4ac3-afd4-4adc3be9421e","local_time":"20190707113434","is_ascension_mode":false,"campfire_choices":[{"data":"Barricade","floor":8,"key":"SMITH"},{"data":"Armaments","floor":12,"key":"SMITH"},{"floor":15,"key":"REST"},{"floor":23,"key":"REST"}],"neow_cost":"NONE","seed_source_timestamp":1329667251831360,"circlet_count":0,"master_deck":["Strike_R+1","Strike_R","Strike_R+1","Strike_R","Strike_R","Defend_R","Defend_R","Defend_R","Defend_R","Bash","Sword Boomerang","Armaments+1","The Bomb","Barricade+1","Spot Weakness","Flex","Shrug It Off","Juggernaut","Heavy Blade"],"relics":["Burning Blood","Centennial Puzzle","Darkstone Periapt","Whetstone","Busted Crown","Nilry\u0027s Codex"],"potions_floor_usage":[25,25,25],"damage_taken":[{"damage":0,"enemies":"Small Slimes","floor":1,"turns":3},{"damage":7,"enemies":"2 Louse","floor":3,"turns":3},{"damage":41,"enemies":"Lagavulin","floor":6,"turns":6},{"damage":1,"enemies":"Cultist","floor":10,"turns":3},{"damage":1,"enemies":"2 Fungi Beasts","floor":11,"turns":3},{"damage":11,"enemies":"Exordium Wildlife","floor":13,"turns":4},{"damage":47,"enemies":"The Guardian","floor":16,"turns":14},{"damage":25,"enemies":"Spheric Guardian","floor":18,"turns":6},{"damage":19,"enemies":"Chosen","floor":22,"turns":5},{"damage":30,"enemies":"Snake Plant","floor":24,"turns":5},{"damage":38,"enemies":"Book of Stabbing","floor":25,"turns":6}],"seed_played":"-3375532624534814928","potions_obtained":[{"floor":6,"key":"Swift Potion"},{"floor":13,"key":"Fire Potion"},{"floor":16,"key":"GamblersBrew"}],"is_trial":false,"path_per_floor":["M","?","M","?","$","E","?","R","T","M","M","R","M","?","R","B",null,"M","$","?","?","M","R","M","E"],"character_chosen":"IRONCLAD","items_purchased":["The Bomb","Centennial Puzzle"],"campfire_rested":2,"item_purchase_floors":[5,5],"current_hp_per_floor":[80,80,79,84,84,49,49,49,49,54,59,59,54,43,68,27,85,66,66,50,50,37,62,38,0],"gold":398,"neow_bonus":"HUNDRED_GOLD","is_prod":false,"is_daily":false,"chose_seed":false,"campfire_upgraded":2,"win_rate":0,"timestamp":1562517274,"path_taken":["M","?","M","?","$","E","?","R","T","M","M","R","?","?","R","BOSS","M","$","?","?","?","R","M","E"],"build_version":"2019-07-05","purchased_purges":1,"victory":false,"max_hp_per_floor":[80,80,80,85,85,85,85,85,85,85,85,85,85,85,85,85,85,85,85,85,85,85,85,85,85],"card_choices":[{"not_picked":["Clash","Pummel"],"picked":"Sword Boomerang","floor":1},{"not_picked":["Spot Weakness","Cleave"],"picked":"Armaments","floor":3},{"not_picked":["Bloodletting","Pommel Strike"],"picked":"Barricade","floor":6},{"not_picked":["Heavy Blade","Flex"],"picked":"Spot Weakness","floor":10},{"not_picked":["Cleave","Spot Weakness"],"picked":"Flex","floor":11},{"not_picked":["Power Through","Whirlwind"],"picked":"Shrug It Off","floor":13},{"not_picked":["Impervious","Bludgeon"],"picked":"Juggernaut","floor":16},{"not_picked":[],"picked":"Heavy Blade","floor":18},{"not_picked":["Wild Strike"],"picked":"SKIP","floor":22},{"not_picked":["Evolve"],"picked":"SKIP","floor":24}],"player_experience":132047,"relics_obtained":[{"floor":6,"key":"Darkstone Periapt"},{"floor":9,"key":"Whetstone"},{"floor":20,"key":"Nilry\u0027s Codex"}],"event_choices":[{"damage_healed":0,"gold_gain":175,"player_choice":"AGREE","damage_taken":0,"max_hp_gain":0,"max_hp_loss":0,"event_name":"Liars Game","floor":2,"gold_loss":0,"cards_obtained":["Doubt"]},{"damage_healed":0,"gold_gain":0,"player_choice":"Donut","damage_taken":0,"max_hp_gain":5,"max_hp_loss":0,"event_name":"Big Fish","floor":4,"gold_loss":0},{"damage_healed":0,"gold_gain":0,"player_choice":"Bought 0 Potions","damage_taken":0,"max_hp_gain":0,"max_hp_loss":0,"event_name":"The Woman in Blue","floor":7,"gold_loss":0},{"damage_healed":0,"gold_gain":75,"player_choice":"Gather Gold","damage_taken":11,"max_hp_gain":0,"max_hp_loss":0,"event_name":"World of Goop","floor":14,"gold_loss":0},{"damage_healed":0,"gold_gain":0,"player_choice":"Obtained Book","damage_taken":16,"max_hp_gain":0,"max_hp_loss":0,"event_name":"Cursed Tome","floor":20,"gold_loss":0},{"damage_healed":0,"gold_gain":100,"player_choice":"Pray","damage_taken":0,"max_hp_gain":0,"max_hp_loss":0,"event_name":"Golden Shrine","floor":21,"gold_loss":0}],"is_beta":false,"boss_relics":[{"not_picked":["Cursed Key","Coffee Dripper"],"picked":"Busted Crown"}],"items_purged_floors":[19],"is_endless":false,"potions_floor_spawned":[6,13,16],"killed_by":"Book of Stabbing","ascension_level":0}