{"gold_per_floor":[12,29,29,29,29,29,39,67,67,67,67,103,290,37,37,132,132,114,114,114,133,58,58,58,72,72,89,89,89,106,126,126,126],"floor_reached":33,"playtime":1789,"items_purged":[],"score":316,"play_id":"40e523ae-988f-4925-b0d2-63e39f0cc792","local_time":"20181130005606","is_ascension_mode":true,"campfire_choices":[{"data":"Metallicize","floor":6,"key":"SMITH"},{"data":"Clothesline","floor":10,"key":"SMITH"},{"data":"Regret","floor":15,"key":"PURGE"},{"data":"Metallicize","floor":23,"key":"SMITH"},{"floor":28,"key":"REST"},{"floor":32,"key":"REST"}],"neow_cost":"NO_GOLD","seed_source_timestamp":121539240875530,"circlet_count":0,"master_deck":["Strike_R","Defend_R","Defend_R","Defend_R","Defend_R","Bash","Metallicize+1","Fire Breathing","Clothesline+1","Body Slam","Metallicize+1","Demon Form","Limit Break+1","Flame Barrier+1","Thunderclap+1","Dual Wield+1","Writhe","Metallicize+1"],"relics":["Burning Blood","Peace Pipe","Blue Candle","Red Skull","MawBank","Anchor","Membership Card","Tiny Chest","Astrolabe","Bronze Scales","MutagenicStrength","Molten Egg 2","Bag of Marbles"],"potions_floor_usage":[8,16,16,25,27,33],"damage_taken":[{"damage":1,"enemies":"Cultist","floor":1,"turns":3},{"damage":8,"enemies":"Jaw Worm","floor":2,"turns":5},{"damage":12,"enemies":"Small Slimes","floor":7,"turns":4},{"damage":17,"enemies":"3 Sentries","floor":8,"turns":9},{"damage":42,"enemies":"Slime Boss","floor":16,"turns":12},{"damage":25,"enemies":"2 Thieves","floor":18,"turns":4},{"damage":1,"enemies":"3 Byrds","floor":21,"turns":3},{"damage":16,"enemies":"Cultist and Chosen","floor":25,"turns":8},{"damage":24,"enemies":"3 Cultists","floor":27,"turns":6},{"damage":19,"enemies":"Snecko","floor":30,"turns":6},{"damage":22,"enemies":"Centurion and Healer","floor":31,"turns":8},{"damage":69,"enemies":"Collector","floor":33,"turns":6}],"seed_played":"-6673069032589329533","potions_obtained":[{"floor":1,"key":"LiquidBronze"},{"floor":2,"key":"FearPotion"},{"floor":8,"key":"Poison Potion"},{"floor":16,"key":"SneckoOil"},{"floor":21,"key":"Poison Potion"},{"floor":25,"key":"Regen Potion"},{"floor":31,"key":"FearPotion"}],"is_trial":false,"path_per_floor":["M","M","?","?","$","R","M","E","T","R","?","T","?","$","R","B",null,"M","?","T","M","?","R","?","M","T","M","R","?","M","M","R","B"],"character_chosen":"IRONCLAD","items_purchased":["Membership Card","Tiny Chest","Metallicize"],"campfire_rested":2,"item_purchase_floors":[14,14,14],"current_hp_per_floor":[77,75,75,75,75,75,69,58,58,58,58,58,58,58,58,22,66,47,47,47,52,52,52,52,42,42,39,63,63,50,34,58,0],"gold":126,"neow_bonus":"ONE_RARE_RELIC","is_prod":false,"is_daily":false,"chose_seed":false,"campfire_upgraded":3,"win_rate":0,"timestamp":1543557366,"path_taken":["M","M","?","?","$","R","?","E","T","R","?","?","?","?","R","BOSS","M","?","?","?","?","R","?","M","T","M","R","?","M","M","R","BOSS"],"build_version":"2018-11-15","purchased_purges":0,"victory":false,"max_hp_per_floor":[80,80,80,80,80,80,80,80,80,80,80,80,80,80,80,80,80,80,80,80,80,80,80,80,80,80,80,80,80,80,80,80,80],"card_choices":[{"not_picked":["Dual Wield","Battle Trance"],"picked":"Metallicize","floor":1},{"not_picked":["True Grit","Sword Boomerang"],"picked":"Fire Breathing","floor":2},{"not_picked":["Wild Strike","Sword Boomerang"],"picked":"Clothesline","floor":7},{"not_picked":["Limit Break","Sword Boomerang"],"picked":"Body Slam","floor":8},{"not_picked":["Double Tap","Bludgeon"],"picked":"Demon Form","floor":16},{"not_picked":["Thunderclap","Pommel Strike+1","True Grit"],"picked":"SKIP","floor":18},{"not_picked":["Thunderclap","Pommel Strike+1","True Grit"],"picked":"SKIP","floor":18},{"not_picked":["Headbutt","Twin Strike+1","Pummel+1"],"picked":"SKIP","floor":21},{"not_picked":["Bloodletting","Headbutt+1"],"picked":"Dual Wield+1","floor":25},{"not_picked":["Blood for Blood+1","True Grit","Wild Strike+1"],"picked":"SKIP","floor":27},{"not_picked":["Armaments","Perfected Strike+1","Clothesline+1"],"picked":"SKIP","floor":30},{"not_picked":["Flame Barrier","Battle Trance+1"],"picked":"Metallicize+1","floor":31}],"player_experience":546556,"relics_obtained":[{"floor":8,"key":"Blue Candle"},{"floor":9,"key":"Red Skull"},{"floor":12,"key":"Anchor"},{"floor":20,"key":"Bronze Scales"},{"floor":26,"key":"Molten Egg 2"}],"event_choices":[{"damage_healed":0,"gold_gain":0,"player_choice":"Leave","damage_taken":0,"max_hp_gain":0,"max_hp_loss":0,"event_name":"The Cleric","floor":3,"gold_loss":0},{"cards_removed":["Strike_R"],"damage_healed":0,"gold_gain":0,"player_choice":"Purged","damage_taken":0,"max_hp_gain":0,"max_hp_loss":0,"event_name":"Purifier","floor":4,"gold_loss":0},{"damage_healed":0,"gold_gain":0,"player_choice":"Box","damage_taken":0,"relics_obtained":["MawBank"],"max_hp_gain":0,"max_hp_loss":0,"event_name":"Big Fish","floor":11,"gold_loss":0,"cards_obtained":["Regret"]},{"damage_healed":0,"gold_gain":175,"player_choice":"AGREE","damage_taken":0,"max_hp_gain":0,"max_hp_loss":0,"event_name":"Liars Game","floor":13,"gold_loss":0,"cards_obtained":["Doubt"]},{"damage_healed":0,"gold_gain":0,"player_choice":"Ignored","damage_taken":0,"max_hp_gain":0,"max_hp_loss":0,"event_name":"Vampires","floor":19,"gold_loss":0},{"cards_removed":["Doubt"],"damage_healed":0,"gold_gain":0,"player_choice":"Gave Gold","damage_taken":0,"max_hp_gain":0,"max_hp_loss":0,"event_name":"Beggar","floor":22,"gold_loss":75},{"damage_healed":0,"gold_gain":0,"player_choice":"Inject Mutagens","damage_taken":0,"relics_obtained":["MutagenicStrength"],"max_hp_gain":0,"max_hp_loss":0,"event_name":"Drug Dealer","floor":24,"gold_loss":0},{"damage_healed":0,"gold_gain":0,"player_choice":"Opened","damage_taken":0,"relics_obtained":["Bag of Marbles"],"max_hp_gain":0,"max_hp_loss":0,"event_name":"The Mausoleum","floor":29,"gold_loss":0,"cards_obtained":["Writhe"]}],"is_beta":true,"boss_relics":[{"not_picked":["Black Blood","Black Star"],"picked":"Astrolabe"}],"items_purged_floors":[],"is_endless":false,"potions_floor_spawned":[1,2,8,16,21,25,31],"killed_by":"Collector","ascension_level":6}