{"gold_per_floor":[11,29,46,46,63,77,106,106,106,128,128,160,160,188,188,259,259,277,327,8,8,8,8,8],"floor_reached":24,"playtime":1066,"items_purged":[],"score":371,"play_id":"eab0865c-9d0f-45f6-982c-2dab44da9a60","local_time":"20190726194959","is_ascension_mode":true,"campfire_choices":[{"floor":8,"key":"REST"},{"data":"Bludgeon","floor":11,"key":"SMITH"},{"floor":15,"key":"REST"},{"data":"Apotheosis","floor":23,"key":"SMITH"}],"neow_cost":"NO_GOLD","seed_source_timestamp":175645059042900,"circlet_count":0,"master_deck":["AscendersBane","Strike_R","Strike_R","Strike_R","Strike_R","Strike_R","Defend_R","Defend_R+1","Defend_R","Defend_R","Bash","Juggernaut+1","Headbutt","Ghostly Armor","Juggernaut","Shrug It Off","Armaments","Bludgeon+1","Anger","Demon Form","Uppercut","Bludgeon","Havoc+1","Apotheosis+1","Whirlwind","Decay"],"relics":["Burning Blood","Singing Bowl","Orichalcum","Odd Mushroom","Regal Pillow","Centennial Puzzle","Bottled Flame","Mark of Pain","Membership Card"],"potions_floor_usage":[3,7,10],"damage_taken":[{"damage":8,"enemies":"2 Louse","floor":1,"turns":4},{"damage":8,"enemies":"Small Slimes","floor":2,"turns":4},{"damage":0,"enemies":"Jaw Worm","floor":3,"turns":2},{"damage":0,"enemies":"Large Slime","floor":5,"turns":5},{"damage":7,"enemies":"Exordium Wildlife","floor":6,"turns":5},{"damage":42,"enemies":"Gremlin Nob","floor":7,"turns":5},{"damage":6,"enemies":"The Mushroom Lair","floor":10,"turns":6},{"damage":14,"enemies":"3 Sentries","floor":12,"turns":9},{"damage":10,"enemies":"Gremlin Nob","floor":14,"turns":3},{"damage":35,"enemies":"Hexaghost","floor":16,"turns":9},{"damage":24,"enemies":"3 Byrds","floor":18,"turns":5},{"damage":55,"enemies":"Book of Stabbing","floor":24,"turns":4}],"seed_played":"-2524502825825430963","potions_obtained":[{"floor":1,"key":"SkillPotion"},{"floor":6,"key":"Fire Potion"},{"floor":7,"key":"Weak Potion"}],"is_trial":false,"path_per_floor":["M","M","M","?","M","M","E","R","T","?","R","E","T","E","R","B",null,"M","?","$","?","$","R","E"],"character_chosen":"IRONCLAD","items_purchased":["Membership Card","Apotheosis","Whirlwind"],"campfire_rested":2,"item_purchase_floors":[20,20,20],"current_hp_per_floor":[66,64,70,47,53,52,16,38,38,38,38,30,30,26,63,34,65,47,47,47,47,47,47,0],"gold":8,"neow_bonus":"THREE_RARE_CARDS","is_prod":false,"is_daily":false,"chose_seed":false,"campfire_upgraded":2,"win_rate":0,"timestamp":1564184999,"path_taken":["M","M","M","?","M","M","E","R","T","?","R","E","?","E","R","BOSS","M","?","$","?","?","R","E"],"build_version":"2019-07-17","purchased_purges":0,"victory":false,"max_hp_per_floor":[75,75,75,75,75,75,75,75,75,75,75,75,75,75,75,75,75,75,75,75,75,75,75,75],"card_choices":[{"not_picked":["Brutality","Demon Form"],"picked":"Juggernaut","floor":0},{"not_picked":["Blood for Blood","Anger"],"picked":"Headbutt","floor":1},{"not_picked":["Headbutt","Anger"],"picked":"Ghostly Armor","floor":2},{"not_picked":["Infernal Blade","Twin Strike"],"picked":"Juggernaut","floor":3},{"not_picked":["True Grit","Perfected Strike"],"picked":"Shrug It Off","floor":5},{"not_picked":["Headbutt","Shrug It Off"],"picked":"Armaments","floor":6},{"not_picked":["Headbutt","Reckless Charge"],"picked":"Bludgeon","floor":7},{"not_picked":["Sentinel","Iron Wave"],"picked":"Anger","floor":10},{"not_picked":["Shockwave","Evolve"],"picked":"Demon Form","floor":12},{"not_picked":["Shrug It Off","Warcry"],"picked":"Uppercut","floor":14},{"not_picked":["Demon Form","Exhume"],"picked":"Bludgeon","floor":16},{"not_picked":["Thunderclap","Flex"],"picked":"Havoc+1","floor":18}],"player_experience":698662,"relics_obtained":[{"floor":7,"key":"Singing Bowl"},{"floor":9,"key":"Orichalcum"},{"floor":10,"key":"Odd Mushroom"},{"floor":12,"key":"Regal Pillow"},{"floor":13,"key":"Centennial Puzzle"},{"floor":14,"key":"Bottled Flame"}],"event_choices":[{"damage_healed":0,"gold_gain":0,"player_choice":"Entered Light","damage_taken":23,"max_hp_gain":0,"max_hp_loss":0,"event_name":"Shining Light","floor":4,"gold_loss":0,"cards_upgraded":["Defend_R","Juggernaut"]},{"damage_healed":0,"gold_gain":0,"player_choice":"Fought Mushrooms","damage_taken":0,"max_hp_gain":0,"max_hp_loss":0,"event_name":"Mushrooms","floor":10,"gold_loss":0},{"damage_healed":0,"gold_gain":50,"player_choice":"Stole From Cult","damage_taken":0,"max_hp_gain":0,"max_hp_loss":0,"event_name":"Nest","floor":19,"gold_loss":0},{"damage_healed":0,"gold_gain":0,"player_choice":"Smashed Altar","damage_taken":0,"max_hp_gain":0,"max_hp_loss":0,"event_name":"Forgotten Altar","floor":21,"gold_loss":0,"cards_obtained":["Decay"]}],"is_beta":false,"boss_relics":[{"not_picked":["Eternal Feather","Empty Cage"],"picked":"Mark of Pain"}],"items_purged_floors":[],"is_endless":false,"potions_floor_spawned":[1,6,7],"killed_by":"Book of Stabbing","ascension_level":15}