{"path_per_floor":["M","$","?","?","?","E","R","M","T","?","?","$","R","M","R","B",null,"M","?","M","?","M","R","M","M","T","R","M","R","?","?","R","B",null,"M","?","$","M","M","R","$","M","T","T","E","T","?","M","R","B"],"character_chosen":"THE_SILENT","items_purchased":["Footwork","Bag of Preparation","Membership Card","Tiny Chest","Dodge and Roll","Pen Nib","Whetstone"],"gold_per_floor":[118,7,7,182,182,209,209,223,268,328,328,184,184,196,196,299,299,310,510,529,529,542,542,560,572,572,572,585,585,585,585,585,682,682,697,697,264,276,286,286,170,185,185,210,245,245,245,265,265,265],"floor_reached":51,"campfire_rested":3,"playtime":4208,"current_hp_per_floor":[61,61,61,61,61,35,35,35,35,28,28,28,28,28,28,28,70,37,37,37,37,37,37,22,10,10,31,23,44,44,67,67,54,70,60,60,60,58,58,58,58,58,58,58,55,55,55,53,70,36],"items_purged":["Pain"],"gold":265,"score":732,"play_id":"0d5462f7-6170-4e94-a589-daf69c4fd01c","local_time":"20180508030836","is_prod":false,"is_daily":false,"chose_seed":false,"is_ascension_mode":true,"campfire_upgraded":6,"timestamp":1525763316,"path_taken":["M","$","?","?","?","E","R","M","T","?","?","$","R","M","R","BOSS","M","?","M","?","M","R","M","M","T","R","M","R","?","?","R","BOSS","M","?","?","M","M","R","$","M","T","?","E","?","?","M","R","BOSS"],"build_version":"2018-05-03","seed_source_timestamp":366483078654840,"purchased_purges":3,"victory":true,"master_deck":["Defend_G+1","Defend_G+1","Defend_G+1","Defend_G+1","Strike_G+1","Survivor+1","Neutralize+1","Malaise+1","Noxious Fumes+1","Footwork+1","Flechettes+1","Dagger Spray+1","Outmaneuver+1","Cloak And Dagger+1","Noxious Fumes","After Image","Storm of Steel+1","Footwork+1","Sucker Punch+1","Endless Agony+1","Terror+1","Infinite Blades","Dodge and Roll+1","Tools of the Trade","Caltrops+1","Dodge and Roll+1","Calculated Gamble+1","Skewer","Writhe","Parasite","Master of Strategy","Acrobatics"],"max_hp_per_floor":[70,70,70,70,70,70,70,70,70,70,70,70,70,70,70,70,70,70,70,70,70,70,70,70,70,70,70,70,70,70,70,70,70,70,70,70,70,70,70,70,70,70,70,70,70,70,70,70,70,70],"relics":["Ring of the Snake","Lantern","Juzu Bracelet","Shuriken","Bag of Preparation","Astrolabe","Tough Bandages","Cursed Key","Membership Card","Tiny Chest","Pen Nib","Whetstone","Regal Pillow","War Paint","Omamori","Ornamental Fan"],"card_choices":[{"not_picked":["Choke","Dagger Throw"],"picked":"Prepared","floor":1},{"not_picked":["Flying Knee","Prepared"],"picked":"Dagger Spray","floor":6},{"not_picked":["Quick Slash","Dash"],"picked":"Outmaneuver","floor":8},{"not_picked":["Dagger Throw","PiercingWail"],"picked":"Cloak And Dagger","floor":10},{"not_picked":["Outmaneuver","Slice"],"picked":"Noxious Fumes","floor":14},{"not_picked":["Envenom","Die Die Die"],"picked":"After Image","floor":16},{"not_picked":["Bane","Deadly Poison"],"picked":"Endless Agony","floor":18},{"not_picked":["Reflex","Finisher"],"picked":"Terror","floor":22},{"not_picked":["Dagger Spray","Acrobatics"],"picked":"Infinite Blades","floor":25},{"not_picked":["Sucker Punch","Doppelganger"],"picked":"Dodge and Roll","floor":28},{"not_picked":["Storm of Steel","Wraith Form v2"],"picked":"Tools of the Trade","floor":33},{"not_picked":["PiercingWail","Flying Knee"],"picked":"Caltrops","floor":35},{"not_picked":["PiercingWail","Deadly Poison"],"picked":"Calculated Gamble","floor":38},{"not_picked":["Dagger Spray","Dagger Throw"],"picked":"Skewer","floor":42},{"not_picked":["Finesse","Secret Technique"],"picked":"Master of Strategy","floor":47},{"not_picked":["Flying Knee","Prepared"],"picked":"Acrobatics","floor":48}],"player_experience":212754,"potions_floor_usage":[6,6,16,33,50,50,50],"damage_taken":[{"damage":9,"enemies":"Jaw Worm","floor":1,"turns":7},{"damage":26,"enemies":"Gremlin Nob","floor":6,"turns":7},{"damage":0,"enemies":"Cultist","floor":8,"turns":4},{"damage":7,"enemies":"Lagavulin Event","floor":10,"turns":11},{"damage":0,"enemies":"2 Louse","floor":14,"turns":2},{"damage":0,"enemies":"Hexaghost","floor":16,"turns":9},{"damage":33,"enemies":"2 Thieves","floor":18,"turns":4},{"damage":0,"enemies":"Chosen","floor":20,"turns":5},{"damage":0,"enemies":"Snecko","floor":22,"turns":5},{"damage":15,"enemies":"Sentry and Sphere","floor":24,"turns":6},{"damage":12,"enemies":"3 Cultists","floor":25,"turns":5},{"damage":8,"enemies":"Snecko","floor":28,"turns":7},{"damage":13,"enemies":"Automaton","floor":33,"turns":8},{"damage":10,"enemies":"3 Darklings","floor":35,"turns":5},{"damage":2,"enemies":"3 Shapes","floor":38,"turns":6},{"damage":0,"enemies":"3 Darklings","floor":39,"turns":5},{"damage":0,"enemies":"Maw","floor":42,"turns":6},{"damage":3,"enemies":"Nemesis","floor":45,"turns":7},{"damage":2,"enemies":"4 Shapes","floor":48,"turns":6},{"damage":34,"enemies":"Awakened One","floor":50,"turns":12}],"event_choices":[{"event_name":"Transmorgrifier","player_choice":"Transform","floor":3,"damage_taken":0},{"event_name":"Liars Game","player_choice":"agreed","floor":4,"damage_taken":0},{"event_name":"The Lab","player_choice":"Got Potions","floor":5,"damage_taken":0},{"event_name":"Dead Adventurer","player_choice":"Searched \u00272\u0027 times","floor":10,"damage_taken":0},{"event_name":"Purifier","player_choice":"One Purge","floor":11,"damage_taken":0},{"event_name":"Wheel of Change","player_choice":"Gold","floor":19,"damage_taken":0},{"event_name":"Back to Basics","player_choice":"Simplicity","floor":21,"damage_taken":0},{"event_name":"Vampires","player_choice":"Ignored","floor":30,"damage_taken":0},{"event_name":"The Library","player_choice":"Heal","floor":31,"damage_taken":0},{"event_name":"Tomb of Lord Red Mask","player_choice":"Ignored","floor":36,"damage_taken":0},{"event_name":"SensoryStone","player_choice":"Memory 1","floor":47,"damage_taken":0}],"boss_relics":[{"not_picked":["Ectoplasm","Eternal Feather"],"picked":"Astrolabe"},{"not_picked":["Runic Dome","Snecko Eye"],"picked":"Cursed Key"}],"potions_floor_spawned":[1,10,16,22,33,35,39],"seed_played":"-314406759074525736","ascension_level":1,"is_trial":false}