{"gold_per_floor":[118,293,307,307,307,342,342,358,358,377,387,401,414,427,427,528,528,539,557,53,100,100,100,135,135,135,135,146,146,146,165,165,266,266,282,299,173,173,185,19,32,32],"floor_reached":42,"playtime":2857,"items_purged":["Defend_R+1"],"score":422,"play_id":"6ce8c3ac-d9fe-4615-a2f9-d2d25315f267","local_time":"20181106105113","is_ascension_mode":false,"campfire_choices":[{"data":"Perfected Strike","floor":7,"key":"SMITH"},{"data":"Perfected Strike","floor":15,"key":"SMITH"},{"data":"Dual Wield","floor":23,"key":"SMITH"},{"data":"Armaments","floor":29,"key":"SMITH"},{"data":"Panacea","floor":32,"key":"SMITH"}],"neow_cost":"NONE","seed_source_timestamp":24000790394010,"circlet_count":0,"master_deck":["Strike_R+1","Strike_R+1","Strike_R+1","Strike_R+1","Strike_R+1","Defend_R+1","Defend_R+1","Defend_R+1","Bash","Panacea+1","Iron Wave","Impervious","Strike_R+1","Perfected Strike+1","Perfected Strike+1","Infernal Blade","Power Through","Dual Wield+1","Disarm","Fire Breathing","Fire Breathing","Armaments+1","Inflame","Limit Break","Shrug It Off+1"],"relics":["Burning Blood","Darkstone Periapt","Bag of Marbles","Happy Flower","White Beast Statue","Membership Card","Magic Flower","Meat on the Bone","Strawberry","Pocketwatch","Ginger","Busted Crown","Mummified Hand","Self Forming Clay"],"potions_floor_usage":[10,16,24,28,33,33,33,42],"damage_taken":[{"damage":7,"enemies":"2 Louse","floor":1,"turns":2},{"damage":6,"enemies":"Jaw Worm","floor":3,"turns":4},{"damage":47,"enemies":"3 Sentries","floor":6,"turns":13},{"damage":0,"enemies":"Cultist","floor":8,"turns":2},{"damage":3,"enemies":"Lots of Slimes","floor":10,"turns":5},{"damage":4,"enemies":"Blue Slaver","floor":11,"turns":3},{"damage":13,"enemies":"2 Fungi Beasts","floor":12,"turns":3},{"damage":0,"enemies":"Large Slime","floor":13,"turns":3},{"damage":3,"enemies":"Lots of Slimes","floor":14,"turns":3},{"damage":30,"enemies":"The Guardian","floor":16,"turns":11},{"damage":2,"enemies":"Chosen","floor":18,"turns":7},{"damage":0,"enemies":"Spheric Guardian","floor":19,"turns":4},{"damage":43,"enemies":"Slavers","floor":24,"turns":7},{"damage":21,"enemies":"Snake Plant","floor":28,"turns":4},{"damage":26,"enemies":"Sentry and Sphere","floor":31,"turns":5},{"damage":61,"enemies":"Collector","floor":33,"turns":8},{"damage":13,"enemies":"3 Shapes","floor":35,"turns":3},{"damage":24,"enemies":"3 Darklings","floor":36,"turns":6},{"damage":5,"enemies":"Jaw Worm Horde","floor":39,"turns":4},{"damage":30,"enemies":"Sphere and 2 Shapes","floor":41,"turns":6},{"damage":62,"enemies":"Nemesis","floor":42,"turns":6}],"seed_played":"-4130395613667291800","potions_obtained":[{"floor":1,"key":"Energy Potion"},{"floor":6,"key":"Block Potion"},{"floor":11,"key":"EssenceOfSteel"},{"floor":12,"key":"SkillPotion"},{"floor":16,"key":"FearPotion"},{"floor":24,"key":"Swift Potion"},{"floor":28,"key":"AttackPotion"},{"floor":33,"key":"SpeedPotion"},{"floor":35,"key":"Strength Potion"},{"floor":36,"key":"Dexterity Potion"},{"floor":41,"key":"Block Potion"}],"is_trial":false,"path_per_floor":["M","?","M","?","?","E","R","M","T","M","M","M","M","M","R","B",null,"M","M","$","T","?","R","E","?","T","?","M","R","?","M","R","B",null,"M","M","$","?","M","$","M","E"],"character_chosen":"IRONCLAD","items_purchased":["Membership Card","Magic Flower","Meat on the Bone","Fire Breathing","Mummified Hand","Self Forming Clay"],"campfire_rested":0,"item_purchase_floors":[20,20,20,20,37,40],"current_hp_per_floor":[79,79,79,76,76,35,35,41,41,44,46,39,45,48,48,24,80,80,80,80,87,70,70,54,54,54,54,60,60,90,73,73,39,92,88,73,73,78,82,82,61,0],"gold":32,"neow_bonus":"RANDOM_COLORLESS","is_prod":false,"is_daily":false,"chose_seed":false,"campfire_upgraded":5,"win_rate":0,"timestamp":1541519473,"path_taken":["M","?","M","?","?","E","R","?","T","M","M","M","M","M","R","BOSS","M","M","$","?","?","R","E","?","T","?","M","R","?","M","R","BOSS","M","M","$","?","M","$","?","E"],"build_version":"2018-11-05","purchased_purges":1,"victory":false,"max_hp_per_floor":[80,80,80,80,80,80,80,80,80,80,80,80,80,80,80,80,80,80,80,80,87,92,92,92,92,92,92,92,92,92,92,92,92,92,92,92,92,92,92,92,92,92],"card_choices":[{"not_picked":["Entrench","Heavy Blade"],"picked":"Iron Wave","floor":1},{"not_picked":["Flex","True Grit"],"picked":"Impervious","floor":3},{"not_picked":["Evolve","Flex"],"picked":"Perfected Strike","floor":6},{"not_picked":["Pommel Strike","Power Through"],"picked":"Perfected Strike","floor":8},{"not_picked":["Rupture","Cleave"],"picked":"Infernal Blade","floor":10},{"not_picked":["Sword Boomerang","Clothesline"],"picked":"True Grit","floor":11},{"not_picked":["Shrug It Off","Body Slam"],"picked":"Power Through","floor":12},{"not_picked":["Blood for Blood","Headbutt"],"picked":"Dual Wield","floor":13},{"not_picked":["Sword Boomerang","Ghostly Armor"],"picked":"Disarm","floor":14},{"not_picked":["Sever Soul+1","Twin Strike+1"],"picked":"Fire Breathing","floor":18},{"not_picked":["Headbutt","Flex","Corruption+1"],"picked":"SKIP","floor":19},{"not_picked":["Iron Wave","Offering"],"picked":"Armaments","floor":24},{"not_picked":["Armaments","Flex"],"picked":"Inflame","floor":28},{"not_picked":["Headbutt+1","Cleave","Sever Soul"],"picked":"SKIP","floor":31},{"not_picked":["Bludgeon","Dark Embrace"],"picked":"Limit Break","floor":33},{"not_picked":["Whirlwind"],"picked":"SKIP","floor":35},{"not_picked":["Clothesline"],"picked":"SKIP","floor":36},{"not_picked":[],"picked":"Shrug It Off+1","floor":39},{"not_picked":["Headbutt+1"],"picked":"SKIP","floor":41}],"player_experience":160635,"relics_obtained":[{"floor":6,"key":"Bag of Marbles"},{"floor":9,"key":"Happy Flower"},{"floor":21,"key":"Strawberry"},{"floor":24,"key":"Pocketwatch"},{"floor":26,"key":"Ginger"}],"event_choices":[{"damage_healed":0,"gold_gain":175,"player_choice":"AGREE","damage_taken":0,"max_hp_gain":0,"max_hp_loss":0,"event_name":"Liars Game","floor":2,"gold_loss":0,"cards_obtained":["Doubt"]},{"damage_healed":0,"gold_gain":0,"player_choice":"Success","damage_taken":3,"relics_obtained":["Darkstone Periapt"],"max_hp_gain":0,"max_hp_loss":0,"event_name":"Scrap Ooze","floor":4,"gold_loss":0},{"cards_removed":["Doubt"],"damage_healed":0,"gold_gain":0,"player_choice":"Took Card","damage_taken":0,"max_hp_gain":0,"max_hp_loss":0,"event_name":"NoteForYourself","floor":5,"gold_loss":0,"cards_obtained":["Strike_R"]},{"damage_healed":0,"gold_gain":0,"player_choice":"Shed Blood","damage_taken":22,"max_hp_gain":5,"max_hp_loss":0,"event_name":"Forgotten Altar","floor":22,"gold_loss":0},{"damage_healed":0,"gold_gain":0,"player_choice":"Simplicity","damage_taken":0,"max_hp_gain":0,"max_hp_loss":0,"event_name":"Back to Basics","floor":25,"gold_loss":0,"cards_upgraded":["Strike_R","Strike_R","Strike_R","Strike_R","Strike_R","Defend_R","Defend_R","Defend_R","Defend_R","Strike_R"]},{"damage_healed":0,"gold_gain":0,"player_choice":"Ignored","damage_taken":0,"max_hp_gain":0,"max_hp_loss":0,"event_name":"Cursed Tome","floor":27,"gold_loss":0},{"damage_healed":30,"gold_gain":0,"player_choice":"Heal","damage_taken":0,"max_hp_gain":0,"max_hp_loss":0,"event_name":"The Library","floor":30,"gold_loss":0},{"cards_removed":["True Grit"],"damage_healed":5,"gold_gain":0,"player_choice":"Offered Common","damage_taken":0,"max_hp_gain":0,"max_hp_loss":0,"event_name":"Bonfire Elementals","floor":38,"gold_loss":0},{"cards_removed":["True Grit"],"damage_healed":5,"gold_gain":0,"player_choice":"Offered Special","damage_taken":0,"max_hp_gain":0,"max_hp_loss":0,"event_name":"Bonfire Elementals","floor":38,"gold_loss":0}],"is_beta":true,"boss_relics":[{"not_picked":["Fusion Hammer","Velvet Choker"],"picked":"White Beast Statue"},{"not_picked":["Philosopher\u0027s Stone","Coffee Dripper"],"picked":"Busted Crown"}],"items_purged_floors":[40],"is_endless":false,"potions_floor_spawned":[1,6,11,12,14,16,18,19,24,28,31,33,35,36,39,41],"killed_by":"Nemesis","ascension_level":0}