{"gold_per_floor":[119,119,139,139,156,187,362,362,362,77,152,162,162,187,187,187],"floor_reached":16,"playtime":646,"items_purged":[],"score":108,"play_id":"ef04c738-a1a4-4b5f-a9d6-2c93c9fff25e","local_time":"20190705115302","is_ascension_mode":false,"campfire_choices":[{"data":"Poisoned Stab","floor":8,"key":"SMITH"},{"data":"Seeing Red","floor":13,"key":"SMITH"},{"floor":15,"key":"REST"}],"neow_cost":"NONE","seed_source_timestamp":1158346465352665,"circlet_count":0,"master_deck":["Strike_G","Strike_G","Strike_G","Strike_G","Strike_G","Defend_G","Defend_G","Defend_G","Defend_G","Defend_G","Survivor","Neutralize+1","Cloak And Dagger","Poisoned Stab+1","Well Laid Plans+1","Doubt","Deadly Poison","Accuracy+1","Seeing Red+1","Berserk+1"],"relics":["Ring of the Snake","NeowsBlessing","Frozen Egg 2","Blue Candle","PrismaticShard","FossilizedHelix"],"potions_floor_usage":[6,14],"damage_taken":[{"damage":0,"enemies":"Cultist","floor":1,"turns":1},{"damage":0,"enemies":"2 Louse","floor":3,"turns":1},{"damage":0,"enemies":"Small Slimes","floor":5,"turns":1},{"damage":24,"enemies":"Gremlin Nob","floor":6,"turns":5},{"damage":8,"enemies":"Exordium Wildlife","floor":12,"turns":5},{"damage":25,"enemies":"Lagavulin","floor":14,"turns":6},{"damage":31,"enemies":"Hexaghost","floor":16,"turns":12}],"seed_played":"5971079002185244404","potions_obtained":[{"floor":1,"key":"Poison Potion"},{"floor":5,"key":"GamblersBrew"}],"is_trial":false,"path_per_floor":["M","?","M","?","M","E","?","R","T","$","?","M","R","E","R","B"],"character_chosen":"THE_SILENT","items_purchased":["Deadly Poison","Accuracy+1","PrismaticShard"],"campfire_rested":1,"item_purchase_floors":[10,10,10],"current_hp_per_floor":[70,75,75,75,75,51,51,51,51,51,40,32,32,7,29,0],"gold":187,"neow_bonus":"THREE_ENEMY_KILL","is_prod":false,"is_daily":false,"chose_seed":false,"campfire_upgraded":2,"win_rate":0,"timestamp":1562345582,"path_taken":["M","?","M","?","?","E","?","R","T","$","?","M","R","E","R","BOSS"],"build_version":"2019-07-01","purchased_purges":0,"victory":false,"max_hp_per_floor":[70,75,75,75,75,75,75,75,75,75,75,75,75,75,75,75],"card_choices":[{"not_picked":["All Out Attack","Underhanded Strike","Leg Sweep"],"picked":"SKIP","floor":1},{"not_picked":["Quick Slash","Flechettes"],"picked":"Cloak And Dagger","floor":3},{"not_picked":["Flying Knee","Dagger Throw"],"picked":"Poisoned Stab","floor":5},{"not_picked":["Quick Slash","Underhanded Strike"],"picked":"Well Laid Plans","floor":6},{"not_picked":["Undo","Heavy Blade"],"picked":"Seeing Red","floor":12},{"not_picked":["Tactician","True Grit"],"picked":"Berserk+1","floor":14}],"player_experience":120130,"relics_obtained":[{"floor":6,"key":"Frozen Egg 2"},{"floor":9,"key":"Blue Candle"},{"floor":14,"key":"FossilizedHelix"}],"event_choices":[{"damage_healed":0,"gold_gain":0,"player_choice":"Donut","damage_taken":0,"max_hp_gain":5,"max_hp_loss":0,"event_name":"Big Fish","floor":2,"gold_loss":0},{"damage_healed":0,"gold_gain":0,"player_choice":"Forge","damage_taken":0,"max_hp_gain":0,"max_hp_loss":0,"event_name":"Accursed Blacksmith","floor":4,"gold_loss":0,"cards_upgraded":["Neutralize"]},{"damage_healed":0,"gold_gain":175,"player_choice":"AGREE","damage_taken":0,"max_hp_gain":0,"max_hp_loss":0,"event_name":"Liars Game","floor":7,"gold_loss":0,"cards_obtained":["Doubt"]},{"damage_healed":0,"gold_gain":75,"player_choice":"Gather Gold","damage_taken":11,"max_hp_gain":0,"max_hp_loss":0,"event_name":"World of Goop","floor":11,"gold_loss":0}],"is_beta":false,"boss_relics":[],"items_purged_floors":[],"is_endless":false,"potions_floor_spawned":[1,5],"killed_by":"Hexaghost","ascension_level":0}