{"gold_per_floor":[112,125,142,162,162,187,204,204,259,259,274,274,67,81,81,176,176,196,176,176,192,206,206,240,71,122,122,136,136],"floor_reached":29,"playtime":2413,"items_purged":[],"score":274,"play_id":"965ef99e-e13e-4622-a749-11b0d7ed8449","local_time":"20190702222956","is_ascension_mode":true,"campfire_choices":[{"data":"Corruption","floor":8,"key":"SMITH"},{"data":"Bash","floor":10,"key":"SMITH"},{"data":"Flame Barrier","floor":15,"key":"SMITH"},{"floor":23,"key":"REST"},{"data":"Perfected Strike","floor":27,"key":"SMITH"}],"neow_cost":"NONE","seed_source_timestamp":852541963397600,"circlet_count":0,"master_deck":["Strike_R","Strike_R","Strike_R","Strike_R","Strike_R","Defend_R","Defend_R+1","Defend_R","Defend_R+1","Bash+1","Warcry+1","Armaments+1","Havoc","Corruption+1","Uppercut","Shrug It Off","Dropkick","Flame Barrier+1","Perfected Strike+1","Clothesline+1","Perfected Strike+1","Shrug It Off","Carnage+1","Bandage Up","Battle Trance+1"],"relics":["Busted Crown","Bottled Lightning","War Paint","White Beast Statue","Nilry\u0027s Codex","Molten Egg 2","Juzu Bracelet"],"potions_floor_usage":[16,16,16,18,19,21,21,22,22,24,28],"damage_taken":[{"damage":1,"enemies":"Cultist","floor":1,"turns":3},{"damage":0,"enemies":"Small Slimes","floor":2,"turns":3},{"damage":0,"enemies":"Jaw Worm","floor":3,"turns":4},{"damage":7,"enemies":"3 Louse","floor":4,"turns":4},{"damage":17,"enemies":"Gremlin Nob","floor":6,"turns":4},{"damage":0,"enemies":"Large Slime","floor":7,"turns":6},{"damage":3,"enemies":"Blue Slaver","floor":11,"turns":3},{"damage":0,"enemies":"2 Fungi Beasts","floor":14,"turns":3},{"damage":30,"enemies":"Hexaghost","floor":16,"turns":8},{"damage":1,"enemies":"Shell Parasite","floor":18,"turns":4},{"damage":0,"enemies":"2 Thieves","floor":19,"turns":4},{"damage":14,"enemies":"Cultist and Chosen","floor":21,"turns":7},{"damage":40,"enemies":"Shelled Parasite and Fungi","floor":22,"turns":4},{"damage":15,"enemies":"Book of Stabbing","floor":24,"turns":4},{"damage":14,"enemies":"3 Cultists","floor":28,"turns":5},{"damage":7,"enemies":"Gremlin Leader","floor":29,"turns":4}],"seed_played":"-2850491015731083783","potions_obtained":[{"floor":2,"key":"Dexterity Potion"},{"floor":3,"key":"LiquidBronze"},{"floor":14,"key":"EntropicBrew"},{"floor":18,"key":"Block Potion"},{"floor":19,"key":"Explosive Potion"},{"floor":21,"key":"Regen Potion"},{"floor":22,"key":"SteroidPotion"},{"floor":24,"key":"Block Potion"},{"floor":28,"key":"Explosive Potion"}],"is_trial":false,"path_per_floor":["M","M","M","M","?","E","M","R","T","R","M","?","$","M","R","B",null,"M","M","?","M","M","R","E","$","T","R","M","E"],"character_chosen":"IRONCLAD","items_purchased":["Shrug It Off","Dropkick","Flame Barrier","Carnage+1","Bandage Up"],"campfire_rested":1,"item_purchase_floors":[13,13,13,25,25],"current_hp_per_floor":[79,79,79,72,56,39,39,39,39,39,36,62,62,62,62,32,80,79,79,63,49,21,45,30,30,30,30,20,17],"gold":136,"neow_bonus":"BOSS_RELIC","is_prod":false,"is_daily":false,"chose_seed":false,"campfire_upgraded":4,"win_rate":0,"timestamp":1562120996,"path_taken":["M","M","M","M","?","E","M","R","T","R","M","?","?","M","R","BOSS","M","M","?","M","M","R","E","$","T","R","M","E"],"build_version":"2019-07-01","purchased_purges":0,"victory":false,"max_hp_per_floor":[80,80,80,80,80,80,80,80,80,80,80,80,80,80,80,80,80,80,80,80,80,80,80,80,80,80,80,80,80],"card_choices":[{"not_picked":[],"picked":"Warcry","floor":1},{"not_picked":[],"picked":"Armaments","floor":2},{"not_picked":["Anger"],"picked":"SKIP","floor":3},{"not_picked":[],"picked":"Havoc","floor":4},{"not_picked":["Warcry"],"picked":"SKIP","floor":6},{"not_picked":[],"picked":"Corruption","floor":7},{"not_picked":[],"picked":"Uppercut","floor":11},{"not_picked":["Armaments"],"picked":"SKIP","floor":14},{"not_picked":[],"picked":"Perfected Strike+1","floor":18},{"not_picked":[],"picked":"Clothesline+1","floor":19},{"not_picked":["Havoc"],"picked":"SKIP","floor":21},{"not_picked":[],"picked":"Perfected Strike","floor":22},{"not_picked":[],"picked":"Shrug It Off","floor":24},{"not_picked":[],"picked":"Battle Trance+1","floor":28}],"player_experience":562331,"relics_obtained":[{"floor":6,"key":"Bottled Lightning"},{"floor":9,"key":"War Paint"},{"floor":20,"key":"Nilry\u0027s Codex"},{"floor":24,"key":"Molten Egg 2"},{"floor":26,"key":"Juzu Bracelet"}],"event_choices":[{"damage_healed":0,"gold_gain":0,"player_choice":"Entered Light","damage_taken":16,"max_hp_gain":0,"max_hp_loss":0,"event_name":"Shining Light","floor":5,"gold_loss":0,"cards_upgraded":["Warcry","Armaments"]},{"damage_healed":26,"gold_gain":0,"player_choice":"Banana","damage_taken":0,"max_hp_gain":0,"max_hp_loss":0,"event_name":"Big Fish","floor":12,"gold_loss":0},{"damage_healed":0,"gold_gain":0,"player_choice":"Obtained Book","damage_taken":16,"max_hp_gain":0,"max_hp_loss":0,"event_name":"Cursed Tome","floor":20,"gold_loss":0}],"is_beta":false,"boss_relics":[{"not_picked":["Sozu","Tiny House"],"picked":"White Beast Statue"}],"items_purged_floors":[],"is_endless":false,"potions_floor_spawned":[2,3,14,16,18,19,21,22,24,28],"killed_by":"Gremlin Leader","ascension_level":2}