{"gold_per_floor":[109,129,129,148,167,167,167,167,167,12,28,28,28,43,43,43],"floor_reached":16,"playtime":1284,"items_purged":[],"score":117,"play_id":"54271140-7085-4db5-945e-04d2b229e63b","local_time":"20190629163431","is_ascension_mode":false,"campfire_choices":[{"data":"Double Tap","floor":6,"key":"SMITH"},{"data":"Feed","floor":8,"key":"SMITH"},{"data":"Clash","floor":13,"key":"SMITH"},{"data":"Armaments","floor":15,"key":"SMITH"}],"neow_cost":"NONE","seed_source_timestamp":573149229575600,"circlet_count":0,"master_deck":["Strike_R","Strike_R","Strike_R","Strike_R","Defend_R","Defend_R","Defend_R","Defend_R","Bash","Shrug It Off","Pommel Strike","Double Tap+1","Regret","Feed+1","Feel No Pain","Ghostly Armor","Clash+1","Armaments+1"],"relics":["Burning Blood","Ginger","Magic Flower","Blood Vial"],"potions_floor_usage":[4,14,16],"damage_taken":[{"damage":6,"enemies":"Cultist","floor":1,"turns":4},{"damage":3,"enemies":"Small Slimes","floor":2,"turns":3},{"damage":5,"enemies":"2 Louse","floor":4,"turns":3},{"damage":18,"enemies":"Blue Slaver","floor":5,"turns":4},{"damage":17,"enemies":"Lots of Slimes","floor":11,"turns":5},{"damage":13,"enemies":"2 Fungi Beasts","floor":14,"turns":4},{"damage":63,"enemies":"Hexaghost","floor":16,"turns":14}],"seed_played":"-8679886518869734906","potions_obtained":[{"floor":4,"key":"Fruit Juice"},{"floor":5,"key":"GamblersBrew"},{"floor":11,"key":"Swift Potion"},{"floor":14,"key":"BloodPotion"}],"is_trial":false,"path_per_floor":["M","M","?","M","M","R","?","R","T","$","M","?","R","M","R","B"],"character_chosen":"IRONCLAD","items_purchased":["Blood Vial"],"campfire_rested":0,"item_purchase_floors":[10],"current_hp_per_floor":[80,80,80,85,76,76,76,76,76,76,77,77,77,82,82,36],"gold":43,"neow_bonus":"THREE_CARDS","is_prod":false,"is_daily":false,"chose_seed":false,"campfire_upgraded":4,"win_rate":0,"timestamp":1561840471,"path_taken":["M","M","?","M","M","R","?","R","T","$","M","?","R","M","R","BOSS"],"build_version":"2019-01-23","purchased_purges":0,"victory":false,"max_hp_per_floor":[80,80,80,85,88,88,88,88,88,88,92,92,92,96,96,96],"card_choices":[{"not_picked":["Pommel Strike","Headbutt"],"picked":"Shrug It Off","floor":0},{"not_picked":["Anger","Wild Strike"],"picked":"Pommel Strike","floor":1},{"not_picked":["Body Slam","Heavy Blade"],"picked":"Double Tap","floor":2},{"not_picked":["Anger","True Grit"],"picked":"Feed","floor":4},{"not_picked":["Burning Pact","Thunderclap"],"picked":"Feel No Pain","floor":5},{"not_picked":["Clothesline","Iron Wave"],"picked":"Clash","floor":11},{"not_picked":["Searing Blow","Clothesline"],"picked":"Armaments","floor":14}],"player_experience":510662,"relics_obtained":[{"floor":9,"key":"Magic Flower"}],"event_choices":[{"damage_healed":0,"gold_gain":0,"player_choice":"Box","damage_taken":0,"relics_obtained":["Ginger"],"max_hp_gain":0,"max_hp_loss":0,"event_name":"Big Fish","floor":3,"gold_loss":0,"cards_obtained":["Regret"]},{"damage_healed":0,"gold_gain":0,"cards_transformed":["Strike_R"],"player_choice":"Change","damage_taken":0,"max_hp_gain":0,"max_hp_loss":0,"event_name":"Living Wall","floor":7,"gold_loss":0,"cards_obtained":["Ghostly Armor"]},{"damage_healed":0,"gold_gain":0,"player_choice":"Ignored","damage_taken":0,"max_hp_gain":0,"max_hp_loss":0,"event_name":"Liars Game","floor":12,"gold_loss":0}],"is_beta":false,"boss_relics":[],"items_purged_floors":[],"is_endless":false,"potions_floor_spawned":[4,5,11,14],"killed_by":"Hexaghost","ascension_level":0}