{"gold_per_floor":[119,136,149,149,149,149,159,173,173,173,193,213,15,290,290,393,393,413,432,169,203,257,257,257,323,353,353,393,185,185,85,85,85],"floor_reached":33,"playtime":2555,"items_purged":["Regret","Strike_R"],"score":266,"play_id":"cccc0fe9-ba1e-40c0-915f-ab84ab6267ee","local_time":"20181108214819","is_ascension_mode":false,"campfire_choices":[{"data":"Armaments","floor":6,"key":"SMITH"},{"data":"Pummel","floor":10,"key":"SMITH"},{"data":"Barricade","floor":15,"key":"SMITH"},{"data":"HandOfGreed","floor":23,"key":"SMITH"},{"data":"Blind","floor":27,"key":"SMITH"},{"data":"Ghostly","floor":32,"key":"SMITH"}],"neow_cost":"NONE","seed_source_timestamp":102421237763990,"circlet_count":0,"master_deck":["Strike_R","Strike_R","Strike_R","Defend_R","Defend_R","Defend_R","Defend_R","Bash","Pummel+1","Armaments+1","Clothesline","Uppercut","Barricade+1","Shrug It Off","Juggernaut","Shrug It Off","HandOfGreed+1","Iron Wave+1","True Grit","Blind+1","Rupture","Magnetism","Ghostly+1","Ghostly","Ghostly","Ghostly","Ghostly"],"relics":["Burning Blood","Boot","Self Forming Clay","Strange Spoon","Runic Cube","Tiny Chest"],"potions_floor_usage":[16,19,22,33,33],"damage_taken":[{"damage":1,"enemies":"Small Slimes","floor":1,"turns":4},{"damage":1,"enemies":"Cultist","floor":2,"turns":3},{"damage":0,"enemies":"2 Louse","floor":3,"turns":2},{"damage":9,"enemies":"Lots of Slimes","floor":7,"turns":5},{"damage":2,"enemies":"Blue Slaver","floor":8,"turns":3},{"damage":14,"enemies":"Exordium Thugs","floor":11,"turns":6},{"damage":5,"enemies":"Large Slime","floor":12,"turns":6},{"damage":35,"enemies":"Hexaghost","floor":16,"turns":11},{"damage":13,"enemies":"Chosen","floor":18,"turns":6},{"damage":19,"enemies":"Shell Parasite","floor":19,"turns":9},{"damage":18,"enemies":"Snecko","floor":21,"turns":7},{"damage":9,"enemies":"Cultist and Chosen","floor":22,"turns":8},{"damage":10,"enemies":"Shelled Parasite and Fungi","floor":25,"turns":18},{"damage":12,"enemies":"Snake Plant","floor":28,"turns":8},{"damage":35,"enemies":"Collector","floor":33,"turns":6}],"seed_played":"-2690903829312900639","potions_obtained":[{"floor":3,"key":"LiquidBronze"},{"floor":11,"key":"FearPotion"},{"floor":12,"key":"Explosive Potion"},{"floor":16,"key":"Block Potion"},{"floor":25,"key":"LiquidBronze"}],"is_trial":false,"path_per_floor":["M","M","M","$","?","R","M","M","T","R","M","M","$","?","R","B",null,"M","M","$","M","M","R","?","M","T","R","M","$","?","$","R","B"],"character_chosen":"IRONCLAD","items_purchased":["Strange Spoon","HandOfGreed","Rupture","Magnetism"],"campfire_rested":0,"item_purchase_floors":[13,20,29,29],"current_hp_per_floor":[80,80,80,80,80,80,77,80,80,80,72,73,73,73,73,44,80,73,60,60,48,45,45,45,41,41,41,35,35,35,35,35,0],"gold":85,"neow_bonus":"RANDOM_COMMON_RELIC","is_prod":false,"is_daily":false,"chose_seed":false,"campfire_upgraded":6,"win_rate":0,"timestamp":1541731699,"path_taken":["M","M","M","$","?","R","M","?","T","R","?","M","$","?","R","BOSS","M","M","$","?","M","R","?","M","T","R","M","?","?","?","R","BOSS"],"build_version":"2018-11-07","purchased_purges":2,"victory":false,"max_hp_per_floor":[80,80,80,80,80,80,80,80,80,80,80,80,80,80,80,80,80,80,80,80,80,80,80,80,80,80,80,80,80,40,40,40,40],"card_choices":[{"not_picked":["Twin Strike","Shockwave"],"picked":"Pummel","floor":1},{"not_picked":["Battle Trance","Entrench"],"picked":"Armaments","floor":2},{"not_picked":["Anger","Warcry"],"picked":"Clothesline","floor":3},{"not_picked":["Second Wind","Sever Soul","Wild Strike"],"picked":"SKIP","floor":7},{"not_picked":["Twin Strike","Anger"],"picked":"Barricade","floor":8},{"not_picked":["Clothesline","Disarm"],"picked":"Shrug It Off","floor":11},{"not_picked":["Headbutt","Havoc","Armaments"],"picked":"SKIP","floor":12},{"not_picked":["Demon Form","Limit Break"],"picked":"Juggernaut","floor":16},{"not_picked":["Armaments","Thunderclap+1","Havoc"],"picked":"SKIP","floor":18},{"not_picked":["Whirlwind","Havoc"],"picked":"Shrug It Off","floor":19},{"not_picked":["Wild Strike+1","Dual Wield"],"picked":"Iron Wave+1","floor":21},{"not_picked":["Thunderclap","Pommel Strike"],"picked":"True Grit","floor":22},{"not_picked":["Demon Form","Second Wind+1","Heavy Blade"],"picked":"SKIP","floor":25},{"not_picked":["Searing Blow","True Grit","Havoc"],"picked":"SKIP","floor":28}],"player_experience":223603,"relics_obtained":[{"floor":9,"key":"Self Forming Clay"},{"floor":26,"key":"Tiny Chest"}],"event_choices":[{"damage_healed":0,"gold_gain":0,"cards_transformed":["Strike_R"],"player_choice":"Transformed","damage_taken":0,"max_hp_gain":0,"max_hp_loss":0,"event_name":"Transmorgrifier","floor":5,"gold_loss":0,"cards_obtained":["Uppercut"]},{"damage_healed":0,"gold_gain":275,"player_choice":"Desecrate","damage_taken":0,"max_hp_gain":0,"max_hp_loss":0,"event_name":"Golden Shrine","floor":14,"gold_loss":0,"cards_obtained":["Regret"]},{"damage_healed":0,"gold_gain":0,"player_choice":"1 cards matched","damage_taken":0,"max_hp_gain":0,"max_hp_loss":0,"event_name":"Match and Keep!","floor":24,"gold_loss":0,"cards_obtained":["Blind"]},{"damage_healed":0,"gold_gain":0,"player_choice":"Became a Ghost","damage_taken":0,"max_hp_gain":0,"max_hp_loss":40,"event_name":"Ghosts","floor":30,"gold_loss":0,"cards_obtained":["Ghostly","Ghostly","Ghostly","Ghostly","Ghostly"]}],"is_beta":true,"boss_relics":[{"not_picked":["Lizard Tail","Runic Pyramid"],"picked":"Runic Cube"}],"items_purged_floors":[20,31],"is_endless":false,"potions_floor_spawned":[3,11,12,16,25],"killed_by":"Collector","ascension_level":0}