{"gold_per_floor":[110,110,110,110,126,126,137,147,147,160,33,48,48,60,60,137,137,148,148,148,100,114,114,14,14,14,14,14,32,32,49,49,127,127,145,145,105,121,13,13,26,40,40,40,59,59,71,371,371,371],"floor_reached":51,"playtime":3252,"items_purged":["Pain","Barricade"],"score":1195,"play_id":"d24295e5-8b8b-45d1-a01e-c499a1ab1322","local_time":"20190216133036","is_ascension_mode":true,"campfire_choices":[{"data":"Intimidate","floor":6.0,"key":"SMITH"},{"data":"Rampage","floor":15.0,"key":"SMITH"},{"floor":23.0,"key":"REST"},{"floor":25.0,"key":"REST"},{"data":"True Grit","floor":32.0,"key":"SMITH"},{"floor":40.0,"key":"RECALL"},{"floor":44,"key":"REST"},{"floor":46,"key":"REST"},{"floor":49,"key":"REST"}],"neow_cost":"TEN_PERCENT_HP_LOSS","seed_source_timestamp":0,"circlet_count":0,"master_deck":["AscendersBane","Strike_R+1","Defend_R","Defend_R","Defend_R","Defend_R","Bash+1","Intimidate+1","Pommel Strike","Shrug It Off","Ghostly Armor","True Grit+1","Rampage+1","Dropkick","Sever Soul+1","Barricade+1","Demon Form+1","Armaments+1","Body Slam+1","Rupture","Reaper","Iron Wave","Shrug It Off+1","Disarm","Shrug It Off","Dark Embrace"],"special_seed":0,"relics":["Burning Blood","Bird Faced Urn","Thread and Needle","WarpedTongs","Bottled Lightning","Astrolabe","Enchiridion","Bottled Tornado","Fusion Hammer","Dodecahedron"],"potions_floor_usage":[41,50,50],"damage_taken":[{"damage":7.0,"enemies":"Small Slimes","floor":1.0,"turns":4.0},{"damage":2.0,"enemies":"2 Louse","floor":5.0,"turns":5.0},{"damage":6.0,"enemies":"Cultist","floor":7.0,"turns":3.0},{"damage":9.0,"enemies":"Looter","floor":8.0,"turns":2.0},{"damage":11.0,"enemies":"Exordium Thugs","floor":10.0,"turns":4.0},{"damage":2.0,"enemies":"2 Fungi Beasts","floor":12.0,"turns":4.0},{"damage":1.0,"enemies":"3 Louse","floor":14.0,"turns":4.0},{"damage":23.0,"enemies":"The Guardian","floor":16.0,"turns":15.0},{"damage":46.0,"enemies":"3 Byrds","floor":18.0,"turns":9.0},{"damage":16.0,"enemies":"2 Thieves","floor":21.0,"turns":5.0},{"damage":3.0,"enemies":"Sentry and Sphere","floor":22.0,"turns":21.0},{"damage":0.0,"enemies":"Snake Plant","floor":29.0,"turns":7.0},{"damage":0.0,"enemies":"Centurion and Healer","floor":31.0,"turns":9.0},{"damage":14.0,"enemies":"Automaton","floor":33.0,"turns":11.0},{"damage":11.0,"enemies":"Orb Walker","floor":35.0,"turns":5.0},{"damage":47.0,"enemies":"3 Darklings","floor":38.0,"turns":29.0},{"damage":41,"enemies":"Transient","floor":41,"turns":6},{"damage":3,"enemies":"Maw","floor":42,"turns":8},{"damage":60,"enemies":"3 Darklings","floor":45,"turns":15},{"damage":11,"enemies":"Writhing Mass","floor":47,"turns":14},{"damage":29,"enemies":"Time Eater","floor":50,"turns":13}],"seed_played":"-794515602527836248","potions_obtained":[{"floor":1.0,"key":"FearPotion"},{"floor":10.0,"key":"BloodPotion"},{"floor":12.0,"key":"Ancient Potion"},{"floor":14.0,"key":"BloodPotion"},{"floor":16.0,"key":"Fruit Juice"},{"floor":21.0,"key":"SkillPotion"},{"floor":31.0,"key":"PowerPotion"},{"floor":37.0,"key":"FearPotion"},{"floor":37.0,"key":"Swift Potion"},{"floor":37.0,"key":"Strength Potion"},{"floor":38.0,"key":"PowerPotion"},{"floor":41,"key":"SpeedPotion"},{"floor":47,"key":"Regen Potion"}],"is_trial":false,"path_per_floor":["M","?","?","?","M","R","M","M","T","M","$","M","?","M","R","B",null,"M","?","?","M","M","R","$","R","T","$","?","M","$","M","R","B",null,"M","?","?","M","$","R","M","M","T","R","M","R","M","?","R","B",null],"character_chosen":"IRONCLAD","items_purchased":["True Grit","Disarm","Shrug It Off"],"campfire_rested":5,"item_purchase_floors":[11,39,39],"current_hp_per_floor":[67,67,47,47,51,51,51,48,48,43,43,53,53,58,58,47,68,32,11,26,20,29,50,50,71,71,71,71,73,73,73,73,65,71,69,69,69,73,73,73,38,49,49,70,25,46,54,54,73,67],"gold":371,"neow_bonus":"ONE_RARE_RELIC","is_prod":false,"is_daily":false,"chose_seed":false,"campfire_upgraded":3,"win_rate":0,"timestamp":1550341836,"path_taken":["M","?","?","?","?","R","M","M","T","M","$","M","?","M","R","BOSS","M","?","?","M","M","R","$","R","T","$","?","?","?","M","R","BOSS","M","?","?","M","$","R","?","M","T","R","M","R","M","?","R","BOSS"],"build_version":"2019-02-06","purchased_purges":2,"victory":true,"max_hp_per_floor":[68,68,68,68,68,68,68,68,68,68,68,68,68,68,68,68,73,73,73,73,73,73,73,73,73,73,73,73,73,73,73,73,73,73,73,73,73,73,73,73,73,73,73,73,73,73,73,73,73,73],"card_choices":[{"not_picked":["Blood for Blood","Twin Strike"],"picked":"Intimidate","floor":1.0},{"not_picked":["Seeing Red","Flex"],"picked":"Heavy Blade","floor":5.0},{"not_picked":["Carnage","Perfected Strike"],"picked":"Pommel Strike","floor":7.0},{"not_picked":["Headbutt","Perfected Strike"],"picked":"Shrug It Off","floor":8.0},{"not_picked":["Intimidate","Entrench"],"picked":"Ghostly Armor","floor":10.0},{"not_picked":["Heavy Blade","Cleave"],"picked":"Rampage","floor":12.0},{"not_picked":["Anger","True Grit"],"picked":"Dropkick","floor":14.0},{"not_picked":["Immolate","Exhume"],"picked":"Barricade","floor":16.0},{"not_picked":["Burning Pact","Clothesline","Blood for Blood"],"picked":"SKIP","floor":18.0},{"not_picked":["Reckless Charge","Bloodletting"],"picked":"Armaments+1","floor":21.0},{"not_picked":["Anger+1","Infernal Blade"],"picked":"Body Slam+1","floor":22.0},{"not_picked":["Headbutt+1","Sword Boomerang","Havoc"],"picked":"SKIP","floor":29.0},{"not_picked":["True Grit+1","Spot Weakness"],"picked":"Rupture","floor":31.0},{"not_picked":["Juggernaut","Feed"],"picked":"Reaper","floor":33.0},{"not_picked":["Clash","Warcry"],"picked":"Iron Wave","floor":35.0},{"not_picked":["Clothesline+1","Searing Blow"],"picked":"Shrug It Off+1","floor":38.0},{"not_picked":["Dual Wield+1","True Grit","Clothesline"],"picked":"SKIP","floor":41},{"not_picked":["Shrug It Off","Warcry"],"picked":"Dark Embrace","floor":42},{"not_picked":["Anger","Perfected Strike","Second Wind"],"picked":"SKIP","floor":45},{"not_picked":["Flex","Blood for Blood","Pommel Strike"],"picked":"SKIP","floor":47}],"player_experience":977446,"relics_obtained":[{"floor":9.0,"key":"Bottled Lightning"},{"floor":19.0,"key":"Enchiridion"},{"floor":26.0,"key":"Bottled Tornado"},{"floor":43,"key":"Dodecahedron"}],"event_choices":[{"damage_healed":0.0,"max_hp_gain":0.0,"max_hp_loss":0.0,"gold_gain":0.0,"event_name":"Big Fish","player_choice":"Box","floor":2.0,"gold_loss":0.0,"damage_taken":0.0,"relics_obtained":["Thread and Needle"],"cards_obtained":["Regret"]},{"damage_healed":0.0,"max_hp_gain":0.0,"max_hp_loss":0.0,"gold_gain":0.0,"event_name":"Shining Light","player_choice":"Entered Light","floor":3.0,"gold_loss":0.0,"damage_taken":20.0,"cards_upgraded":["Bash","Strike_R"]},{"damage_healed":0.0,"max_hp_gain":0.0,"max_hp_loss":0.0,"gold_gain":0.0,"event_name":"Accursed Blacksmith","player_choice":"Rummage","floor":4.0,"gold_loss":0.0,"damage_taken":0.0,"relics_obtained":["WarpedTongs"],"cards_obtained":["Pain"]},{"cards_removed":["Regret"],"damage_healed":0.0,"max_hp_gain":0.0,"max_hp_loss":0.0,"gold_gain":0.0,"event_name":"Purifier","player_choice":"Purged","floor":13.0,"gold_loss":0.0,"damage_taken":0.0},{"damage_healed":0.0,"max_hp_gain":0.0,"max_hp_loss":0.0,"gold_gain":0.0,"event_name":"Cursed Tome","player_choice":"Obtained Book","floor":19.0,"gold_loss":0.0,"damage_taken":21.0},{"damage_healed":15.0,"max_hp_gain":0.0,"max_hp_loss":0.0,"gold_gain":0.0,"event_name":"The Library","player_choice":"Heal","floor":20.0,"gold_loss":0.0,"damage_taken":0.0},{"cards_removed":["Strike_R"],"damage_healed":0.0,"max_hp_gain":0.0,"max_hp_loss":0.0,"gold_gain":0.0,"event_name":"Purifier","player_choice":"Purged","floor":28.0,"gold_loss":0.0,"damage_taken":0.0},{"cards_removed":["Heavy Blade"],"damage_healed":0.0,"max_hp_gain":0.0,"max_hp_loss":0.0,"gold_gain":0.0,"event_name":"Falling","player_choice":"Removed Attack","floor":36.0,"gold_loss":0.0,"damage_taken":0.0},{"damage_healed":0.0,"max_hp_gain":0.0,"max_hp_loss":0.0,"gold_gain":0.0,"event_name":"The Woman in Blue","player_choice":"Bought 3 Potions","floor":37.0,"gold_loss":0.0,"damage_taken":0.0},{"damage_healed":0,"gold_gain":300,"player_choice":"Gold","damage_taken":0,"max_hp_gain":0,"max_hp_loss":0,"event_name":"Wheel of Change","floor":48,"gold_loss":0}],"is_beta":true,"boss_relics":[{"not_picked":["Runic Pyramid","Pandora\u0027s Box"],"picked":"Astrolabe"},{"not_picked":["Mark of Pain","Busted Crown"],"picked":"Fusion Hammer"}],"items_purged_floors":[11,24],"is_endless":false,"potions_floor_spawned":[1,10,12,14,16,21,31,38,41,47],"ascension_level":18}