{"gold_per_floor":[112,135,164,176,207,246,258,280,292,331,357,369,398,421,433,445],"floor_reached":16,"playtime":1356,"items_purged":[],"score":125,"play_id":"525a16bc-a04e-49c5-8f42-2ad82ef6e8b7","local_time":"20190721190143","is_ascension_mode":true,"campfire_choices":[{"floor":7,"key":"REST"},{"data":"Searing Blow","floor":12,"key":"SMITH"},{"floor":15,"key":"REST"}],"neow_cost":"NONE","seed_source_timestamp":28431784138022,"circlet_count":0,"master_deck":["Strike_R","Strike_R","Strike_R","Strike_R","Strike_R","Defend_R","Defend_R","Defend_R","Defend_R","Bash","Shrug It Off","Sever Soul","Searing Blow+1","Burning Pact","Body Slam","Spot Weakness+1","True Grit+1","Flex+1"],"relics":["Burning Blood","MawBank","Orichalcum","Toxic Egg 2","Red Skull"],"potions_floor_usage":[6,14,16,16],"damage_taken":[{"damage":6,"enemies":"Cultist","floor":1,"turns":4},{"damage":10,"enemies":"Small Slimes","floor":3,"turns":3},{"damage":18,"enemies":"Jaw Worm","floor":5,"turns":4},{"damage":44,"enemies":"Lagavulin","floor":6,"turns":7},{"damage":6,"enemies":"Blue Slaver","floor":8,"turns":6},{"damage":16,"enemies":"Gremlin Nob","floor":10,"turns":4},{"damage":10,"enemies":"Looter","floor":11,"turns":4},{"damage":11,"enemies":"Exordium Thugs","floor":13,"turns":5},{"damage":6,"enemies":"3 Louse","floor":14,"turns":4},{"damage":71,"enemies":"Hexaghost","floor":16,"turns":16}],"seed_played":"-6748568315247975328","potions_obtained":[{"floor":3,"key":"Weak Potion"},{"floor":6,"key":"Block Potion"},{"floor":10,"key":"Dexterity Potion"},{"floor":11,"key":"Weak Potion"}],"is_trial":false,"path_per_floor":["M","T","M","?","M","E","R","M","T","E","M","R","M","M","R","B"],"character_chosen":"IRONCLAD","items_purchased":[],"campfire_rested":2,"item_purchase_floors":[],"current_hp_per_floor":[88,88,84,88,76,38,64,64,64,54,50,50,45,45,71,0],"gold":445,"neow_bonus":"TEN_PERCENT_HP_BONUS","is_prod":false,"is_daily":false,"chose_seed":false,"campfire_upgraded":1,"win_rate":0,"timestamp":1563753703,"path_taken":["M","?","M","?","M","E","R","M","T","E","M","R","?","M","R","BOSS"],"build_version":"2019-07-17","purchased_purges":0,"victory":false,"max_hp_per_floor":[88,88,88,88,88,88,88,88,88,88,88,88,88,88,88,88],"card_choices":[{"not_picked":["Clash","Intimidate"],"picked":"Shrug It Off","floor":1},{"not_picked":["Shrug It Off","Warcry"],"picked":"Whirlwind","floor":3},{"not_picked":["Flex","Body Slam"],"picked":"Sever Soul","floor":5},{"not_picked":["Combust","Intimidate"],"picked":"Searing Blow","floor":6},{"not_picked":["Pommel Strike","Heavy Blade"],"picked":"Burning Pact","floor":8},{"not_picked":["Brutality","Seeing Red+1"],"picked":"Body Slam","floor":10},{"not_picked":["Reckless Charge","Heavy Blade"],"picked":"Spot Weakness+1","floor":11},{"not_picked":["Flex+1","Clash"],"picked":"True Grit+1","floor":13},{"not_picked":["Shrug It Off+1","Hemokinesis"],"picked":"Flex+1","floor":14}],"player_experience":208833,"relics_obtained":[{"floor":2,"key":"MawBank"},{"floor":6,"key":"Orichalcum"},{"floor":9,"key":"Toxic Egg 2"},{"floor":10,"key":"Red Skull"}],"event_choices":[{"cards_removed":["Whirlwind"],"damage_healed":4,"gold_gain":0,"player_choice":"Offered Uncommon","damage_taken":0,"max_hp_gain":0,"max_hp_loss":0,"event_name":"Bonfire Elementals","floor":4,"gold_loss":0}],"is_beta":false,"boss_relics":[],"items_purged_floors":[],"is_endless":false,"potions_floor_spawned":[3,6,10,11,13],"killed_by":"Hexaghost","ascension_level":2}