{"gold_per_floor":[99,99,99,99,71,71,71,41,41,41,41,41,41,41,41,41,41,41,41,0,0,0,0,0,0,0,0,0,0,0,0,0,0],"floor_reached":33,"playtime":1626,"items_purged":[],"score":269,"play_id":"176667d8-c643-4ff7-b431-27b258aedfb6","local_time":"20190719210547","is_ascension_mode":false,"campfire_choices":[{"data":"Noxious Fumes","floor":6,"key":"SMITH"},{"floor":15,"key":"REST"},{"floor":24,"key":"REST"},{"floor":32,"key":"REST"}],"neow_cost":"NONE","seed_source_timestamp":788527379005282,"circlet_count":0,"master_deck":["Strike_G","Strike_G","Strike_G+1","Defend_G","Defend_G","Defend_G","Defend_G","Survivor","Neutralize+1","Backstab","Outmaneuver","Poisoned Stab","Noxious Fumes+1","Bouncing Flask+1","Backflip","After Image","Deadly Poison+1","Dash","Malaise","Phantasmal Killer","Adrenaline","Backflip","Backstab"],"relics":["Ectoplasm","Shuriken","Regal Pillow","Ice Cream","Eternal Feather","Matryoshka","War Paint"],"potions_floor_usage":[],"damage_taken":[{"damage":0,"enemies":"Small Slimes","floor":1,"turns":4},{"damage":1,"enemies":"2 Louse","floor":2,"turns":2},{"damage":0,"enemies":"Cultist","floor":3,"turns":4},{"damage":5,"enemies":"3 Louse","floor":4,"turns":4},{"damage":28,"enemies":"Lagavulin","floor":7,"turns":7},{"damage":5,"enemies":"Looter","floor":8,"turns":3},{"damage":3,"enemies":"Blue Slaver","floor":10,"turns":3},{"damage":27,"enemies":"Slime Boss","floor":16,"turns":11},{"damage":9,"enemies":"Shell Parasite","floor":18,"turns":5},{"damage":17,"enemies":"2 Thieves","floor":20,"turns":4},{"damage":22,"enemies":"Shelled Parasite and Fungi","floor":21,"turns":5},{"damage":6,"enemies":"Snake Plant","floor":23,"turns":5},{"damage":10,"enemies":"Centurion and Healer","floor":25,"turns":7},{"damage":2,"enemies":"Snecko","floor":28,"turns":5},{"damage":8,"enemies":"Book of Stabbing","floor":29,"turns":8},{"damage":82,"enemies":"Collector","floor":33,"turns":5}],"seed_played":"-1768964620591637556","potions_obtained":[{"floor":2,"key":"FearPotion"},{"floor":3,"key":"LiquidBronze"},{"floor":16,"key":"EntropicBrew"},{"floor":29,"key":"Poison Potion"}],"is_trial":false,"path_per_floor":["M","M","M","M","?","R","E","M","T","M","?","?","?","T","R","B",null,"M","$","M","M","?","M","R","M","T","?","M","E","?","$","R","B"],"character_chosen":"THE_SILENT","items_purchased":[],"campfire_rested":3,"item_purchase_floors":[],"current_hp_per_floor":[70,69,69,64,64,64,36,31,31,28,28,14,14,14,50,23,70,61,61,44,22,22,16,64,54,54,54,52,44,44,44,70,0],"gold":0,"neow_bonus":"BOSS_RELIC","is_prod":false,"is_daily":false,"chose_seed":false,"campfire_upgraded":1,"win_rate":0,"timestamp":1563595547,"path_taken":["M","M","M","M","?","R","E","M","T","M","?","?","?","?","R","BOSS","M","?","M","M","?","M","R","M","T","?","M","E","?","$","R","BOSS"],"build_version":"2019-07-17","purchased_purges":0,"victory":false,"max_hp_per_floor":[70,70,70,70,70,70,70,70,70,70,70,70,70,70,70,70,70,70,70,70,70,70,70,70,70,70,70,70,70,70,70,70,70],"card_choices":[{"not_picked":["Dagger Throw","Slice"],"picked":"Backstab","floor":1},{"not_picked":["Crippling Poison","PiercingWail"],"picked":"Outmaneuver","floor":2},{"not_picked":["PiercingWail","Slice"],"picked":"Poisoned Stab","floor":3},{"not_picked":["Accuracy","Finisher"],"picked":"Noxious Fumes","floor":4},{"not_picked":["Calculated Gamble","Outmaneuver"],"picked":"Bouncing Flask","floor":7},{"not_picked":["Blade Dance","Cloak And Dagger"],"picked":"Backflip","floor":8},{"not_picked":["Underhanded Strike","Storm of Steel","Dagger Spray"],"picked":"SKIP","floor":10},{"not_picked":["Bullet Time","Malaise"],"picked":"After Image","floor":16},{"not_picked":["Finisher","Heel Hook","Cloak And Dagger"],"picked":"SKIP","floor":18},{"not_picked":["Setup+1","Flying Knee"],"picked":"Deadly Poison","floor":20},{"not_picked":["Well Laid Plans","Quick Slash"],"picked":"Dash","floor":21},{"not_picked":["Tactician","Underhanded Strike"],"picked":"Adrenaline","floor":23},{"not_picked":["Poisoned Stab","Deadly Poison"],"picked":"Backflip","floor":25},{"not_picked":["Deflect","Concentrate"],"picked":"Backstab","floor":28},{"not_picked":["Blade Dance+1","Flechettes","Dodge and Roll"],"picked":"SKIP","floor":29}],"player_experience":162037,"relics_obtained":[{"floor":7,"key":"Shuriken"},{"floor":14,"key":"Ice Cream"},{"floor":26,"key":"Matryoshka"},{"floor":29,"key":"War Paint"}],"event_choices":[{"damage_healed":0,"gold_gain":0,"player_choice":"Left Gold","damage_taken":0,"max_hp_gain":0,"max_hp_loss":0,"event_name":"World of Goop","floor":5,"gold_loss":28},{"damage_healed":0,"gold_gain":0,"player_choice":"Searched \u00272\u0027 times","damage_taken":0,"relics_obtained":["Regal Pillow"],"max_hp_gain":0,"max_hp_loss":0,"event_name":"Dead Adventurer","floor":11,"gold_loss":0},{"damage_healed":0,"gold_gain":0,"player_choice":"Entered Light","damage_taken":14,"max_hp_gain":0,"max_hp_loss":0,"event_name":"Shining Light","floor":12,"gold_loss":0,"cards_upgraded":["Neutralize","Strike_G"]},{"cards_removed":["Strike_G"],"damage_healed":0,"gold_gain":0,"player_choice":"Forget","damage_taken":0,"max_hp_gain":0,"max_hp_loss":0,"event_name":"Living Wall","floor":13,"gold_loss":0},{"damage_healed":0,"gold_gain":0,"cards_transformed":["Defend_G","Strike_G"],"player_choice":"Became Test Subject","damage_taken":0,"max_hp_gain":0,"max_hp_loss":0,"event_name":"Drug Dealer","floor":22,"gold_loss":0,"cards_obtained":["Malaise","Phantasmal Killer"]},{"damage_healed":0,"gold_gain":0,"player_choice":"Ignored","damage_taken":0,"max_hp_gain":0,"max_hp_loss":0,"event_name":"Cursed Tome","floor":27,"gold_loss":0},{"damage_healed":0,"gold_gain":0,"player_choice":"Ignored","damage_taken":0,"max_hp_gain":0,"max_hp_loss":0,"event_name":"The Mausoleum","floor":30,"gold_loss":0}],"is_beta":false,"boss_relics":[{"not_picked":["Fusion Hammer","Busted Crown"],"picked":"Eternal Feather"}],"items_purged_floors":[],"is_endless":false,"potions_floor_spawned":[2,3,16,20,21,29],"killed_by":"Collector","ascension_level":0}