{"gold_per_floor":[114,130,130,140,150,179,29,29,109,109,121,121,148,166,166,263,263,278,377,17,36,36,36,36,36,83,108,108,32,32],"floor_reached":30,"playtime":1980,"items_purged":[],"score":236,"play_id":"a1ba7ca8-46c5-4c45-b6ee-39e419fd1784","local_time":"20190227195956","is_ascension_mode":false,"campfire_choices":[{"floor":10,"key":"REST"},{"floor":12,"key":"REST"},{"data":"Blade Dance","floor":15,"key":"SMITH"},{"data":"Night Terror","floor":23,"key":"SMITH"},{"floor":25,"key":"REST"}],"neow_cost":"NONE","seed_source_timestamp":1040346954701628,"circlet_count":0,"master_deck":["Defend_G","Defend_G","Defend_G","Defend_G","Defend_G","Strike_G","Strike_G","Strike_G","Strike_G","Strike_G","Survivor","Neutralize","Accuracy+1","Dagger Spray","Blade Dance+1","Terror","Deadly Poison","PiercingWail","Caltrops","Deflect","Night Terror+1","Outmaneuver","Catalyst+1","Blade Dance","Concentrate"],"relics":["Ring of the Snake","Dream Catcher","StoneCalendar","Anchor","Kunai","Lantern","WristBlade","Ginger","MutagenicStrength","Art of War","Red Mask"],"potions_floor_usage":[5,6,16,18,28,28],"damage_taken":[{"damage":12,"enemies":"Cultist","floor":1,"turns":7},{"damage":1,"enemies":"Small Slimes","floor":2,"turns":4},{"damage":0,"enemies":"2 Louse","floor":4,"turns":3},{"damage":2,"enemies":"Looter","floor":5,"turns":4},{"damage":29,"enemies":"3 Sentries","floor":6,"turns":5},{"damage":0,"enemies":"3 Louse","floor":11,"turns":3},{"damage":18,"enemies":"Lagavulin","floor":13,"turns":7},{"damage":0,"enemies":"Large Slime","floor":14,"turns":5},{"damage":17,"enemies":"Slime Boss","floor":16,"turns":7},{"damage":22,"enemies":"3 Byrds","floor":18,"turns":6},{"damage":8,"enemies":"Shell Parasite","floor":21,"turns":5},{"damage":13,"enemies":"Masked Bandits","floor":27,"turns":6},{"damage":14,"enemies":"Colosseum Slavers","floor":28,"turns":7},{"damage":0,"enemies":"Colosseum Nobs","floor":28,"turns":1},{"damage":34,"enemies":"Cultist and Chosen","floor":30,"turns":6}],"seed_played":"2015534208222669590","potions_obtained":[{"floor":1,"key":"Explosive Potion"},{"floor":2,"key":"LiquidBronze"},{"floor":4,"key":"SmokeBomb"},{"floor":14,"key":"Explosive Potion"},{"floor":16,"key":"SkillPotion"},{"floor":21,"key":"FearPotion"},{"floor":27,"key":"SkillPotion"}],"is_trial":false,"path_per_floor":["M","M","?","M","M","E","$","?","T","R","M","R","E","M","R","B",null,"M","?","$","M","?","R","?","R","T","?","?","$","M"],"character_chosen":"THE_SILENT","items_purchased":["Anchor","Ginger","Outmaneuver","Concentrate"],"campfire_rested":3,"item_purchase_floors":[7,20,20,29],"current_hp_per_floor":[58,57,57,57,55,26,26,26,26,47,47,68,50,50,50,33,70,48,48,48,40,40,40,40,61,61,48,34,34,0],"gold":32,"neow_bonus":"RANDOM_COMMON_RELIC","is_prod":false,"is_daily":false,"chose_seed":false,"campfire_upgraded":2,"win_rate":0,"timestamp":1551315596,"path_taken":["M","M","?","?","M","E","$","?","T","R","M","R","E","M","R","BOSS","M","?","$","M","?","R","?","R","T","?","?","?","?"],"build_version":"2019-01-23","purchased_purges":0,"victory":false,"max_hp_per_floor":[70,70,70,70,70,70,70,70,70,70,70,70,70,70,70,70,70,70,70,70,70,70,70,70,70,70,70,70,70,70],"card_choices":[{"not_picked":["Crippling Poison","Blade Dance"],"picked":"Accuracy","floor":1},{"not_picked":["Setup","Reflex","Quick Slash"],"picked":"SKIP","floor":2},{"not_picked":["Caltrops","Poisoned Stab"],"picked":"Dagger Spray","floor":4},{"not_picked":["Bane","Underhanded Strike"],"picked":"Blade Dance","floor":5},{"not_picked":["Poisoned Stab","Blur"],"picked":"Terror","floor":6},{"not_picked":["Crippling Poison","Footwork"],"picked":"Deadly Poison","floor":10},{"not_picked":["Quick Slash","Sucker Punch","Poisoned Stab"],"picked":"SKIP","floor":11},{"not_picked":["Outmaneuver","Tools of the Trade"],"picked":"PiercingWail","floor":12},{"not_picked":["Tactician","Dagger Spray"],"picked":"Caltrops","floor":13},{"not_picked":["Dagger Spray","Backflip"],"picked":"Deflect","floor":14},{"not_picked":["Grand Finale","Malaise"],"picked":"Night Terror","floor":16},{"not_picked":["Backflip+1","Distraction","Flying Knee"],"picked":"SKIP","floor":18},{"not_picked":["Flying Knee","Concentrate"],"picked":"Catalyst+1","floor":21},{"not_picked":["Slice","Poisoned Stab+1"],"picked":"Blade Dance","floor":27}],"player_experience":261552,"relics_obtained":[{"floor":6,"key":"StoneCalendar"},{"floor":9,"key":"Kunai"},{"floor":13,"key":"Lantern"},{"floor":26,"key":"Art of War"},{"floor":27,"key":"Red Mask"}],"event_choices":[{"damage_healed":0,"gold_gain":0,"player_choice":"Upgraded","damage_taken":0,"max_hp_gain":0,"max_hp_loss":0,"event_name":"Upgrade Shrine","floor":3,"gold_loss":0,"cards_upgraded":["Accuracy"]},{"damage_healed":0,"gold_gain":0,"player_choice":"Ignored","damage_taken":0,"max_hp_gain":0,"max_hp_loss":0,"event_name":"Golden Wing","floor":8,"gold_loss":0},{"damage_healed":0,"gold_gain":99,"player_choice":"Stole From Cult","damage_taken":0,"max_hp_gain":0,"max_hp_loss":0,"event_name":"Nest","floor":19,"gold_loss":0},{"damage_healed":0,"gold_gain":0,"player_choice":"Inject Mutagens","damage_taken":0,"relics_obtained":["MutagenicStrength"],"max_hp_gain":0,"max_hp_loss":0,"event_name":"Drug Dealer","floor":22,"gold_loss":0},{"damage_healed":0,"gold_gain":0,"player_choice":"Ignored","damage_taken":0,"max_hp_gain":0,"max_hp_loss":0,"event_name":"Ghosts","floor":24,"gold_loss":0},{"damage_healed":0,"gold_gain":0,"player_choice":"Fought Bandits","damage_taken":0,"max_hp_gain":0,"max_hp_loss":0,"event_name":"Masked Bandits","floor":27,"gold_loss":0},{"damage_healed":0,"gold_gain":0,"player_choice":"Fight","damage_taken":0,"max_hp_gain":0,"max_hp_loss":0,"event_name":"Colosseum","floor":28,"gold_loss":0},{"damage_healed":0,"gold_gain":0,"player_choice":"Fought Nobs","damage_taken":0,"max_hp_gain":0,"max_hp_loss":0,"event_name":"Colosseum","floor":28,"gold_loss":0}],"is_beta":false,"boss_relics":[{"not_picked":["Coffee Dripper","Astrolabe"],"picked":"WristBlade"}],"items_purged_floors":[],"is_endless":false,"potions_floor_spawned":[1,2,4,14,16,21,27,28],"killed_by":"Cultist and Chosen","ascension_level":0}