{"gold_per_floor":[114,189,202,202,202,202,202,202,202,377,397,397,397,397,397,496,496,510,60,71,71,83,117,117,117,117,129,141,72,72,72,72,169,169,181,181,196,196,196,196,252,308,308,343,408,462,462,462,462,588,638,674],"floor_reached":52,"playtime":3026,"items_purged":[],"score":1067,"play_id":"e55b043d-849d-43ec-905b-fbaecab62f2a","local_time":"20190113015903","daily_mods":["SealedDeck","Heirloom","Flight"],"is_ascension_mode":false,"campfire_choices":[{"data":"Go for the Eyes","floor":6.0,"key":"SMITH"},{"data":"Glacier","floor":7.0,"key":"SMITH"},{"data":"Chaos","floor":8.0,"key":"SMITH"},{"data":"Coolheaded","floor":12.0,"key":"SMITH"},{"data":"Coolheaded","floor":13.0,"key":"SMITH"},{"data":"Auto Shields","floor":15.0,"key":"SMITH"},{"data":"Buffer","floor":24.0,"key":"SMITH"},{"data":"Compile Driver","floor":27.0,"key":"SMITH"},{"data":"Conserve Battery","floor":32.0,"key":"SMITH"},{"data":"HandOfGreed","floor":40.0,"key":"SMITH"},{"data":"Panache","floor":47.0,"key":"SMITH"},{"data":"Self Repair","floor":49.0,"key":"SMITH"}],"neow_cost":"","seed_source_timestamp":0,"circlet_count":0,"master_deck":["Compile Driver+1","Self Repair+1","Coolheaded+1","Chaos+1","Conserve Battery+1","Coolheaded+1","Go for the Eyes+1","Glacier+1","Coolheaded+1","Buffer+1","Go for the Eyes+1","Glacier+1","Darkness+1","Heatsinks+1","Panache+1","Madness+1","HandOfGreed+1","Chill+1","Darkness+1","Reinforced Body+1","Compile Driver+1","Madness+1","Madness+1"],"special_seed":0,"relics":["Cracked Core","Du-Vu Doll","Mummified Hand","Toxic Egg 2","Empty Cage","Darkstone Periapt","Toy Ornithopter","Pocketwatch","MutagenicStrength","MawBank","Bottled Lightning","Black Star","CultistMask","Ornamental Fan","Bird Faced Urn","Art of War","Blue Candle","Unceasing Top","Turnip","Gremlin Horn","Tiny House"],"potions_floor_usage":[50,50],"damage_taken":[{"damage":0.0,"enemies":"Jaw Worm","floor":1.0,"turns":4.0},{"damage":0.0,"enemies":"2 Louse","floor":3.0,"turns":4.0},{"damage":0.0,"enemies":"Small Slimes","floor":11.0,"turns":5.0},{"damage":40.0,"enemies":"Slime Boss","floor":16.0,"turns":28.0},{"damage":10.0,"enemies":"2 Thieves","floor":18.0,"turns":3.0},{"damage":1.0,"enemies":"Chosen","floor":20.0,"turns":7.0},{"damage":3.0,"enemies":"Snake Plant","floor":22.0,"turns":4.0},{"damage":22.0,"enemies":"Gremlin Leader","floor":23.0,"turns":15.0},{"damage":3.0,"enemies":"Collector","floor":33.0,"turns":19.0},{"damage":0.0,"enemies":"Orb Walker","floor":35.0,"turns":5.0},{"damage":0.0,"enemies":"3 Shapes","floor":37.0,"turns":5.0},{"damage":24.0,"enemies":"Giant Head","floor":41.0,"turns":11.0},{"damage":0.0,"enemies":"Reptomancer","floor":42.0,"turns":9.0},{"damage":0.0,"enemies":"3 Darklings","floor":44.0,"turns":4.0},{"damage":0.0,"enemies":"Jaw Worm Horde","floor":45.0,"turns":5.0},{"damage":14.0,"enemies":"Nemesis","floor":46.0,"turns":11.0},{"damage":0,"enemies":"Donu and Deca","floor":50,"turns":7},{"damage":0,"enemies":"2 Louse","floor":52,"turns":1}],"seed_played":"7045447917544967966","potions_obtained":[{"floor":16.0,"key":"Poison Potion"},{"floor":33.0,"key":"Explosive Potion"},{"floor":37.0,"key":"PowerPotion"},{"floor":42.0,"key":"Swift Potion"},{"floor":45.0,"key":"LiquidBronze"},{"floor":50,"key":"AttackPotion"},{"floor":51,"key":"EssenceOfSteel"},{"floor":52,"key":"Swift Potion"}],"is_trial":true,"path_per_floor":["M","?","M","?","?","R","R","R","T","?","M","R","R","?","R","B",null,"M","$","M","?","M","E","R","?","T","R","?","$","T","?","R","B",null,"M","?","M","?","?","R","E","E","T","M","M","E","R","?","R","B",null,"M"],"character_chosen":"DEFECT","items_purchased":["Darkstone Periapt","Toy Ornithopter","Glacier+1"],"campfire_rested":0,"item_purchase_floors":[19,19,29],"current_hp_per_floor":[75,64,71,71,59,59,59,59,59,59,66,66,66,66,66,33,75,72,72,75,75,75,60,60,60,60,60,44,44,44,44,44,48,75,75,75,75,65,85,85,68,83,83,85,85,78,78,67,67,85,90,90],"gold":674,"neow_bonus":"","is_prod":false,"is_daily":false,"chose_seed":false,"campfire_upgraded":12,"win_rate":0,"timestamp":1547362743,"path_taken":["M","?","M","?","?","R","R","R","T","?","M","R","R","?","R","BOSS","M","?","?","?","M","E","R","?","T","R","?","?","?","?","R","BOSS","M","?","?","?","?","R","E","E","T","?","?","E","R","?","R","BOSS","M"],"build_version":"2019-01-10","purchased_purges":0,"victory":false,"max_hp_per_floor":[75,75,75,75,75,75,75,75,75,75,75,75,75,75,75,75,75,75,75,75,75,75,75,75,75,75,75,75,75,75,75,75,75,75,75,75,75,75,85,85,85,85,85,85,85,85,85,85,85,85,90,90],"card_choices":[{"not_picked":["Consume","Fusion"],"picked":"Coolheaded","floor":1.0},{"not_picked":["Tempest","Turbo","Compile Driver"],"picked":"SKIP","floor":3.0},{"not_picked":["Cold Snap","Turbo+1","Fusion+1"],"picked":"SKIP","floor":11.0},{"not_picked":["Electrodynamics","All For One"],"picked":"Buffer","floor":16.0},{"not_picked":["Gash","Undo+1","Steam+1"],"picked":"SKIP","floor":18.0},{"not_picked":["Cold Snap","Ball Lightning"],"picked":"Go for the Eyes+1","floor":20.0},{"not_picked":["Beam Cell","Ball Lightning","Hologram+1"],"picked":"SKIP","floor":22.0},{"not_picked":["Beam Cell","Ball Lightning","Hologram+1"],"picked":"SKIP","floor":22.0},{"not_picked":["Sunder+1","Streamline","Stack+1"],"picked":"SKIP","floor":23.0},{"not_picked":["Reboot+1","Buffer"],"picked":"Creative AI","floor":33.0},{"not_picked":["Barrage","Ball Lightning"],"picked":"Darkness+1","floor":35.0},{"not_picked":["Reprogram+1","Self Repair"],"picked":"Heatsinks+1","floor":37.0},{"not_picked":["Magnetism","Flash of Steel"],"picked":"Panache","floor":38.0},{"not_picked":["Trip+1","PanicButton+1"],"picked":"Madness+1","floor":38.0},{"not_picked":["Dark Shackles+1","Transmutation+1"],"picked":"HandOfGreed","floor":38.0},{"not_picked":["Leap+1","BootSequence+1"],"picked":"Chill+1","floor":41.0},{"not_picked":["Rainbow+1","Conserve Battery+1"],"picked":"Darkness+1","floor":42.0},{"not_picked":["Steam Power+1","Sweeping Beam","Hologram+1"],"picked":"SKIP","floor":44.0},{"not_picked":["Undo+1","Conserve Battery+1"],"picked":"Reinforced Body+1","floor":45.0},{"not_picked":["Meteor Strike","Leap+1"],"picked":"Compile Driver+1","floor":46.0}],"player_experience":801692,"relics_obtained":[{"floor":9.0,"key":"Toxic Egg 2"},{"floor":23.0,"key":"Pocketwatch"},{"floor":26.0,"key":"MawBank"},{"floor":30.0,"key":"Bottled Lightning"},{"floor":41.0,"key":"Ornamental Fan"},{"floor":41.0,"key":"Bird Faced Urn"},{"floor":42.0,"key":"Art of War"},{"floor":42.0,"key":"Blue Candle"},{"floor":43.0,"key":"Unceasing Top"},{"floor":46.0,"key":"Turnip"},{"floor":46.0,"key":"Gremlin Horn"}],"event_choices":[{"damage_healed":0.0,"max_hp_gain":0.0,"max_hp_loss":0.0,"gold_gain":75.0,"event_name":"World of Goop","player_choice":"Gather Gold","floor":2.0,"gold_loss":0.0,"damage_taken":11.0},{"cards_removed":["Leap"],"damage_healed":0.0,"max_hp_gain":0.0,"max_hp_loss":0.0,"gold_gain":0.0,"event_name":"Living Wall","player_choice":"Forget","floor":4.0,"gold_loss":0.0,"damage_taken":0.0},{"damage_healed":0.0,"max_hp_gain":0.0,"max_hp_loss":0.0,"gold_gain":0.0,"event_name":"Scrap Ooze","player_choice":"Success","floor":5.0,"gold_loss":0.0,"damage_taken":12.0,"relics_obtained":["Mummified Hand"]},{"damage_healed":0.0,"max_hp_gain":0.0,"max_hp_loss":0.0,"gold_gain":175.0,"event_name":"Liars Game","player_choice":"AGREE","floor":10.0,"gold_loss":0.0,"damage_taken":0.0,"cards_obtained":["Doubt"]},{"damage_healed":0.0,"max_hp_gain":0.0,"max_hp_loss":0.0,"gold_gain":0.0,"event_name":"Upgrade Shrine","player_choice":"Upgraded","floor":14.0,"gold_loss":0.0,"damage_taken":0.0,"cards_upgraded":["Coolheaded"]},{"damage_healed":0.0,"max_hp_gain":0.0,"max_hp_loss":0.0,"gold_gain":0.0,"event_name":"Beggar","player_choice":"Ignored","floor":21.0,"gold_loss":0.0,"damage_taken":0.0},{"damage_healed":0.0,"max_hp_gain":0.0,"max_hp_loss":0.0,"gold_gain":0.0,"event_name":"Drug Dealer","player_choice":"Inject Mutagens","floor":25.0,"gold_loss":0.0,"damage_taken":0.0,"relics_obtained":["MutagenicStrength"]},{"damage_healed":0.0,"max_hp_gain":0.0,"max_hp_loss":0.0,"gold_gain":0.0,"event_name":"Cursed Tome","player_choice":"Obtained Book","floor":28.0,"gold_loss":0.0,"damage_taken":16.0},{"damage_healed":0.0,"max_hp_gain":0.0,"max_hp_loss":0.0,"gold_gain":0.0,"event_name":"Ghosts","player_choice":"Ignored","floor":31.0,"gold_loss":0.0,"damage_taken":0.0},{"damage_healed":0.0,"max_hp_gain":0.0,"max_hp_loss":0.0,"gold_gain":0.0,"event_name":"FaceTrader","player_choice":"Trade","floor":36.0,"gold_loss":0.0,"damage_taken":0.0,"relics_obtained":["CultistMask"]},{"damage_healed":0.0,"max_hp_gain":0.0,"max_hp_loss":0.0,"gold_gain":0.0,"event_name":"SensoryStone","player_choice":"Memory 3","floor":38.0,"gold_loss":0.0,"damage_taken":10.0},{"cards_removed":["Creative AI"],"damage_healed":10.0,"max_hp_gain":10.0,"max_hp_loss":0.0,"gold_gain":0.0,"event_name":"Bonfire Elementals","player_choice":"Offered Rare","floor":39.0,"gold_loss":0.0,"damage_taken":0.0},{"damage_healed":0.0,"max_hp_gain":0.0,"max_hp_loss":0.0,"gold_gain":0.0,"event_name":"Winding Halls","player_choice":"Embrace Madness","floor":48.0,"gold_loss":0.0,"damage_taken":11.0,"cards_obtained":["Madness","Madness"]}],"is_beta":true,"boss_relics":[{"not_picked":["Snecko Eye","Runic Dome"],"picked":"Empty Cage"},{"not_picked":["Runic Pyramid","Velvet Choker"],"picked":"Black Star"},{"not_picked":["Calling Bell","White Beast Statue"],"picked":"Tiny House"}],"items_purged_floors":[],"is_endless":true,"potions_floor_spawned":[16,33,37,42,45,50,52],"killed_by":"2 Louse","ascension_level":0}