{"gold_per_floor":[111,127,144,160,175,205,205,205,205,233,233,233,198,209,209,209],"floor_reached":16,"playtime":969,"items_purged":[],"score":123,"play_id":"14919e4d-717c-4cf9-8a6f-116aa6f78898","local_time":"20190609124144","is_ascension_mode":true,"campfire_choices":[{"floor":8,"key":"REST"},{"floor":15,"key":"RECALL"}],"neow_cost":"NONE","seed_source_timestamp":241696877745240,"circlet_count":0,"master_deck":["Defend_G","Defend_G","Defend_G","Defend_G","Defend_G","Strike_G","Strike_G","Strike_G","Strike_G","Strike_G","Survivor","Neutralize","Terror","PiercingWail","PiercingWail","Flying Knee","Slice","Distraction+1","Dodge and Roll","PiercingWail"],"relics":["Ring of the Snake","Mummified Hand","Blood Vial"],"potions_floor_usage":[5,14],"damage_taken":[{"damage":1,"enemies":"Jaw Worm","floor":1,"turns":4},{"damage":0,"enemies":"Small Slimes","floor":2,"turns":2},{"damage":0,"enemies":"2 Louse","floor":3,"turns":4},{"damage":6,"enemies":"Blue Slaver","floor":4,"turns":5},{"damage":12,"enemies":"Exordium Wildlife","floor":5,"turns":8},{"damage":73,"enemies":"Gremlin Nob","floor":6,"turns":6},{"damage":22,"enemies":"Lagavulin","floor":10,"turns":12},{"damage":0,"enemies":"3 Louse","floor":14,"turns":5},{"damage":62,"enemies":"The Guardian","floor":16,"turns":18}],"seed_played":"485120383970187869","potions_obtained":[{"floor":1,"key":"FairyPotion"},{"floor":3,"key":"Block Potion"},{"floor":10,"key":"Block Potion"}],"is_trial":false,"path_per_floor":["M","M","M","M","M","E","?","R","T","E","?","?","?","M","R","B"],"character_chosen":"THE_SILENT","items_purchased":[],"campfire_rested":1,"item_purchase_floors":[],"current_hp_per_floor":[76,76,76,70,58,7,7,30,30,8,33,33,52,54,54,0],"gold":209,"neow_bonus":"TEN_PERCENT_HP_BONUS","is_prod":false,"is_daily":false,"chose_seed":false,"campfire_upgraded":0,"win_rate":0,"timestamp":1560098504,"path_taken":["M","M","M","M","M","E","?","R","T","E","?","?","?","M","R","BOSS"],"build_version":"2019-01-23","purchased_purges":0,"victory":false,"max_hp_per_floor":[77,77,77,77,77,77,77,77,77,77,77,77,77,77,77,77],"card_choices":[{"not_picked":["Caltrops","Heel Hook"],"picked":"Terror","floor":1},{"not_picked":["Flying Knee","Escape Plan"],"picked":"PiercingWail","floor":2},{"not_picked":["Underhanded Strike","Catalyst"],"picked":"PiercingWail","floor":3},{"not_picked":["Dagger Throw","Dodge and Roll"],"picked":"Flying Knee","floor":4},{"not_picked":["Riddle With Holes","Bane"],"picked":"Slice","floor":5},{"not_picked":["Sucker Punch","Acrobatics"],"picked":"Distraction","floor":6},{"not_picked":["Riddle With Holes","Tools of the Trade"],"picked":"Dodge and Roll","floor":10},{"not_picked":["Deflect","Flying Knee"],"picked":"PiercingWail","floor":14}],"player_experience":443895,"relics_obtained":[{"floor":6,"key":"Mummified Hand"},{"floor":10,"key":"Blood Vial"}],"event_choices":[{"damage_healed":0,"gold_gain":0,"player_choice":"Grow","damage_taken":0,"max_hp_gain":0,"max_hp_loss":0,"event_name":"Living Wall","floor":7,"gold_loss":0,"cards_upgraded":["Distraction"]},{"damage_healed":25,"gold_gain":0,"player_choice":"Banana","damage_taken":0,"max_hp_gain":0,"max_hp_loss":0,"event_name":"Big Fish","floor":11,"gold_loss":0},{"damage_healed":0,"gold_gain":0,"player_choice":"Ignored","damage_taken":0,"max_hp_gain":0,"max_hp_loss":0,"event_name":"Shining Light","floor":12,"gold_loss":0},{"damage_healed":19,"gold_gain":0,"player_choice":"Healed","damage_taken":0,"max_hp_gain":0,"max_hp_loss":0,"event_name":"The Cleric","floor":13,"gold_loss":35}],"is_beta":false,"boss_relics":[],"items_purged_floors":[],"is_endless":false,"potions_floor_spawned":[1,3,10],"killed_by":"The Guardian","ascension_level":2}