{"path_per_floor":["M","?","M","?","M","M","R","M","T","?","R","$","M","M","R","B",null,"M","?","?","?","$","R","?","R","T","M","R","M","R","T","R","B",null,"M","?","M","?","$","M","?","R","T","M","?","R","?","M","R","B"],"character_chosen":"THE_SILENT","items_purchased":["Paper Crane","Kunai","Infinite Blades","Omamori","Tough Bandages","Lee\u0027s Waffle"],"gold_per_floor":[214,389,408,658,678,697,697,717,717,747,747,177,194,207,207,308,308,328,328,528,528,343,343,343,343,343,353,353,363,363,388,388,487,487,500,500,519,519,50,64,64,64,64,76,76,76,76,86,86,86],"floor_reached":51,"campfire_rested":1,"playtime":4552,"current_hp_per_floor":[70,70,70,70,70,61,61,45,45,45,45,45,45,45,45,39,70,62,62,62,62,62,62,70,70,70,54,54,46,46,53,53,6,77,77,67,63,63,84,67,67,67,67,35,35,35,35,31,71,6],"items_purged":["Regret"],"gold":86,"score":635,"play_id":"dee10fe2-60ee-4a62-88a5-53668f0fab0f","local_time":"20180504215150","is_prod":false,"is_daily":false,"chose_seed":false,"is_ascension_mode":false,"campfire_upgraded":10,"timestamp":1525485110,"path_taken":["M","?","M","?","M","M","R","M","T","?","R","$","M","M","R","BOSS","M","?","?","?","?","R","?","R","T","M","R","M","R","?","R","BOSS","M","?","M","?","$","M","?","R","T","M","?","R","?","?","R","BOSS"],"build_version":"2018-05-03","seed_source_timestamp":87911147016540,"purchased_purges":3,"victory":true,"master_deck":["Defend_G","Defend_G","Defend_G","Defend_G","Defend_G","Strike_G","Strike_G","Strike_G","Strike_G","Survivor","Neutralize+1","Dash+1","Backflip","Deadly Poison+1","Crippling Poison+1","Footwork+1","Bouncing Flask+1","A Thousand Cuts+1","Distraction+1","Infinite Blades+1","Sucker Punch+1","Dodge and Roll+1","Wraith Form v2+1","Madness+1","Madness","Jack Of All Trades","Envenom","Calculated Gamble","Deadly Poison","Neutralize","Catalyst"],"max_hp_per_floor":[70,70,70,70,70,70,70,70,70,70,70,70,70,70,70,70,70,70,70,70,70,70,70,70,70,70,70,70,70,70,77,77,77,77,77,77,77,77,84,84,84,84,84,84,84,84,84,84,84,84],"relics":["Ring of the Snake","Lantern","Bag of Marbles","Paper Crane","Kunai","Runic Pyramid","Omamori","Matryoshka","Regal Pillow","Strawberry","Lizard Tail","Tough Bandages","Lee\u0027s Waffle","The Courier","Mercury Hourglass"],"card_choices":[{"not_picked":["Well Laid Plans","Outmaneuver"],"picked":"Dash","floor":1},{"not_picked":["Acrobatics","Poisoned Stab"],"picked":"Backflip","floor":3},{"not_picked":["Backflip","Predator"],"picked":"Deadly Poison","floor":5},{"not_picked":["Dagger Throw","Eviscerate"],"picked":"Expertise","floor":6},{"not_picked":["Dagger Spray","Poisoned Stab"],"picked":"Crippling Poison","floor":8},{"not_picked":["Deflect","Distraction"],"picked":"Footwork","floor":13},{"not_picked":["Flechettes","Heel Hook"],"picked":"Bouncing Flask","floor":14},{"not_picked":["Envenom","Unload"],"picked":"A Thousand Cuts","floor":16},{"not_picked":["Prepared","PiercingWail"],"picked":"Distraction","floor":18},{"not_picked":["Cloak And Dagger","Well Laid Plans"],"picked":"Sucker Punch","floor":27},{"not_picked":["Expertise","Calculated Gamble"],"picked":"Dodge and Roll","floor":29},{"not_picked":["Doppelganger","Bullet Time"],"picked":"Wraith Form v2","floor":33},{"not_picked":["Panacea","Mind Blast"],"picked":"Jack Of All Trades","floor":41},{"not_picked":["Backflip","PiercingWail"],"picked":"Envenom","floor":44},{"not_picked":["Deflect","Acrobatics"],"picked":"Catalyst","floor":48}],"player_experience":151907,"potions_floor_usage":[8,16,16,33,50,50,50],"damage_taken":[{"damage":0,"enemies":"2 Louse","floor":1,"turns":3},{"damage":0,"enemies":"Cultist","floor":3,"turns":5},{"damage":0,"enemies":"Small Slimes","floor":5,"turns":5},{"damage":9,"enemies":"2 Fungi Beasts","floor":6,"turns":6},{"damage":16,"enemies":"Exordium Thugs","floor":8,"turns":6},{"damage":0,"enemies":"Exordium Wildlife","floor":13,"turns":4},{"damage":0,"enemies":"Looter","floor":14,"turns":3},{"damage":6,"enemies":"The Guardian","floor":16,"turns":8},{"damage":8,"enemies":"3 Byrds","floor":18,"turns":4},{"damage":16,"enemies":"Spheric Guardian","floor":27,"turns":6},{"damage":8,"enemies":"Centurion and Healer","floor":29,"turns":8},{"damage":47,"enemies":"Champ","floor":33,"turns":12},{"damage":0,"enemies":"3 Shapes","floor":35,"turns":5},{"damage":4,"enemies":"Orb Walker","floor":37,"turns":3},{"damage":17,"enemies":"4 Shapes","floor":40,"turns":5},{"damage":32,"enemies":"3 Darklings","floor":44,"turns":8},{"damage":4,"enemies":"Maw","floor":48,"turns":7},{"damage":65,"enemies":"Donu and Deca","floor":50,"turns":13}],"event_choices":[{"event_name":"Liars Game","player_choice":"agreed","floor":2,"damage_taken":0},{"event_name":"Golden Shrine","player_choice":"Desecrate","floor":4,"damage_taken":0},{"event_name":"Dead Adventurer","player_choice":"Searched \u00273\u0027 times","floor":10,"damage_taken":0},{"event_name":"Back to Basics","player_choice":"Elegance","floor":19,"damage_taken":0},{"event_name":"The Joust","player_choice":"Bet on Owner","floor":20,"damage_taken":0},{"event_name":"Drug Dealer","player_choice":"Ignored","floor":21,"damage_taken":0},{"event_name":"Bonfire Elementals","player_choice":"UNCOMMON","floor":24,"damage_taken":0},{"event_name":"Winding Halls","player_choice":"Embrace Madness","floor":36,"damage_taken":0},{"event_name":"SensoryStone","player_choice":"Memory 1","floor":41,"damage_taken":0},{"event_name":"Match and Keep!","player_choice":"3 cards matched","floor":45,"damage_taken":0},{"event_name":"The Moai Head","player_choice":"Ignored","floor":47,"damage_taken":0}],"boss_relics":[{"not_picked":["Philosopher\u0027s Stone","Cursed Key"],"picked":"Runic Pyramid"},{"not_picked":["Black Star","Eternal Feather"],"picked":"Lizard Tail"}],"potions_floor_spawned":[1,3,6,18,35,37,44],"seed_played":"-3147708687198510302","ascension_level":0,"is_trial":false}