{"path_per_floor":["M","?","?","M","M","R","?","M","T","R","M","R","?","E","R","B",null,"M","$","?","T","$","R","?","R","T","M","M","?","R","M","R"],"character_chosen":"DEFECT","items_purchased":["Symbiotic Virus"],"gold_per_floor":[363,363,363,378,392,392,372,385,385,385,397,397,397,425,425,523,523,448,135,135,135,35,35,0,0,0,10,24,24,24,44,44,44],"floor_reached":33,"campfire_rested":3,"playtime":2123,"current_hp_per_floor":[72,65,65,62,57,57,57,49,49,71,55,55,73,38,60,34,75,49,49,37,37,37,37,37,37,37,33,32,28,28,28,40,0],"items_purged":["Pain","Regret"],"gold":44,"score":290,"play_id":"f9eb7173-a2a8-432b-b5b7-b9faa6561d48","local_time":"20180511174211","is_prod":false,"is_daily":false,"chose_seed":false,"is_ascension_mode":true,"campfire_upgraded":3,"timestamp":1526074931,"path_taken":["M","?","?","M","?","R","?","?","T","R","M","R","?","E","R","BOSS","M","$","?","?","$","R","?","R","T","?","?","?","R","?","R","BOSS"],"build_version":"2018-05-10","seed_source_timestamp":81591022401779,"purchased_purges":2,"victory":false,"master_deck":["Strike_B","Strike_B","Strike_B","Defend_B","Defend_B","Defend_B","Defend_B","Zap+1","Dualcast","Clumsy","Heatsinks","Stack+1","Sweeping Beam","Stack+1","Chaos+1","Parasite","Defragment","Meteor Strike","Reprogram+1","Ghostly+1","Ghostly","Ghostly","Ghostly","Ghostly","Capacitor+1","Coolheaded","Stack+1"],"max_hp_per_floor":[75,75,75,75,75,75,75,75,75,75,75,75,75,75,75,75,75,75,75,37,37,37,37,37,37,37,37,37,42,42,42,42,42],"relics":["Cracked Core","Meat on the Bone","Cables","War Paint","Calling Bell","DataDisk","Dodecahedron","Peace Pipe","Symbiotic Virus","Matryoshka","Oddly Smooth Stone","Centennial Puzzle"],"card_choices":[{"not_picked":["Stack","Reinforced Body"],"picked":"Heatsinks","floor":1},{"not_picked":["Turbo","Aggregate"],"picked":"Stack","floor":4},{"not_picked":["Skim","Capacitor"],"picked":"Sweeping Beam","floor":5},{"not_picked":["BootSequence","Barrage"],"picked":"Stack","floor":8},{"not_picked":["Glacier","Lockon"],"picked":"Chaos","floor":11},{"not_picked":["Coolheaded","Consume"],"picked":"Defragment","floor":14},{"not_picked":["Hyperbeam","Biased Cognition"],"picked":"Meteor Strike","floor":16},{"not_picked":["Cold Snap","Ball Lightning"],"picked":"Reprogram","floor":18},{"not_picked":["Impulse","Go for the Eyes"],"picked":"Capacitor","floor":27},{"not_picked":["Steam Power","Go for the Eyes"],"picked":"Coolheaded","floor":28},{"not_picked":["Hologram","Capacitor"],"picked":"Stack","floor":31}],"player_experience":70128,"potions_floor_usage":[11,16,16,16,31],"damage_taken":[{"damage":3,"enemies":"2 Louse","floor":1,"turns":2},{"damage":3,"enemies":"Cultist","floor":4,"turns":4},{"damage":5,"enemies":"Jaw Worm","floor":5,"turns":4},{"damage":8,"enemies":"Looter","floor":8,"turns":3},{"damage":16,"enemies":"Gremlin Gang","floor":11,"turns":4},{"damage":35,"enemies":"3 Sentries","floor":14,"turns":9},{"damage":38,"enemies":"Hexaghost","floor":16,"turns":9},{"damage":38,"enemies":"2 Thieves","floor":18,"turns":5},{"damage":4,"enemies":"Shell Parasite","floor":27,"turns":5},{"damage":1,"enemies":"Snecko","floor":28,"turns":5},{"damage":0,"enemies":"3 Cultists","floor":31,"turns":5},{"damage":58,"enemies":"Champ","floor":33,"turns":12}],"event_choices":[{"event_name":"Golden Wing","player_choice":"Card Removal","floor":2,"damage_taken":0},{"event_name":"Big Fish","player_choice":"Box","floor":3,"damage_taken":0},{"event_name":"The Woman in Blue","player_choice":"Bought 1 Potion","floor":7,"damage_taken":0},{"event_name":"Mushrooms","player_choice":"Healed and dodged fight","floor":13,"damage_taken":0},{"event_name":"Ghosts","player_choice":"Became a Ghost","floor":20,"damage_taken":0},{"event_name":"Masked Bandits","player_choice":"Paid Bandits 35 gold","floor":24,"damage_taken":0},{"event_name":"Forgotten Altar","player_choice":"Shed Blood","floor":29,"damage_taken":0}],"boss_relics":[{"not_picked":["Ectoplasm","Tiny House"],"picked":"Calling Bell"}],"potions_floor_spawned":[1,5,14,27],"seed_played":"-6455460658058141921","killed_by":"Champ","ascension_level":2,"is_trial":false}