{"gold_per_floor":[114,84,94,114,42,42,56,56,79,79,92,106,106,140,152,238,300,325,537,549,661,657,669,681,708,720,732,744,771,69,69,69,69],"floor_reached":33,"playtime":1788,"items_purged":["Strike_G"],"score":404,"play_id":"8ac07007-0649-49bf-8e4a-48526dd94840","local_time":"20190114052502","is_ascension_mode":true,"campfire_choices":[{"data":"Noxious Fumes","floor":6.0,"key":"SMITH"},{"data":"Well Laid Plans","floor":8.0,"key":"SMITH"},{"data":"Neutralize","floor":10.0,"key":"SMITH"},{"floor":15.0,"key":"REST"},{"floor":23,"key":"REST"},{"floor":27,"key":"REST"},{"floor":32,"key":"REST"}],"neow_cost":"NONE","seed_source_timestamp":0,"circlet_count":0,"master_deck":["AscendersBane","Defend_G","Defend_G","Defend_G+1","Defend_G","Defend_G","Strike_G","Strike_G","Strike_G","Survivor","Neutralize+1","Madness","Well Laid Plans+1","Deadly Poison","Backflip","Noxious Fumes+1","Dodge and Roll","Acrobatics","Backflip","PiercingWail","Adrenaline","Infinite Blades","Deflect","Dash","Necronomicurse","Leg Sweep","Bullet Time","Noxious Fumes+1","Caltrops"],"special_seed":0,"relics":["Ring of the Snake","Juzu Bracelet","MawBank","Tiny House","Necronomicon","Mercury Hourglass","MutagenicStrength","DollysMirror","Boot","Ninja Scroll","SsserpentHead"],"potions_floor_usage":[22,29,33],"damage_taken":[{"damage":7.0,"enemies":"Jaw Worm","floor":1.0,"turns":8.0},{"damage":2.0,"enemies":"Cultist","floor":3.0,"turns":4.0},{"damage":0.0,"enemies":"2 Louse","floor":4.0,"turns":4.0},{"damage":0.0,"enemies":"Red Slaver","floor":7.0,"turns":5.0},{"damage":4.0,"enemies":"Looter","floor":11.0,"turns":4.0},{"damage":9.0,"enemies":"3 Louse","floor":12.0,"turns":4.0},{"damage":9.0,"enemies":"3 Sentries","floor":14.0,"turns":9.0},{"damage":28,"enemies":"Slime Boss","floor":16,"turns":13},{"damage":27,"enemies":"Spheric Guardian","floor":18,"turns":6},{"damage":11,"enemies":"2 Thieves","floor":22,"turns":4},{"damage":10,"enemies":"Snake Plant","floor":25,"turns":7},{"damage":26,"enemies":"Shelled Parasite and Fungi","floor":29,"turns":6},{"damage":72,"enemies":"Champ","floor":33,"turns":11}],"seed_played":"8209671167873966251","potions_obtained":[{"floor":2.0,"key":"Dexterity Potion"},{"floor":2.0,"key":"FairyPotion"},{"floor":14.0,"key":"SteroidPotion"},{"floor":22,"key":"EntropicBrew"}],"is_trial":false,"path_per_floor":["M","?","M","M","$","R","M","R","T","R","M","M","?","E","R","B",null,"M","?","?","?","M","R","?","M","T","R","?","M","$","?","R","B"],"character_chosen":"THE_SILENT","items_purchased":["Noxious Fumes","DollysMirror","Caltrops","Boot","Ninja Scroll"],"campfire_rested":4,"item_purchase_floors":[5,30,30,30,30],"current_hp_per_floor":[56,56,54,54,54,54,54,54,54,54,50,41,41,32,53,25,64,37,37,37,37,26,48,32,22,22,44,44,18,18,18,40,0],"gold":69,"neow_bonus":"RANDOM_COLORLESS","is_prod":false,"is_daily":false,"chose_seed":false,"campfire_upgraded":3,"win_rate":0,"timestamp":1547461502,"path_taken":["M","?","M","?","?","R","?","R","T","R","M","M","?","E","R","BOSS","M","?","?","?","M","R","?","M","T","R","?","M","?","?","R","BOSS"],"build_version":"2019-01-10","purchased_purges":1,"victory":false,"max_hp_per_floor":[70,70,70,70,70,70,70,70,70,70,70,70,70,70,70,70,75,75,75,75,75,75,75,75,75,75,75,75,75,75,75,75,75],"card_choices":[{"not_picked":["Prepared","Quick Slash"],"picked":"Well Laid Plans","floor":1.0},{"not_picked":["Bane","Flying Knee"],"picked":"Deadly Poison","floor":3.0},{"not_picked":["Bane","Slice"],"picked":"Backflip","floor":4.0},{"not_picked":["Poisoned Stab","Prepared"],"picked":"Dodge and Roll","floor":7.0},{"not_picked":["Slice","Flying Knee"],"picked":"Acrobatics","floor":11.0},{"not_picked":["Blade Dance","Prepared"],"picked":"Backflip","floor":12.0},{"not_picked":["Outmaneuver","Dodge and Roll"],"picked":"PiercingWail","floor":14.0},{"not_picked":["Venomology","Bullet Time"],"picked":"Adrenaline","floor":16},{"not_picked":["Flechettes","Expertise"],"picked":"Infinite Blades","floor":17},{"not_picked":["Backstab","Sucker Punch"],"picked":"Deflect","floor":18},{"not_picked":["Deflect","Deadly Poison"],"picked":"Dash","floor":22},{"not_picked":["Backstab","Dagger Throw"],"picked":"Leg Sweep","floor":25},{"not_picked":["Bane+1","Dagger Spray"],"picked":"Bullet Time","floor":29}],"player_experience":808783,"relics_obtained":[{"floor":9.0,"key":"Juzu Bracelet"},{"floor":14.0,"key":"MawBank"},{"floor":24,"key":"Necronomicon"},{"floor":26,"key":"Mercury Hourglass"}],"event_choices":[{"damage_healed":0.0,"max_hp_gain":0.0,"max_hp_loss":0.0,"gold_gain":0.0,"event_name":"The Woman in Blue","player_choice":"Bought 2 Potions","floor":2.0,"gold_loss":0.0,"damage_taken":0.0},{"cards_removed":["Strike_G"],"damage_healed":0.0,"max_hp_gain":0.0,"max_hp_loss":0.0,"gold_gain":0.0,"event_name":"Living Wall","player_choice":"Forget","floor":13.0,"gold_loss":0.0,"damage_taken":0.0},{"damage_healed":0,"gold_gain":200,"player_choice":"Gold","damage_taken":0,"max_hp_gain":0,"max_hp_loss":0,"event_name":"Wheel of Change","floor":19,"gold_loss":0},{"damage_healed":0,"gold_gain":0,"player_choice":"Ignored","damage_taken":0,"max_hp_gain":0,"max_hp_loss":0,"event_name":"Vampires","floor":20,"gold_loss":0},{"damage_healed":0,"gold_gain":100,"player_choice":"Pray","damage_taken":0,"max_hp_gain":0,"max_hp_loss":0,"event_name":"Golden Shrine","floor":21,"gold_loss":0},{"damage_healed":0,"gold_gain":0,"player_choice":"Obtained Book","damage_taken":16,"max_hp_gain":0,"max_hp_loss":0,"event_name":"Cursed Tome","floor":24,"gold_loss":0},{"damage_healed":0,"gold_gain":0,"player_choice":"Inject Mutagens","damage_taken":0,"relics_obtained":["MutagenicStrength"],"max_hp_gain":0,"max_hp_loss":0,"event_name":"Drug Dealer","floor":28,"gold_loss":0},{"damage_healed":0,"gold_gain":0,"player_choice":"Trade","damage_taken":0,"relics_obtained":["SsserpentHead"],"max_hp_gain":0,"max_hp_loss":0,"event_name":"FaceTrader","floor":31,"gold_loss":0}],"is_beta":true,"boss_relics":[{"not_picked":["Fusion Hammer","Philosopher\u0027s Stone"],"picked":"Tiny House"}],"items_purged_floors":[30],"is_endless":false,"potions_floor_spawned":[3,4,14,22],"killed_by":"Champ","ascension_level":13}