{"gold_per_floor":[113,127,141,151,9,19,29,29,110,175,23,34,52,65,65,169,169,155,155,1,1,19,19,38,38,91,91,110,142,159,172,172,172],"floor_reached":33,"playtime":4312,"items_purged":[],"score":290,"play_id":"835ad228-9385-40b2-af67-11cbeafe1985","local_time":"20180630101957","is_ascension_mode":false,"campfire_choices":[{"data":"Barricade","floor":8.0,"key":"SMITH"},{"data":"Bludgeon","floor":15.0,"key":"SMITH"},{"floor":23.0,"key":"REST"},{"floor":25.0,"key":"REST"},{"floor":27.0,"key":"REST"},{"floor":32,"key":"REST"}],"neow_cost":"","seed_source_timestamp":0,"circlet_count":0,"master_deck":["Strike_R","Strike_R","Strike_R","Strike_R","Strike_R","Defend_R","Defend_R","Defend_R","Defend_R","Bash","Bludgeon+1","Blood for Blood","Clash","Flex","Inflame","Blind","Shrug It Off","Twin Strike","Barricade+1","Clothesline","Warcry","Intimidate","Impervious","Evolve","Thunderclap+1","Armaments+1","Fiend Fire","Disarm","Ghostly Armor","Shrug It Off"],"special_seed":0,"relics":["Burning Blood","Pear","Bag of Preparation","Runic Cube","Pen Nib","Enchiridion","Blood Vial","Meat on the Bone"],"potions_floor_usage":[33,33],"damage_taken":[{"damage":0.0,"enemies":"Small Slimes","floor":1.0,"turns":3.0},{"damage":1.0,"enemies":"Jaw Worm","floor":2.0,"turns":3.0},{"damage":0.0,"enemies":"Cultist","floor":3.0,"turns":2.0},{"damage":11.0,"enemies":"Lots of Slimes","floor":4.0,"turns":4.0},{"damage":10.0,"enemies":"3 Louse","floor":6.0,"turns":3.0},{"damage":0.0,"enemies":"Large Slime","floor":7.0,"turns":4.0},{"damage":9.0,"enemies":"2 Fungi Beasts","floor":12.0,"turns":3.0},{"damage":21.0,"enemies":"Exordium Thugs","floor":13.0,"turns":4.0},{"damage":14.0,"enemies":"Exordium Wildlife","floor":14.0,"turns":4.0},{"damage":29.0,"enemies":"Hexaghost","floor":16.0,"turns":9.0},{"damage":19.0,"enemies":"2 Thieves","floor":18.0,"turns":4.0},{"damage":22.0,"enemies":"3 Byrds","floor":22.0,"turns":6.0},{"damage":38.0,"enemies":"Sentry and Sphere","floor":24.0,"turns":4.0},{"damage":0.0,"enemies":"Centurion and Healer","floor":28.0,"turns":7.0},{"damage":64.0,"enemies":"Gremlin Leader","floor":29.0,"turns":6.0},{"damage":9,"enemies":"Snecko","floor":30,"turns":7},{"damage":21,"enemies":"Snake Plant","floor":31,"turns":7},{"damage":78,"enemies":"Automaton","floor":33,"turns":8}],"seed_played":"1598464353400509527","potions_obtained":[{"floor":1.0,"key":"SneckoOil"},{"floor":2.0,"key":"SpeedPotion"},{"floor":4.0,"key":"Explosive Potion"},{"floor":24.0,"key":"FearPotion"},{"floor":28.0,"key":"Explosive Potion"},{"floor":29.0,"key":"SkillPotion"}],"is_trial":false,"path_per_floor":["M","M","M","M","$","M","M","R","T","?","$","M","M","M","R","B",null,"M","?","$","?","M","R","M","R","T","R","M","E","M","M","R"],"character_chosen":"IRONCLAD","items_purchased":["Blind","Shrug It Off","Bag of Preparation","Pen Nib"],"campfire_rested":4,"item_purchase_floors":[],"current_hp_per_floor":[80,80,80,75,75,71,77,77,87,87,87,84,69,61,61,38,90,77,59,59,43,27,55,23,51,51,79,87,31,42,41,69,0],"gold":172,"neow_bonus":"","is_prod":false,"is_daily":false,"chose_seed":false,"campfire_upgraded":2,"win_rate":0.0,"timestamp":1530368397,"path_taken":["M","M","M","M","$","M","M","R","T","?","$","?","M","?","R","BOSS","M","?","$","?","M","R","M","R","T","R","M","E","M","?","R","BOSS"],"build_version":"2018-06-28","purchased_purges":0,"victory":false,"max_hp_per_floor":[80,80,80,80,80,80,80,80,90,90,90,90,90,90,90,90,90,90,95,95,95,95,95,95,95,95,95,95,95,95,95,95,95],"card_choices":[{"not_picked":["Dropkick","Combust"],"picked":"Blood for Blood","floor":1.0},{"not_picked":["Cleave","Sentinel"],"picked":"Clash","floor":2.0},{"not_picked":["Rampage","Warcry"],"picked":"Flex","floor":3.0},{"not_picked":["Armaments","Dropkick"],"picked":"Inflame","floor":4.0},{"not_picked":["Shrug It Off","Havoc"],"picked":"Twin Strike","floor":6.0},{"not_picked":["Flame Barrier","True Grit"],"picked":"Barricade","floor":7.0},{"not_picked":["Havoc","Power Through"],"picked":"Clothesline","floor":12.0},{"not_picked":["Fire Breathing","Clothesline"],"picked":"Warcry","floor":13.0},{"not_picked":["Warcry","Combust"],"picked":"Intimidate","floor":14.0},{"not_picked":["Barricade","Brutality"],"picked":"Impervious","floor":16.0},{"not_picked":["Wild Strike","Body Slam+1"],"picked":"Evolve","floor":18.0},{"not_picked":["Clothesline","Shrug It Off"],"picked":"Thunderclap+1","floor":22.0},{"not_picked":["Havoc","Body Slam+1"],"picked":"Armaments+1","floor":24.0},{"not_picked":["Clash","Iron Wave"],"picked":"Fiend Fire","floor":28.0},{"not_picked":["Sword Boomerang","Thunderclap+1"],"picked":"Disarm","floor":29.0},{"not_picked":["Second Wind","Corruption"],"picked":"Ghostly Armor","floor":30},{"not_picked":["True Grit","Searing Blow"],"picked":"Shrug It Off","floor":31}],"player_experience":74904,"relics_obtained":[{"floor":9.0,"key":"Pear"},{"floor":21.0,"key":"Enchiridion"},{"floor":26.0,"key":"Blood Vial"},{"floor":29.0,"key":"Meat on the Bone"}],"event_choices":[{"event_name":"Golden Wing","player_choice":"Gained Gold","floor":10.0,"damage_taken":0.0},{"event_name":"Forgotten Altar","player_choice":"Shed Blood","floor":19.0,"damage_taken":0.0},{"event_name":"Cursed Tome","player_choice":"Obtained Book","floor":21.0,"damage_taken":0.0}],"boss_relics":[{"not_picked":["Black Blood","Astrolabe"],"picked":"Runic Cube"}],"items_purged_floors":[],"is_endless":false,"potions_floor_spawned":[1,2,4,12,13,24,28,29],"killed_by":"Automaton","ascension_level":0}