{"gold_per_floor":[109,23,35,53,53,53,80,60,60,71,71,36,36,48,48,127,127,141,16,16,16,27,27],"floor_reached":23,"playtime":697,"items_purged":["Strike_G"],"score":369,"play_id":"8fae0bc1-5ae4-4d05-b2de-1f51f84609bd","local_time":"20190218150841","is_ascension_mode":true,"campfire_choices":[{"data":"Noxious Fumes","floor":6.0,"key":"SMITH"},{"data":"Leg Sweep","floor":11.0,"key":"SMITH"},{"data":"Noxious Fumes","floor":15,"key":"SMITH"}],"neow_cost":"NONE","seed_source_timestamp":411995348515940,"circlet_count":0,"master_deck":["AscendersBane","Defend_G","Defend_G","Defend_G","Defend_G","Defend_G","Strike_G","Strike_G","Survivor","Neutralize","Infinite Blades","Noxious Fumes+1","Cloak And Dagger","Noxious Fumes+1","Concentrate","Leg Sweep+1","Grand Finale","Dash","Corpse Explosion","Blur","Escape Plan"],"special_seed":0,"relics":["Ring of the Snake","NeowsBlessing","The Courier","Pen Nib","WristBlade"],"potions_floor_usage":[14,18],"damage_taken":[{"damage":0.0,"enemies":"Cultist","floor":1.0,"turns":1.0},{"damage":0.0,"enemies":"2 Louse","floor":3.0,"turns":1.0},{"damage":0.0,"enemies":"Small Slimes","floor":4.0,"turns":1.0},{"damage":13.0,"enemies":"3 Sentries","floor":7.0,"turns":6.0},{"damage":14.0,"enemies":"Looter","floor":10.0,"turns":4.0},{"damage":2,"enemies":"3 Louse","floor":14,"turns":3},{"damage":27,"enemies":"Hexaghost","floor":16,"turns":11},{"damage":11,"enemies":"Chosen","floor":18,"turns":6},{"damage":18,"enemies":"Shell Parasite","floor":22,"turns":6},{"damage":35,"enemies":"Slavers","floor":23,"turns":2}],"seed_played":"2873552592278442907","potions_obtained":[{"floor":1.0,"key":"EntropicBrew"},{"floor":3.0,"key":"Energy Potion"},{"floor":7.0,"key":"Block Potion"},{"floor":10.0,"key":"Explosive Potion"}],"is_trial":false,"path_per_floor":["M","$","M","M","$","R","E","?","T","M","R","?","?","M","R","B",null,"M","$","?","?","M","E"],"character_chosen":"THE_SILENT","items_purchased":["Noxious Fumes","Escape Plan"],"campfire_rested":0,"item_purchase_floors":[2,19],"current_hp_per_floor":[59,59,59,59,59,59,46,46,46,44,44,60,60,58,58,31,57,46,46,46,46,28,0],"gold":27,"neow_bonus":"THREE_ENEMY_KILL","is_prod":false,"is_daily":false,"chose_seed":false,"campfire_upgraded":3,"win_rate":0,"timestamp":1550520521,"path_taken":["M","$","M","?","?","R","E","?","T","?","R","?","?","M","R","BOSS","M","$","?","?","?","E"],"build_version":"2019-02-06","purchased_purges":1,"victory":false,"max_hp_per_floor":[66,66,66,66,66,66,66,66,66,66,66,66,66,66,66,66,66,66,66,66,66,66,66],"card_choices":[{"not_picked":["Bane","Cloak And Dagger"],"picked":"Infinite Blades","floor":1.0},{"not_picked":["Backflip","Bane"],"picked":"Cloak And Dagger","floor":3.0},{"not_picked":["Slice","Leg Sweep"],"picked":"Noxious Fumes","floor":4.0},{"not_picked":["Slice","Blade Dance"],"picked":"Concentrate","floor":7.0},{"not_picked":["Tactician","Flechettes"],"picked":"Leg Sweep","floor":10.0},{"not_picked":["Dagger Spray","Outmaneuver"],"picked":"Dash","floor":14},{"not_picked":["Storm of Steel","Phantasmal Killer"],"picked":"Corpse Explosion","floor":16},{"not_picked":["Quick Slash","Accuracy"],"picked":"Blur","floor":18},{"not_picked":["Outmaneuver","Deadly Poison","Expertise"],"picked":"SKIP","floor":22}],"player_experience":990580,"relics_obtained":[{"floor":7.0,"key":"The Courier"},{"floor":9.0,"key":"Pen Nib"}],"event_choices":[{"damage_healed":0.0,"max_hp_gain":0.0,"max_hp_loss":0.0,"gold_gain":0.0,"event_name":"The Woman in Blue","player_choice":"Bought 1 Potion","floor":8.0,"gold_loss":0.0,"damage_taken":0.0},{"damage_healed":16.0,"max_hp_gain":0.0,"max_hp_loss":0.0,"gold_gain":0.0,"event_name":"The Cleric","player_choice":"Healed","floor":12.0,"gold_loss":35.0,"damage_taken":0.0},{"damage_healed":0.0,"max_hp_gain":0.0,"max_hp_loss":0.0,"gold_gain":0.0,"cards_transformed":["Strike_G"],"event_name":"Living Wall","player_choice":"Change","floor":13.0,"gold_loss":0.0,"damage_taken":0.0,"cards_obtained":["Grand Finale"]},{"damage_healed":0,"gold_gain":0,"player_choice":"Ignored","damage_taken":0,"max_hp_gain":0,"max_hp_loss":0,"event_name":"Beggar","floor":20,"gold_loss":0},{"cards_removed":["Strike_G"],"damage_healed":0,"gold_gain":0,"player_choice":"Purged","damage_taken":0,"max_hp_gain":0,"max_hp_loss":0,"event_name":"Purifier","floor":21,"gold_loss":0}],"is_beta":true,"boss_relics":[{"not_picked":["Tiny House","Fusion Hammer"],"picked":"WristBlade"}],"items_purged_floors":[19],"is_endless":false,"potions_floor_spawned":[1,3,7,10],"killed_by":"Slavers","ascension_level":19}