{"gold_per_floor":[116,116,136,136,153,153,153,153,206,218,228,378,392,442,442,520,520,537,556,637,690,690],"floor_reached":22,"playtime":747,"items_purged":[],"score":334,"play_id":"3aa3c8b9-4106-4016-ad3a-0c37acb82310","local_time":"20190212172716","is_ascension_mode":true,"campfire_choices":[{"data":"Static Discharge","floor":6,"key":"SMITH"},{"data":"Conserve Battery","floor":8,"key":"SMITH"},{"floor":15,"key":"REST"}],"neow_cost":"TEN_PERCENT_HP_LOSS","seed_source_timestamp":1222793294605375,"circlet_count":0,"master_deck":["AscendersBane","Strike_B","Strike_B+1","Strike_B","Defend_B","Defend_B","Defend_B","Defend_B","Zap","Dualcast","Conserve Battery+1","Darkness+1","Static Discharge+1","Leap","Parasite","Go for the Eyes","Chaos","Doubt","Undo","Multi-Cast","Cold Snap","Self Repair"],"relics":["Cracked Core","Ice Cream","Tiny Chest","Snecko Eye","Sundial","Pen Nib"],"potions_floor_usage":[16,22],"damage_taken":[{"damage":0,"enemies":"2 Louse","floor":1,"turns":1},{"damage":14,"enemies":"Jaw Worm","floor":3,"turns":4},{"damage":7,"enemies":"Small Slimes","floor":5,"turns":3},{"damage":1,"enemies":"2 Fungi Beasts","floor":10,"turns":4},{"damage":9,"enemies":"Red Slaver","floor":11,"turns":3},{"damage":17,"enemies":"Exordium Wildlife","floor":13,"turns":5},{"damage":2,"enemies":"Slime Boss","floor":16,"turns":8},{"damage":10,"enemies":"2 Thieves","floor":18,"turns":5},{"damage":6,"enemies":"3 Byrds","floor":19,"turns":4},{"damage":43,"enemies":"3 Cultists","floor":22,"turns":5}],"seed_played":"-6540539185570813895","potions_obtained":[{"floor":3,"key":"Swift Potion"},{"floor":5,"key":"EssenceOfSteel"},{"floor":10,"key":"Weak Potion"},{"floor":18,"key":"Dexterity Potion"}],"is_trial":false,"path_per_floor":["M","?","M","?","M","R","?","R","T","M","M","?","M","?","R","B",null,"M","M","T","T","M"],"character_chosen":"DEFECT","items_purchased":[],"campfire_rested":1,"item_purchase_floors":[],"current_hp_per_floor":[64,64,50,31,24,24,40,40,40,39,30,30,13,13,32,30,56,46,40,40,40,0],"gold":690,"neow_bonus":"ONE_RARE_RELIC","is_prod":false,"is_daily":false,"chose_seed":false,"campfire_upgraded":2,"win_rate":0,"timestamp":1550010436,"path_taken":["M","?","M","?","M","R","?","R","T","M","M","?","M","?","R","BOSS","M","M","?","?","M"],"build_version":"2019-02-06","purchased_purges":0,"victory":false,"max_hp_per_floor":[64,64,64,64,64,64,64,64,64,64,64,64,64,64,64,64,64,64,64,64,64,64],"card_choices":[{"not_picked":["Fusion","Consume"],"picked":"Conserve Battery","floor":1},{"not_picked":["Lockon","Sweeping Beam"],"picked":"Static Discharge","floor":3},{"not_picked":["Doom and Gloom","Hologram"],"picked":"Leap","floor":5},{"not_picked":["Hologram","Consume"],"picked":"Go for the Eyes","floor":10},{"not_picked":["Ball Lightning","Redo"],"picked":"Chaos","floor":11},{"not_picked":["Steam","Leap"],"picked":"Undo","floor":13},{"not_picked":["Meteor Strike","Biased Cognition"],"picked":"Multi-Cast","floor":16},{"not_picked":["Sweeping Beam","Leap"],"picked":"Cold Snap","floor":18},{"not_picked":["Steam","Leap"],"picked":"Self Repair","floor":19}],"player_experience":939513,"relics_obtained":[{"floor":9,"key":"Tiny Chest"},{"floor":20,"key":"Sundial"},{"floor":21,"key":"Pen Nib"}],"event_choices":[{"damage_healed":0,"gold_gain":0,"cards_transformed":["Strike_B"],"player_choice":"Change","damage_taken":0,"max_hp_gain":0,"max_hp_loss":0,"event_name":"Living Wall","floor":2,"gold_loss":0,"cards_obtained":["Darkness"]},{"damage_healed":0,"gold_gain":0,"player_choice":"Entered Light","damage_taken":19,"max_hp_gain":0,"max_hp_loss":0,"event_name":"Shining Light","floor":4,"gold_loss":0,"cards_upgraded":["Strike_B","Darkness"]},{"damage_healed":16,"gold_gain":0,"player_choice":"Healed and dodged fight","damage_taken":0,"max_hp_gain":0,"max_hp_loss":0,"event_name":"Mushrooms","floor":7,"gold_loss":0,"cards_obtained":["Parasite"]},{"damage_healed":0,"gold_gain":150,"player_choice":"AGREE","damage_taken":0,"max_hp_gain":0,"max_hp_loss":0,"event_name":"Liars Game","floor":12,"gold_loss":0,"cards_obtained":["Doubt"]},{"damage_healed":0,"gold_gain":50,"player_choice":"Pray","damage_taken":0,"max_hp_gain":0,"max_hp_loss":0,"event_name":"Golden Shrine","floor":14,"gold_loss":0}],"is_beta":true,"boss_relics":[{"not_picked":["Calling Bell","Eternal Feather"],"picked":"Snecko Eye"}],"items_purged_floors":[],"is_endless":false,"potions_floor_spawned":[3,5,10,13,18,19],"killed_by":"3 Cultists","ascension_level":18}