{"path_per_floor":["M","?","M","M","?","R","M","R","T","R","M","M","M","M","R"],"character_chosen":"THE_SILENT","items_purchased":[],"gold_per_floor":[110,110,120,132,132,132,150,150,150,150,161,179,194,149,149,149],"floor_reached":16,"campfire_rested":1,"playtime":1369,"current_hp_per_floor":[70,70,64,64,69,69,52,52,52,52,41,4,4,3,25,19],"items_purged":[],"gold":149,"score":94,"play_id":"f8752512-8ec4-4599-a454-b690d907e1d7","local_time":"20180504203451","is_prod":false,"is_daily":false,"chose_seed":false,"is_ascension_mode":false,"campfire_upgraded":3,"timestamp":1525480491,"path_taken":["M","?","M","M","?","R","?","R","T","R","?","M","M","M","R","BOSS"],"build_version":"2018-05-03","seed_source_timestamp":86497472985232,"purchased_purges":0,"victory":false,"master_deck":["Defend_G","Defend_G","Defend_G","Defend_G","Defend_G","Strike_G","Strike_G","Strike_G","Strike_G","Survivor","Neutralize+1","Dodge and Roll+1","Reflex","Outmaneuver+1","Acrobatics","After Image","Acrobatics","Dodge and Roll","PiercingWail"],"max_hp_per_floor":[70,70,70,70,75,75,75,75,75,75,75,75,75,75,75,75],"relics":["Ring of the Snake","Frozen Egg 2"],"card_choices":[{"not_picked":["Poisoned Stab","Outmaneuver"],"picked":"Dodge and Roll","floor":1},{"not_picked":["Dodge and Roll","Masterful Stab"],"picked":"Outmaneuver","floor":3},{"not_picked":["Sucker Punch","Bane"],"picked":"Acrobatics","floor":4},{"not_picked":["Well Laid Plans","Sucker Punch"],"picked":"After Image","floor":7},{"not_picked":["Flechettes","Outmaneuver"],"picked":"Acrobatics","floor":11},{"not_picked":["Corpse Explosion","Slice"],"picked":"Dodge and Roll","floor":12},{"not_picked":["Deflect","Outmaneuver"],"picked":"PiercingWail","floor":13}],"player_experience":150538,"potions_floor_usage":[12,16],"damage_taken":[{"damage":0,"enemies":"2 Louse","floor":1,"turns":2},{"damage":6,"enemies":"Jaw Worm","floor":3,"turns":7},{"damage":0,"enemies":"Cultist","floor":4,"turns":5},{"damage":17,"enemies":"Lots of Slimes","floor":7,"turns":8},{"damage":11,"enemies":"3 Louse","floor":11,"turns":6},{"damage":37,"enemies":"Gremlin Gang","floor":12,"turns":13},{"damage":0,"enemies":"Red Slaver","floor":13,"turns":6},{"damage":1,"enemies":"Looter","floor":14,"turns":5},{"damage":6,"enemies":"Hexaghost","floor":16,"turns":8}],"event_choices":[{"event_name":"Living Wall","player_choice":"Change","floor":2,"damage_taken":0},{"event_name":"Big Fish","player_choice":"Donut","floor":5,"damage_taken":0}],"boss_relics":[],"potions_floor_spawned":[3,4,13],"seed_played":"3602026194139526852","killed_by":"Hexaghost","ascension_level":0,"is_trial":false}