{"gold_per_floor":[109,109,126,143,156,156,168,179,179,208,258,258,273,288,288,364,364,383,403,418,418,418,418],"floor_reached":23,"playtime":1285,"items_purged":[],"score":380,"play_id":"55859bce-a3cf-402f-b054-ecbf9e86d272","local_time":"20190126192129","is_ascension_mode":true,"campfire_choices":[{"data":"Rampage","floor":6.0,"key":"SMITH"},{"floor":12.0,"key":"REST"},{"data":"Disarm","floor":15.0,"key":"SMITH"}],"neow_cost":"NONE","seed_source_timestamp":203439742068082,"circlet_count":0,"master_deck":["AscendersBane","Defend_R","Defend_R","Defend_R","Defend_R","Bash","Disarm+1","Iron Wave","Rampage+1","Brutality","Shrug It Off","Body Slam","Battle Trance","Spot Weakness","Spot Weakness","Reaper","Intimidate","Writhe","Bite","Bite","Bite","Bite","Bite"],"special_seed":0,"relics":["Burning Blood","Bottled Lightning","Dodecahedron","Black Star","Strawberry"],"potions_floor_usage":[19,20],"damage_taken":[{"damage":5.0,"enemies":"2 Louse","floor":1.0,"turns":4.0},{"damage":8.0,"enemies":"Cultist","floor":3.0,"turns":6.0},{"damage":5.0,"enemies":"Small Slimes","floor":4.0,"turns":6.0},{"damage":14.0,"enemies":"Red Slaver","floor":5.0,"turns":5.0},{"damage":17.0,"enemies":"Large Slime","floor":7.0,"turns":7.0},{"damage":3.0,"enemies":"Looter","floor":8.0,"turns":4.0},{"damage":45.0,"enemies":"Lagavulin","floor":10.0,"turns":9.0},{"damage":14.0,"enemies":"Blue Slaver","floor":13.0,"turns":4.0},{"damage":8.0,"enemies":"Gremlin Gang","floor":14.0,"turns":5.0},{"damage":27,"enemies":"The Guardian","floor":16,"turns":12},{"damage":49,"enemies":"Spheric Guardian","floor":18,"turns":6},{"damage":35,"enemies":"Chosen","floor":19,"turns":9},{"damage":21,"enemies":"Centurion and Healer","floor":20,"turns":7},{"damage":25,"enemies":"Gremlin Leader","floor":23,"turns":2}],"seed_played":"2395675786066415536","potions_obtained":[{"floor":2.0,"key":"PowerPotion"},{"floor":2.0,"key":"Energy Potion"},{"floor":4.0,"key":"Weak Potion"},{"floor":7.0,"key":"EssenceOfSteel"},{"floor":8.0,"key":"EssenceOfSteel"},{"floor":13.0,"key":"Fire Potion"},{"floor":18,"key":"SteroidPotion"}],"is_trial":false,"path_per_floor":["M","?","M","M","M","R","M","M","T","E","?","R","M","M","R","B",null,"M","M","M","?","?","E"],"character_chosen":"IRONCLAD","items_purchased":[],"campfire_rested":1,"item_purchase_floors":[],"current_hp_per_floor":[76,76,74,75,67,67,56,59,59,20,20,44,36,34,34,13,65,35,13,13,20,20,0],"gold":418,"neow_bonus":"TEN_PERCENT_HP_BONUS","is_prod":false,"is_daily":false,"chose_seed":false,"campfire_upgraded":2,"win_rate":0,"timestamp":1548548489,"path_taken":["M","?","M","?","M","R","?","M","T","E","?","R","?","M","R","BOSS","M","M","M","?","?","E"],"build_version":"2019-01-23","purchased_purges":0,"victory":false,"max_hp_per_floor":[82,82,82,82,82,82,82,82,82,82,82,82,82,82,82,82,82,82,82,82,89,62,62],"card_choices":[{"not_picked":["Headbutt","Burning Pact"],"picked":"Disarm","floor":1.0},{"not_picked":["Evolve","Combust"],"picked":"Iron Wave","floor":3.0},{"not_picked":["Cleave","Pommel Strike"],"picked":"Rampage","floor":4.0},{"not_picked":["Flex","Warcry"],"picked":"Brutality","floor":5.0},{"not_picked":["Corruption","Warcry"],"picked":"Shrug It Off","floor":7.0},{"not_picked":["Searing Blow","Sword Boomerang"],"picked":"Body Slam","floor":8.0},{"not_picked":["Whirlwind","Flex"],"picked":"Battle Trance","floor":10.0},{"not_picked":["Evolve","Searing Blow"],"picked":"Spot Weakness","floor":13.0},{"not_picked":["Anger","Wild Strike"],"picked":"Spot Weakness","floor":14.0},{"not_picked":["Berserk","Brutality"],"picked":"Reaper","floor":16},{"not_picked":["Fire Breathing","Headbutt","Entrench"],"picked":"SKIP","floor":18},{"not_picked":["Rampage","Twin Strike+1","Clash"],"picked":"SKIP","floor":19},{"not_picked":["Shrug It Off","Body Slam"],"picked":"Intimidate","floor":20}],"player_experience":877832,"relics_obtained":[{"floor":9.0,"key":"Bottled Lightning"},{"floor":10.0,"key":"Dodecahedron"}],"event_choices":[{"damage_healed":0.0,"max_hp_gain":0.0,"max_hp_loss":0.0,"gold_gain":0.0,"event_name":"Lab","player_choice":"Got Potions","floor":2.0,"gold_loss":0.0,"damage_taken":0.0},{"damage_healed":0.0,"max_hp_gain":0.0,"max_hp_loss":0.0,"gold_gain":50.0,"event_name":"Golden Shrine","player_choice":"Pray","floor":11.0,"gold_loss":0.0,"damage_taken":0.0},{"damage_healed":0,"gold_gain":0,"player_choice":"Opened","damage_taken":0,"relics_obtained":["Strawberry"],"max_hp_gain":0,"max_hp_loss":0,"event_name":"The Mausoleum","floor":21,"gold_loss":0,"cards_obtained":["Writhe"]},{"damage_healed":0,"gold_gain":0,"player_choice":"Became a vampire","damage_taken":0,"max_hp_gain":0,"max_hp_loss":27,"event_name":"Vampires","floor":22,"gold_loss":0,"cards_obtained":["Bite","Bite","Bite","Bite","Bite"]}],"is_beta":true,"boss_relics":[{"not_picked":["Mark of Pain","Sozu"],"picked":"Black Star"}],"items_purged_floors":[],"is_endless":false,"potions_floor_spawned":[4,7,8,13,18],"killed_by":"Gremlin Leader","ascension_level":16}