{"gold_per_floor":[109,109,109,122,122,122,155,174,201,214,234,266,284,302,302,407,407,422,49,49,60,80,80,80,80,80,100,100,113,142,161,161,161],"floor_reached":33,"playtime":2681,"items_purged":[],"score":329,"play_id":"3599f262-6c38-459d-b62f-b6f38e82145e","local_time":"20190629122129","is_ascension_mode":false,"campfire_choices":[{"data":"Iron Wave","floor":6.0,"key":"SMITH"},{"data":"Armaments","floor":15.0,"key":"SMITH"},{"data":"Barricade","floor":23,"key":"SMITH"},{"data":"Impervious","floor":25,"key":"SMITH"},{"data":"Secret Weapon","floor":28,"key":"SMITH"},{"floor":32,"key":"REST"}],"neow_cost":"NONE","seed_source_timestamp":0,"circlet_count":0,"master_deck":["Strike_R+1","Strike_R+1","Strike_R+1","Strike_R+1","Defend_R+1","Defend_R+1","Defend_R+1","Defend_R+1","Bash","Iron Wave+1","Hemokinesis","Iron Wave+1","Battle Trance","Flex","Impervious+1","Body Slam","Dark Embrace","Twin Strike","Armaments+1","Barricade+1","True Grit+1","Good Instincts","Seeing Red","Secret Weapon+1","Reckless Charge","Disarm","Exhume","Shrug It Off+1","Flex","Impervious","Rage+1"],"special_seed":0,"relics":["Black Blood","NeowsBlessing","Bronze Scales","Ancient Tea Set","Odd Mushroom","Gambling Chip","Potion Belt","Frozen Egg 2"],"potions_floor_usage":[22,31,33,33],"damage_taken":[{"damage":0.0,"enemies":"Jaw Worm","floor":1.0,"turns":1.0},{"damage":0.0,"enemies":"2 Louse","floor":4.0,"turns":1.0},{"damage":0.0,"enemies":"Lagavulin","floor":7.0,"turns":1.0},{"damage":0.0,"enemies":"Small Slimes","floor":8.0,"turns":3.0},{"damage":2.0,"enemies":"2 Fungi Beasts","floor":10.0,"turns":3.0},{"damage":1.0,"enemies":"The Mushroom Lair","floor":11.0,"turns":3.0},{"damage":3.0,"enemies":"Gremlin Nob","floor":12.0,"turns":3.0},{"damage":0.0,"enemies":"Exordium Wildlife","floor":13.0,"turns":4.0},{"damage":3.0,"enemies":"Exordium Thugs","floor":14.0,"turns":3.0},{"damage":56.0,"enemies":"Hexaghost","floor":16.0,"turns":8.0},{"damage":12.0,"enemies":"Chosen","floor":18.0,"turns":5.0},{"damage":7.0,"enemies":"Shell Parasite","floor":21.0,"turns":11.0},{"damage":28,"enemies":"3 Cultists","floor":22,"turns":5},{"damage":7,"enemies":"Shelled Parasite and Fungi","floor":27,"turns":11},{"damage":11,"enemies":"Sentry and Sphere","floor":29,"turns":7},{"damage":42,"enemies":"Slavers","floor":30,"turns":7},{"damage":14,"enemies":"Chosen and Byrds","floor":31,"turns":6},{"damage":69,"enemies":"Automaton","floor":33,"turns":8}],"seed_played":"8830942473040099275","potions_obtained":[{"floor":1.0,"key":"Fire Potion"},{"floor":4.0,"key":"Block Potion"},{"floor":10.0,"key":"Fire Potion"},{"floor":11.0,"key":"BloodPotion"},{"floor":13.0,"key":"LiquidBronze"},{"floor":18.0,"key":"AttackPotion"},{"floor":29,"key":"Poison Potion"},{"floor":31,"key":"LiquidBronze"}],"is_trial":false,"path_per_floor":["M","?","?","M","?","R","E","M","T","M","?","E","M","M","R","B",null,"M","$","?","M","M","R","?","R","T","M","R","M","E","M","R","B"],"character_chosen":"IRONCLAD","items_purchased":["Good Instincts","Seeing Red","Secret Weapon"],"campfire_rested":1,"item_purchase_floors":[19,19,19],"current_hp_per_floor":[80,80,85,85,68,68,74,80,80,84,85,85,85,85,85,35,85,83,83,83,85,67,67,67,67,67,70,70,69,37,33,58,0],"gold":161,"neow_bonus":"THREE_ENEMY_KILL","is_prod":false,"is_daily":false,"chose_seed":false,"campfire_upgraded":5,"win_rate":0,"timestamp":1561825289,"path_taken":["M","?","?","M","?","R","E","M","T","M","?","E","?","M","R","BOSS","M","$","?","M","M","R","?","R","T","M","R","M","E","?","R","BOSS"],"build_version":"2019-01-23","purchased_purges":0,"victory":false,"max_hp_per_floor":[80,80,85,85,85,85,85,85,85,85,85,85,85,85,85,85,85,85,85,85,85,85,85,85,85,85,85,85,85,85,85,85,85],"card_choices":[{"not_picked":["Inflame","True Grit"],"picked":"Iron Wave","floor":1.0},{"not_picked":["Perfected Strike","Heavy Blade"],"picked":"Iron Wave","floor":4.0},{"not_picked":["Perfected Strike","Wild Strike"],"picked":"Battle Trance","floor":7.0},{"not_picked":["Heavy Blade","Clash"],"picked":"Flex","floor":8.0},{"not_picked":["Wild Strike","Sever Soul"],"picked":"Impervious","floor":10.0},{"not_picked":["Thunderclap","Sword Boomerang"],"picked":"Body Slam","floor":11.0},{"not_picked":["Sword Boomerang","Hemokinesis"],"picked":"Dark Embrace","floor":12.0},{"not_picked":["Spot Weakness","Thunderclap"],"picked":"Twin Strike","floor":13.0},{"not_picked":["Twin Strike","Wild Strike"],"picked":"Armaments","floor":14.0},{"not_picked":["Limit Break","Reaper"],"picked":"Barricade","floor":16.0},{"not_picked":["Carnage+1","Armaments"],"picked":"True Grit+1","floor":18.0},{"not_picked":["Heavy Blade","Flex"],"picked":"Reckless Charge","floor":21.0},{"not_picked":["Rupture","Body Slam+1"],"picked":"Disarm","floor":22},{"not_picked":["Pommel Strike","Warcry"],"picked":"Shrug It Off+1","floor":27},{"not_picked":["Dropkick","Heavy Blade"],"picked":"Flex","floor":29},{"not_picked":["Reckless Charge+1","Barricade"],"picked":"Impervious","floor":30},{"not_picked":["Wild Strike","True Grit"],"picked":"Rage+1","floor":31}],"player_experience":507981,"relics_obtained":[{"floor":7.0,"key":"Bronze Scales"},{"floor":9.0,"key":"Ancient Tea Set"},{"floor":11.0,"key":"Odd Mushroom"},{"floor":12.0,"key":"Gambling Chip"},{"floor":26,"key":"Potion Belt"},{"floor":30,"key":"Frozen Egg 2"}],"event_choices":[{"damage_healed":0.0,"max_hp_gain":0.0,"max_hp_loss":0.0,"gold_gain":0.0,"cards_transformed":["Strike_R"],"event_name":"Living Wall","player_choice":"Change","floor":2.0,"gold_loss":0.0,"damage_taken":0.0,"cards_obtained":["Hemokinesis"]},{"damage_healed":0.0,"max_hp_gain":5.0,"max_hp_loss":0.0,"gold_gain":0.0,"event_name":"Big Fish","player_choice":"Donut","floor":3.0,"gold_loss":0.0,"damage_taken":0.0},{"damage_healed":0.0,"max_hp_gain":0.0,"max_hp_loss":0.0,"gold_gain":0.0,"event_name":"Shining Light","player_choice":"Entered Light","floor":5.0,"gold_loss":0.0,"damage_taken":17.0,"cards_upgraded":["Strike_R","Iron Wave"]},{"damage_healed":0.0,"max_hp_gain":0.0,"max_hp_loss":0.0,"gold_gain":0.0,"event_name":"Mushrooms","player_choice":"Fought Mushrooms","floor":11.0,"gold_loss":0.0,"damage_taken":0.0},{"damage_healed":0.0,"max_hp_gain":0.0,"max_hp_loss":0.0,"gold_gain":0.0,"event_name":"Back to Basics","player_choice":"Simplicity","floor":20.0,"gold_loss":0.0,"damage_taken":0.0,"cards_upgraded":["Strike_R","Strike_R","Strike_R","Defend_R","Defend_R","Defend_R","Defend_R"]},{"damage_healed":0,"gold_gain":0,"player_choice":"1 cards matched","damage_taken":0,"max_hp_gain":0,"max_hp_loss":0,"event_name":"Match and Keep!","floor":24,"gold_loss":0,"cards_obtained":["Exhume"]}],"is_beta":false,"boss_relics":[{"not_picked":["Coffee Dripper","Sozu"],"picked":"Black Blood"}],"items_purged_floors":[],"is_endless":false,"potions_floor_spawned":[1,4,10,11,13,18,29,31],"killed_by":"Automaton","ascension_level":0}