{"gold_per_floor":[115,190,206,222,222,222,233,248,248,213,231,247,102,122,122,201,201,213,233,37,48,48,48,0,0,0,0,0,0,18,45,45,119,119,131,147,159,159,259,292,292,324,324,349,349,359,392,407,407,407],"floor_reached":51,"playtime":3385,"items_purged":[],"score":1357,"play_id":"85e98ceb-e6c0-4a77-ae33-aa3ec1b7645e","local_time":"20190116073618","is_ascension_mode":true,"campfire_choices":[{"data":"Body Slam","floor":6.0,"key":"SMITH"},{"data":"Armaments","floor":15.0,"key":"SMITH"},{"data":"Demon Form","floor":23.0,"key":"SMITH"},{"data":"Disarm","floor":25.0,"key":"SMITH"},{"data":"Inflame","floor":27.0,"key":"SMITH"},{"data":"Feed","floor":29.0,"key":"SMITH"},{"data":"Feed","floor":32.0,"key":"SMITH"},{"data":"Double Tap","floor":41.0,"key":"SMITH"},{"floor":45.0,"key":"REST"},{"floor":49,"key":"REST"}],"neow_cost":"NONE","seed_source_timestamp":473324518311297,"circlet_count":0,"master_deck":["AscendersBane","Strike_R","Strike_R","Defend_R","Defend_R","Defend_R","Defend_R","Bash+1","Body Slam+1","Dropkick","Shockwave+1","Inflame+1","Disarm+1","Armaments+1","Reaper","Armaments+1","Feed+1","Demon Form+1","Pummel+1","Thunderclap+1","Intimidate+1","Reaper","Feed+1","Double Tap+1","Ghostly Armor+1","Spot Weakness+1","Exhume","Dropkick+1","Heavy Blade+1","Heavy Blade+1"],"special_seed":0,"relics":["Burning Blood","Self Forming Clay","Tiny Chest","Astrolabe","Lee\u0027s Waffle","Bag of Preparation","Bronze Scales","Lizard Tail","Du-Vu Doll","Ginger","Bird Faced Urn","Paper Frog","Dream Catcher","Thread and Needle"],"potions_floor_usage":[47,50,50],"damage_taken":[{"damage":1.0,"enemies":"Cultist","floor":1.0,"turns":4.0},{"damage":8.0,"enemies":"2 Louse","floor":3.0,"turns":3.0},{"damage":13.0,"enemies":"Jaw Worm","floor":4.0,"turns":4.0},{"damage":1.0,"enemies":"2 Fungi Beasts","floor":7.0,"turns":3.0},{"damage":29.0,"enemies":"Lots of Slimes","floor":8.0,"turns":4.0},{"damage":8.0,"enemies":"3 Louse","floor":11.0,"turns":5.0},{"damage":4.0,"enemies":"Exordium Thugs","floor":12.0,"turns":5.0},{"damage":6.0,"enemies":"Blue Slaver","floor":14.0,"turns":6.0},{"damage":26.0,"enemies":"The Guardian","floor":16.0,"turns":17.0},{"damage":41.0,"enemies":"Spheric Guardian","floor":18.0,"turns":9.0},{"damage":14.0,"enemies":"Shell Parasite","floor":19.0,"turns":8.0},{"damage":37.0,"enemies":"Centurion and Healer","floor":21.0,"turns":12.0},{"damage":20.0,"enemies":"Colosseum Slavers","floor":22.0,"turns":7.0},{"damage":38.0,"enemies":"Shelled Parasite and Fungi","floor":30.0,"turns":8.0},{"damage":35.0,"enemies":"Slavers","floor":31.0,"turns":7.0},{"damage":74.0,"enemies":"Collector","floor":33.0,"turns":11.0},{"damage":49.0,"enemies":"3 Shapes","floor":35.0,"turns":7.0},{"damage":17.0,"enemies":"Orb Walker","floor":36.0,"turns":3.0},{"damage":4.0,"enemies":"Maw","floor":37.0,"turns":6.0},{"damage":25.0,"enemies":"Mind Bloom Boss Battle","floor":39.0,"turns":11.0},{"damage":125.0,"enemies":"Reptomancer","floor":40.0,"turns":11.0},{"damage":87.0,"enemies":"Nemesis","floor":42.0,"turns":9.0},{"damage":113.0,"enemies":"Reptomancer","floor":44.0,"turns":8.0},{"damage":57.0,"enemies":"Transient","floor":46.0,"turns":5.0},{"damage":123,"enemies":"Giant Head","floor":47,"turns":9},{"damage":86,"enemies":"3 Darklings","floor":48,"turns":10},{"damage":118,"enemies":"Awakened One","floor":50,"turns":14}],"seed_played":"889667616608516207","potions_obtained":[{"floor":3.0,"key":"LiquidBronze"},{"floor":8.0,"key":"Regen Potion"},{"floor":16.0,"key":"Energy Potion"},{"floor":18.0,"key":"EntropicBrew"},{"floor":30.0,"key":"EntropicBrew"},{"floor":36.0,"key":"SpeedPotion"},{"floor":42.0,"key":"Block Potion"},{"floor":44.0,"key":"Dexterity Potion"},{"floor":46.0,"key":"PowerPotion"},{"floor":47,"key":"FearPotion"}],"is_trial":false,"path_per_floor":["M","?","M","M","?","R","M","M","T","?","M","M","$","M","R","B",null,"M","M","$","M","?","R","$","R","T","R","?","R","M","E","R","B",null,"M","M","M","?","?","E","R","E","T","E","R","M","E","M","R","B",null],"character_chosen":"IRONCLAD","items_purchased":["Tiny Chest","Armaments","Lee\u0027s Waffle","Energy Potion"],"campfire_rested":2,"item_purchase_floors":[13,13,20,24],"current_hp_per_floor":[80,69,67,60,44,44,49,26,26,46,44,60,60,64,64,55,78,58,54,100,87,77,77,77,77,77,77,77,77,76,112,112,87,109,117,110,112,112,132,96,96,67,67,28,70,19,115,118,144,102],"gold":407,"neow_bonus":"TEN_PERCENT_HP_BONUS","is_prod":false,"is_daily":false,"chose_seed":false,"campfire_upgraded":8,"win_rate":0,"timestamp":1547642178,"path_taken":["M","?","M","M","?","R","M","M","T","?","M","M","?","M","R","BOSS","M","M","$","M","?","R","$","R","T","R","?","R","?","E","R","BOSS","M","M","M","?","?","E","R","E","T","E","R","M","E","?","R","BOSS"],"build_version":"2019-01-14v2","purchased_purges":0,"victory":true,"max_hp_per_floor":[82,82,82,82,82,82,82,82,82,82,82,82,82,82,82,86,86,89,93,100,100,104,104,104,104,104,104,104,104,108,112,112,116,116,124,128,128,128,132,132,132,136,136,140,140,140,140,144,144,148],"card_choices":[{"not_picked":["Warcry","Flex"],"picked":"Body Slam","floor":1.0},{"not_picked":["Rupture","Anger"],"picked":"Dropkick","floor":3.0},{"not_picked":["Perfected Strike","Thunderclap"],"picked":"Shockwave","floor":4.0},{"not_picked":["Pommel Strike","Heavy Blade"],"picked":"Inflame","floor":7.0},{"not_picked":["Iron Wave","Sword Boomerang"],"picked":"Disarm","floor":8.0},{"not_picked":["True Grit","Warcry"],"picked":"Armaments","floor":11.0},{"not_picked":["Thunderclap","Feel No Pain"],"picked":"Reaper","floor":12.0},{"not_picked":["Flex","Warcry"],"picked":"Feed","floor":14.0},{"not_picked":["Juggernaut","Double Tap"],"picked":"Demon Form","floor":16.0},{"not_picked":["Armaments","Sentinel","Headbutt"],"picked":"SKIP","floor":18.0},{"not_picked":["Thunderclap","Anger","Clash"],"picked":"SKIP","floor":19.0},{"not_picked":["Fire Breathing","Rampage","Havoc"],"picked":"SKIP","floor":21.0},{"not_picked":["Combust","Power Through"],"picked":"Reaper","floor":30.0},{"not_picked":["Combust","Pommel Strike"],"picked":"Feed","floor":31.0},{"not_picked":["Immolate","Impervious"],"picked":"Double Tap","floor":33.0},{"not_picked":["Iron Wave+1","Dropkick","Twin Strike"],"picked":"SKIP","floor":35.0},{"not_picked":["Rage","Power Through"],"picked":"Ghostly Armor+1","floor":36.0},{"not_picked":["Carnage","Havoc","True Grit+1"],"picked":"SKIP","floor":37.0},{"not_picked":["Headbutt","Perfected Strike"],"picked":"Spot Weakness+1","floor":39.0},{"not_picked":["Evolve","Heavy Blade"],"picked":"Exhume","floor":40.0},{"not_picked":["Warcry","Clothesline"],"picked":"Dropkick+1","floor":42.0},{"not_picked":["Fiend Fire","Armaments","Anger+1"],"picked":"SKIP","floor":44.0},{"not_picked":["Reckless Charge","Rampage","Blood for Blood+1"],"picked":"SKIP","floor":46.0},{"not_picked":["Rupture","Pommel Strike"],"picked":"Heavy Blade+1","floor":47},{"not_picked":["Shrug It Off","Corruption","Reckless Charge"],"picked":"SKIP","floor":48},{"not_picked":["Sword Boomerang","Combust"],"picked":"Heavy Blade+1","floor":49}],"player_experience":827544,"relics_obtained":[{"floor":9.0,"key":"Self Forming Clay"},{"floor":26.0,"key":"Bag of Preparation"},{"floor":31.0,"key":"Bronze Scales"},{"floor":39.0,"key":"Du-Vu Doll"},{"floor":40.0,"key":"Ginger"},{"floor":42.0,"key":"Bird Faced Urn"},{"floor":43.0,"key":"Paper Frog"},{"floor":44.0,"key":"Dream Catcher"},{"floor":47,"key":"Thread and Needle"}],"event_choices":[{"damage_healed":0.0,"max_hp_gain":0.0,"max_hp_loss":0.0,"gold_gain":75.0,"event_name":"World of Goop","player_choice":"Gather Gold","floor":2.0,"gold_loss":0.0,"damage_taken":11.0},{"damage_healed":0.0,"max_hp_gain":0.0,"max_hp_loss":0.0,"gold_gain":0.0,"event_name":"Shining Light","player_choice":"Entered Light","floor":5.0,"gold_loss":0.0,"damage_taken":16.0,"cards_upgraded":["Bash","Shockwave"]},{"damage_healed":20.0,"max_hp_gain":0.0,"max_hp_loss":0.0,"gold_gain":0.0,"event_name":"The Cleric","player_choice":"Healed","floor":10.0,"gold_loss":35.0,"damage_taken":0.0},{"damage_healed":0.0,"max_hp_gain":0.0,"max_hp_loss":0.0,"gold_gain":0.0,"event_name":"Colosseum","player_choice":"Fight","floor":22.0,"gold_loss":0.0,"damage_taken":0.0},{"damage_healed":0.0,"max_hp_gain":0.0,"max_hp_loss":0.0,"gold_gain":0.0,"event_name":"Colosseum","player_choice":"Fled From Nobs","floor":22.0,"gold_loss":0.0,"damage_taken":0.0},{"damage_healed":0.0,"max_hp_gain":0.0,"max_hp_loss":0.0,"gold_gain":0.0,"event_name":"Upgrade Shrine","player_choice":"Upgraded","floor":28.0,"gold_loss":0.0,"damage_taken":0.0,"cards_upgraded":["Armaments"]},{"damage_healed":0.0,"max_hp_gain":0.0,"max_hp_loss":0.0,"gold_gain":0.0,"event_name":"Mysterious Sphere","player_choice":"Ignored","floor":38.0,"gold_loss":0.0,"damage_taken":0.0},{"damage_healed":0.0,"max_hp_gain":0.0,"max_hp_loss":0.0,"gold_gain":0.0,"event_name":"MindBloom","player_choice":"Fight","floor":39.0,"gold_loss":0.0,"damage_taken":0.0}],"is_beta":true,"boss_relics":[{"not_picked":["Philosopher\u0027s Stone","Empty Cage"],"picked":"Astrolabe"},{"not_picked":["Orrery","Coffee Dripper"],"picked":"Lizard Tail"}],"items_purged_floors":[],"is_endless":false,"potions_floor_spawned":[3,8,16,18,22,30,36,42,44,46,47,48],"ascension_level":14}