{"gold_per_floor":[114,189,189,189,203,203,213,229,229,2,2,18,41,56,56,159,159,171,171,191,202,202,202,236,236,236,236,253,271,283,31,31,31],"floor_reached":33,"playtime":2061,"items_purged":["Strike_R"],"score":324,"play_id":"b8d87165-fdba-4808-bd37-7a1835d474b0","local_time":"20181117145426","is_ascension_mode":true,"campfire_choices":[{"data":"Dramatic Entrance","floor":6,"key":"SMITH"},{"data":"Flame Barrier","floor":11,"key":"SMITH"},{"data":"Spot Weakness","floor":15,"key":"SMITH"},{"data":"Clothesline","floor":23,"key":"SMITH"},{"floor":25,"key":"REST"},{"floor":32,"key":"REST"}],"neow_cost":"NONE","seed_source_timestamp":232307766286065,"circlet_count":0,"master_deck":["Strike_R","Strike_R","Defend_R","Defend_R","Defend_R","Defend_R","Bash","Dramatic Entrance+1","Clothesline+1","Sentinel","Flame Barrier+1","Shockwave","Spot Weakness+1","Offering","Reaper","Rupture","Iron Wave","Disarm+1","Limit Break","Dual Wield+1","Body Slam+1","Inflame+1"],"relics":["Burning Blood","Turnip","Bottled Flame","Red Skull","Odd Mushroom","Runic Cube","Dream Catcher","The Courier","Paper Frog"],"potions_floor_usage":[16,16,16,18,24,28,29,29,30,33],"damage_taken":[{"damage":12,"enemies":"Jaw Worm","floor":1,"turns":3},{"damage":9,"enemies":"2 Louse","floor":5,"turns":2},{"damage":0,"enemies":"Small Slimes","floor":7,"turns":2},{"damage":11,"enemies":"Blue Slaver","floor":8,"turns":3},{"damage":3,"enemies":"Looter","floor":12,"turns":3},{"damage":14,"enemies":"The Mushroom Lair","floor":13,"turns":4},{"damage":0,"enemies":"Large Slime","floor":14,"turns":8},{"damage":14,"enemies":"Hexaghost","floor":16,"turns":11},{"damage":18,"enemies":"3 Byrds","floor":18,"turns":5},{"damage":52,"enemies":"Spheric Guardian","floor":20,"turns":17},{"damage":27,"enemies":"Centurion and Healer","floor":21,"turns":9},{"damage":78,"enemies":"Gremlin Leader","floor":24,"turns":10},{"damage":24,"enemies":"Colosseum Slavers","floor":27,"turns":9},{"damage":57,"enemies":"3 Cultists","floor":28,"turns":7},{"damage":23,"enemies":"Snecko","floor":29,"turns":5},{"damage":22,"enemies":"Centurion and Healer","floor":30,"turns":7},{"damage":138,"enemies":"Automaton","floor":33,"turns":12}],"seed_played":"-5663384851795599849","potions_obtained":[{"floor":5,"key":"EntropicBrew"},{"floor":7,"key":"Dexterity Potion"},{"floor":16,"key":"Regen Potion"},{"floor":21,"key":"Strength Potion"},{"floor":24,"key":"Ancient Potion"},{"floor":28,"key":"Ancient Potion"},{"floor":29,"key":"BloodPotion"}],"is_trial":false,"path_per_floor":["M","?","?","?","M","R","M","M","T","$","R","M","?","M","R","B",null,"M","?","M","M","?","R","E","R","T","?","M","M","M","$","R","B"],"character_chosen":"IRONCLAD","items_purchased":["Red Skull","Paper Frog","Regen Potion"],"campfire_rested":2,"item_purchase_floors":[10,31,31],"current_hp_per_floor":[74,63,63,51,48,48,54,49,49,49,49,52,44,50,50,42,71,74,74,41,41,41,41,21,45,45,49,20,24,46,46,70,0],"gold":31,"neow_bonus":"RANDOM_COLORLESS","is_prod":false,"is_daily":false,"chose_seed":false,"campfire_upgraded":4,"win_rate":0,"timestamp":1542484466,"path_taken":["M","?","?","?","M","R","M","M","T","$","R","M","?","M","R","BOSS","M","?","M","M","?","R","E","R","T","?","?","M","M","$","R","BOSS"],"build_version":"2018-11-15","purchased_purges":1,"victory":false,"max_hp_per_floor":[80,80,80,80,80,80,80,80,80,80,80,80,80,80,80,80,80,80,80,80,80,80,80,80,80,80,80,80,80,80,80,80,80],"card_choices":[{"not_picked":["Dropkick","Clash"],"picked":"Clothesline","floor":1},{"not_picked":["Clash","Anger"],"picked":"Sentinel","floor":5},{"not_picked":["Carnage","Sword Boomerang","Twin Strike"],"picked":"SKIP","floor":7},{"not_picked":["Hemokinesis","Blood for Blood"],"picked":"Flame Barrier","floor":8},{"not_picked":["Warcry","Headbutt"],"picked":"Shockwave","floor":12},{"not_picked":["Sword Boomerang","Anger"],"picked":"Spot Weakness","floor":13},{"not_picked":["Perfected Strike","Flex"],"picked":"Offering","floor":14},{"not_picked":["Double Tap","Dark Embrace"],"picked":"Reaper","floor":16},{"not_picked":["Warcry","Iron Wave"],"picked":"Rupture","floor":18},{"not_picked":["Warcry","Intimidate"],"picked":"Iron Wave","floor":20},{"not_picked":["Thunderclap","Evolve","Corruption"],"picked":"SKIP","floor":21},{"not_picked":["Burning Pact","Seeing Red+1"],"picked":"Disarm+1","floor":24},{"not_picked":["Whirlwind","Armaments"],"picked":"Limit Break","floor":28},{"not_picked":["Rage","Perfected Strike"],"picked":"Dual Wield+1","floor":29},{"not_picked":["Evolve","Bloodletting"],"picked":"Body Slam+1","floor":30},{"not_picked":["Clash","Havoc+1"],"picked":"Inflame+1","floor":32}],"player_experience":495839,"relics_obtained":[{"floor":9,"key":"Bottled Flame"},{"floor":13,"key":"Odd Mushroom"},{"floor":24,"key":"Dream Catcher"},{"floor":26,"key":"The Courier"}],"event_choices":[{"damage_healed":0,"gold_gain":75,"player_choice":"Gather Gold","damage_taken":11,"max_hp_gain":0,"max_hp_loss":0,"event_name":"World of Goop","floor":2,"gold_loss":0},{"cards_removed":["Strike_R"],"damage_healed":0,"gold_gain":0,"player_choice":"Forget","damage_taken":0,"max_hp_gain":0,"max_hp_loss":0,"event_name":"Living Wall","floor":3,"gold_loss":0},{"damage_healed":0,"gold_gain":0,"player_choice":"Success","damage_taken":12,"relics_obtained":["Turnip"],"max_hp_gain":0,"max_hp_loss":0,"event_name":"Scrap Ooze","floor":4,"gold_loss":0},{"damage_healed":0,"gold_gain":0,"player_choice":"Fought Mushrooms","damage_taken":0,"max_hp_gain":0,"max_hp_loss":0,"event_name":"Mushrooms","floor":13,"gold_loss":0},{"cards_removed":["Strike_R"],"damage_healed":0,"gold_gain":0,"player_choice":"Elegance","damage_taken":0,"max_hp_gain":0,"max_hp_loss":0,"event_name":"Back to Basics","floor":19,"gold_loss":0},{"damage_healed":0,"gold_gain":0,"player_choice":"Ignored","damage_taken":0,"max_hp_gain":0,"max_hp_loss":0,"event_name":"Ghosts","floor":22,"gold_loss":0},{"damage_healed":0,"gold_gain":0,"player_choice":"Fight","damage_taken":0,"max_hp_gain":0,"max_hp_loss":0,"event_name":"Colosseum","floor":27,"gold_loss":0},{"damage_healed":0,"gold_gain":0,"player_choice":"Fled From Nobs","damage_taken":0,"max_hp_gain":0,"max_hp_loss":0,"event_name":"Colosseum","floor":27,"gold_loss":0}],"is_beta":true,"boss_relics":[{"not_picked":["Philosopher\u0027s Stone","Coffee Dripper"],"picked":"Runic Cube"}],"items_purged_floors":[10],"is_endless":false,"potions_floor_spawned":[5,7,16,21,24,27,28,29],"killed_by":"Automaton","ascension_level":5}