{"gold_per_floor":[109,120,295,248,120,131,131,143,143,176,70,88,104,121,121,216,216,234,234,333,353,372,372,372,66,66,80,95,130,148,160,160,262,262,274,274,274,274,289,289,315,330,330,330,255,273,283,303,303,303],"floor_reached":51,"playtime":5894,"items_purged":["Doubt"],"score":680,"play_id":"00caca24-3906-44c7-8d77-929c6203efe3","local_time":"20190707133745","is_ascension_mode":false,"campfire_choices":[{"data":"Sunder","floor":7,"key":"SMITH"},{"data":"Glacier","floor":15,"key":"SMITH"},{"data":"White Noise","floor":23,"key":"SMITH"},{"data":"Defragment","floor":32,"key":"SMITH"},{"data":"Chill","floor":40,"key":"SMITH"},{"data":"Redo","floor":49,"key":"SMITH"}],"neow_cost":"NONE","seed_source_timestamp":1249109877389500,"circlet_count":0,"master_deck":["Strike_B","Strike_B","Strike_B","Strike_B","Defend_B","Defend_B","Defend_B","Defend_B","Zap","Dualcast","Redo+1","Rip and Tear","Sunder+1","Conserve Battery","Go for the Eyes","White Noise+1","Glacier+1","Conserve Battery","Barrage+1","Melter+1","Coolheaded","Conserve Battery","Machine Learning","Blizzard+1","Defragment+1","FTL+1","Melter+1","Barrage+1","Chill+1","Reinforced Body","Glacier+1","Echo Form","Madness","Madness","Streamline+1","Parasite","Glacier+1","Chill+1"],"relics":["Cracked Core","Kunai","Molten Egg 2","Nuclear Battery","Incense Burner","Pantograph","Bronze Scales","Coffee Dripper","Letter Opener","Vajra","Anchor"],"potions_floor_usage":[16,21,27,29,33,41,41,50,50,50],"damage_taken":[{"damage":0,"enemies":"2 Louse","floor":1,"turns":2},{"damage":2,"enemies":"Small Slimes","floor":2,"turns":3},{"damage":1,"enemies":"Jaw Worm","floor":6,"turns":4},{"damage":0,"enemies":"Looter","floor":8,"turns":2},{"damage":21,"enemies":"Gremlin Nob","floor":10,"turns":4},{"damage":13,"enemies":"2 Fungi Beasts","floor":12,"turns":3},{"damage":7,"enemies":"Lots of Slimes","floor":13,"turns":3},{"damage":0,"enemies":"Looter","floor":14,"turns":3},{"damage":3,"enemies":"The Guardian","floor":16,"turns":13},{"damage":5,"enemies":"2 Thieves","floor":18,"turns":2},{"damage":34,"enemies":"3 Byrds","floor":21,"turns":4},{"damage":7,"enemies":"Centurion and Healer","floor":22,"turns":5},{"damage":0,"enemies":"Snake Plant","floor":27,"turns":3},{"damage":0,"enemies":"Snecko","floor":28,"turns":6},{"damage":9,"enemies":"Gremlin Leader","floor":29,"turns":8},{"damage":5,"enemies":"Shelled Parasite and Fungi","floor":30,"turns":4},{"damage":3,"enemies":"Snake Plant","floor":31,"turns":3},{"damage":14,"enemies":"Collector","floor":33,"turns":12},{"damage":7,"enemies":"3 Darklings","floor":35,"turns":7},{"damage":14,"enemies":"Orb Walker","floor":39,"turns":4},{"damage":24,"enemies":"Giant Head","floor":41,"turns":10},{"damage":4,"enemies":"Writhing Mass","floor":42,"turns":8},{"damage":5,"enemies":"Jaw Worm Horde","floor":46,"turns":4},{"damage":0,"enemies":"Sphere and 2 Shapes","floor":47,"turns":2},{"damage":7,"enemies":"Writhing Mass","floor":48,"turns":5},{"damage":5,"enemies":"Time Eater","floor":50,"turns":14}],"seed_played":"2929520962462007397","potions_obtained":[{"floor":1,"key":"SteroidPotion"},{"floor":2,"key":"FocusPotion"},{"floor":12,"key":"Ancient Potion"},{"floor":21,"key":"Block Potion"},{"floor":22,"key":"FearPotion"},{"floor":29,"key":"PowerPotion"},{"floor":30,"key":"FearPotion"},{"floor":33,"key":"Block Potion"},{"floor":41,"key":"FocusPotion"},{"floor":46,"key":"LiquidBronze"}],"is_trial":false,"path_per_floor":["M","M","?","?","$","M","R","M","T","E","$","M","M","M","R","B",null,"M","?","?","M","M","R","?","$","T","M","M","E","M","M","R","B",null,"M","?","T","?","M","R","E","M","T","?","$","M","M","M","R","B",null],"character_chosen":"DEFECT","items_purchased":["Sunder","Conserve Battery","Conserve Battery","Barrage+1","Incense Burner"],"campfire_rested":0,"item_purchase_floors":[5,5,11,11,25],"current_hp_per_floor":[82,80,80,80,80,79,79,79,79,58,58,45,38,38,38,35,82,77,77,77,43,36,36,36,36,36,36,36,27,22,19,19,30,82,75,75,75,65,51,51,27,23,23,72,72,67,67,60,60,67],"gold":303,"neow_bonus":"TEN_PERCENT_HP_BONUS","is_prod":false,"is_daily":false,"chose_seed":false,"campfire_upgraded":6,"win_rate":0,"timestamp":1562521065,"path_taken":["M","M","?","?","?","M","R","M","T","E","$","M","M","M","R","BOSS","M","?","?","M","M","R","?","$","T","M","?","E","M","M","R","BOSS","M","?","?","?","M","R","E","M","T","?","$","M","M","M","R","BOSS"],"build_version":"2019-07-05","purchased_purges":1,"victory":true,"max_hp_per_floor":[82,82,82,82,82,82,82,82,82,82,82,82,82,82,82,82,82,82,82,82,82,82,82,82,82,82,82,82,82,82,82,82,82,82,82,82,82,82,82,82,82,82,82,72,72,72,72,72,72,72],"card_choices":[{"not_picked":["BootSequence","Beam Cell"],"picked":"Redo","floor":1},{"not_picked":["Turbo","BootSequence"],"picked":"Rip and Tear","floor":2},{"not_picked":["Hologram","Steam"],"picked":"Go for the Eyes","floor":6},{"not_picked":["Hello World","Steam"],"picked":"White Noise","floor":8},{"not_picked":["Biased Cognition","Loop"],"picked":"Glacier","floor":10},{"not_picked":["Recycle","Barrage+1"],"picked":"Melter+1","floor":12},{"not_picked":["Turbo","Static Discharge"],"picked":"Coolheaded","floor":13},{"not_picked":["Leap","Melter+1"],"picked":"Conserve Battery","floor":14},{"not_picked":["Core Surge+1","All For One+1"],"picked":"Machine Learning","floor":16},{"not_picked":["Steam+1","Hologram"],"picked":"Blizzard+1","floor":18},{"not_picked":["Ball Lightning+1","Doom and Gloom+1"],"picked":"FTL+1","floor":21},{"not_picked":["Stack+1","Beam Cell+1"],"picked":"Melter+1","floor":22},{"not_picked":["Amplify","Tempest"],"picked":"Barrage+1","floor":27},{"not_picked":["Recycle","Genetic Algorithm","Compile Driver+1"],"picked":"SKIP","floor":28},{"not_picked":["Steam Power","Sunder+1"],"picked":"Chill","floor":29},{"not_picked":["Turbo","Barrage+1"],"picked":"Reinforced Body","floor":30},{"not_picked":["Ball Lightning+1","Go for the Eyes+1"],"picked":"Glacier+1","floor":31},{"not_picked":["Creative AI","Machine Learning"],"picked":"Echo Form","floor":33},{"not_picked":["Barrage+1","Force Field","Fusion"],"picked":"SKIP","floor":35},{"not_picked":["Gash+1","Scrape+1"],"picked":"Streamline+1","floor":39},{"not_picked":["Turbo+1","Barrage+1","Stack+1"],"picked":"SKIP","floor":41},{"not_picked":["BootSequence+1","Storm","Skim"],"picked":"SKIP","floor":42},{"not_picked":["Sweeping Beam+1","Stack","Cold Snap+1"],"picked":"SKIP","floor":46},{"not_picked":["Leap+1","Heatsinks+1"],"picked":"Glacier+1","floor":47},{"not_picked":["Ball Lightning+1","All For One+1"],"picked":"Chill+1","floor":48}],"player_experience":654397,"relics_obtained":[{"floor":9,"key":"Kunai"},{"floor":10,"key":"Molten Egg 2"},{"floor":26,"key":"Pantograph"},{"floor":29,"key":"Bronze Scales"},{"floor":37,"key":"Letter Opener"},{"floor":41,"key":"Vajra"},{"floor":43,"key":"Anchor"}],"event_choices":[{"damage_healed":0,"gold_gain":175,"player_choice":"AGREE","damage_taken":0,"max_hp_gain":0,"max_hp_loss":0,"event_name":"Liars Game","floor":3,"gold_loss":0,"cards_obtained":["Doubt"]},{"damage_healed":0,"gold_gain":0,"player_choice":"Left Gold","damage_taken":0,"max_hp_gain":0,"max_hp_loss":0,"event_name":"World of Goop","floor":4,"gold_loss":47},{"damage_healed":0,"gold_gain":0,"player_choice":"Read","damage_taken":0,"max_hp_gain":0,"max_hp_loss":0,"event_name":"The Library","floor":19,"gold_loss":0,"cards_obtained":["Defragment"]},{"damage_healed":0,"gold_gain":99,"player_choice":"Stole From Cult","damage_taken":0,"max_hp_gain":0,"max_hp_loss":0,"event_name":"Nest","floor":20,"gold_loss":0},{"damage_healed":0,"gold_gain":0,"player_choice":"Leave","damage_taken":0,"max_hp_gain":0,"max_hp_loss":0,"event_name":"FaceTrader","floor":24,"gold_loss":0},{"damage_healed":0,"gold_gain":0,"player_choice":"Ignored","damage_taken":0,"max_hp_gain":0,"max_hp_loss":0,"event_name":"Tomb of Lord Red Mask","floor":36,"gold_loss":0},{"damage_healed":0,"gold_gain":0,"player_choice":"Embrace Madness","damage_taken":10,"max_hp_gain":0,"max_hp_loss":0,"event_name":"Winding Halls","floor":38,"gold_loss":0,"cards_obtained":["Madness","Madness"]},{"damage_healed":72,"gold_gain":0,"player_choice":"Heal","damage_taken":0,"max_hp_gain":0,"max_hp_loss":10,"event_name":"The Moai Head","floor":44,"gold_loss":0}],"is_beta":false,"boss_relics":[{"not_picked":["Inserter","Empty Cage"],"picked":"Nuclear Battery"},{"not_picked":["Runic Dome","Astrolabe"],"picked":"Coffee Dripper"}],"items_purged_floors":[45],"is_endless":false,"potions_floor_spawned":[1,2,12,21,22,29,30,33,35,41,46,47],"ascension_level":0}