{"gold_per_floor":[118,133,150,169,183,183,199,199,199,199,212,212,45,63,63,141,141,159,27,27,40,60,60,72,72,72,85,85,85,98,148,148,223,223,236,254,1253,316,326,326,360,0,78,78,78,98,98,116,116,116],"floor_reached":51,"playtime":3046,"items_purged":["Strike_R","Normality"],"score":1278,"play_id":"c56dd5b7-9202-42f1-82c1-73c0d822b1cb","local_time":"20190213204745","is_ascension_mode":true,"campfire_choices":[{"data":"Armaments","floor":6.0,"key":"SMITH"},{"data":"Feed","floor":8.0,"key":"SMITH"},{"data":"Feel No Pain","floor":10.0,"key":"SMITH"},{"data":"Demon Form","floor":15.0,"key":"SMITH"},{"data":"Disarm","floor":23.0,"key":"SMITH"},{"data":"True Grit","floor":25.0,"key":"SMITH"},{"data":"Battle Trance","floor":29.0,"key":"SMITH"},{"floor":32.0,"key":"REST"},{"floor":40.0,"key":"REST"},{"floor":45.0,"key":"REST"},{"floor":47.0,"key":"REST"},{"data":"Impervious","floor":49.0,"key":"SMITH"}],"neow_cost":"NONE","seed_source_timestamp":0,"circlet_count":0,"master_deck":["AscendersBane","Strike_R","Strike_R","Defend_R","Defend_R","Defend_R","Bash","Cleave","Feel No Pain+1","Perfected Strike","Armaments+1","Feed+1","Wild Strike","Demon Form+1","Reaper","Feel No Pain+1","True Grit+1","Shrug It Off","Disarm+1","Shrug It Off","Battle Trance+1","Shrug It Off","Barricade","Rampage+1","Normality","Impervious+1","Entrench","Ghostly Armor","Shrug It Off","Sword Boomerang+1","Seeing Red+1"],"special_seed":0,"relics":["Burning Blood","Darkstone Periapt","Vajra","Bag of Preparation","Snecko Eye","FaceOfCleric","Molten Egg 2","Bottled Tornado","Empty Cage","Strange Spoon","Centennial Puzzle","PreservedInsect","Red Skull","Red Mask","Gremlin Horn"],"potions_floor_usage":[50,50],"damage_taken":[{"damage":1.0,"enemies":"Cultist","floor":1.0,"turns":3.0},{"damage":14.0,"enemies":"Jaw Worm","floor":2.0,"turns":5.0},{"damage":0.0,"enemies":"Small Slimes","floor":3.0,"turns":2.0},{"damage":3.0,"enemies":"Exordium Wildlife","floor":4.0,"turns":3.0},{"damage":0.0,"enemies":"Looter","floor":5.0,"turns":2.0},{"damage":11.0,"enemies":"Blue Slaver","floor":7.0,"turns":7.0},{"damage":5.0,"enemies":"Lots of Slimes","floor":11.0,"turns":5.0},{"damage":8.0,"enemies":"Exordium Wildlife","floor":14.0,"turns":5.0},{"damage":33.0,"enemies":"Slime Boss","floor":16.0,"turns":5.0},{"damage":0.0,"enemies":"Chosen","floor":18.0,"turns":3.0},{"damage":39.0,"enemies":"2 Thieves","floor":21.0,"turns":4.0},{"damage":31.0,"enemies":"Snake Plant","floor":22.0,"turns":6.0},{"damage":4.0,"enemies":"Centurion and Healer","floor":24.0,"turns":7.0},{"damage":12.0,"enemies":"Chosen and Byrds","floor":27.0,"turns":6.0},{"damage":84.0,"enemies":"3 Cultists","floor":30.0,"turns":8.0},{"damage":55.0,"enemies":"Automaton","floor":33.0,"turns":8.0},{"damage":11.0,"enemies":"3 Shapes","floor":35.0,"turns":6.0},{"damage":80.0,"enemies":"3 Darklings","floor":36.0,"turns":6.0},{"damage":30.0,"enemies":"4 Shapes","floor":39.0,"turns":14.0},{"damage":116.0,"enemies":"Giant Head","floor":41.0,"turns":12.0},{"damage":18.0,"enemies":"Maw","floor":46.0,"turns":16.0},{"damage":25.0,"enemies":"Transient","floor":48.0,"turns":6.0},{"damage":116,"enemies":"Donu and Deca","floor":50,"turns":11}],"seed_played":"4146561906441780773","potions_obtained":[{"floor":2.0,"key":"PowerPotion"},{"floor":3.0,"key":"Block Potion"},{"floor":5.0,"key":"Block Potion"},{"floor":16.0,"key":"Block Potion"},{"floor":24.0,"key":"PowerPotion"},{"floor":27.0,"key":"BloodPotion"},{"floor":30.0,"key":"Weak Potion"},{"floor":33.0,"key":"SkillPotion"},{"floor":41.0,"key":"AttackPotion"},{"floor":46.0,"key":"Swift Potion"}],"is_trial":false,"path_per_floor":["M","M","M","M","M","R","M","R","T","R","M","T","$","M","R","B",null,"M","$","?","M","M","R","M","R","T","M","T","R","M","?","R","B",null,"M","M","?","$","M","R","E","?","T","?","R","M","R","M","R","B",null],"character_chosen":"IRONCLAD","items_purchased":["Bag of Preparation","True Grit","Impervious","Strange Spoon","Centennial Puzzle","Entrench","PreservedInsect","Block Potion","Strength Potion"],"campfire_rested":4,"item_purchase_floors":[13,19,38,38,38,38,38,38,38],"current_hp_per_floor":[80,72,78,81,82,82,77,77,77,77,82,82,82,80,80,57,82,90,90,90,74,67,67,84,84,84,108,108,108,55,55,89,75,109,119,89,101,101,105,150,41,41,41,41,86,109,153,149,149,117],"gold":116,"neow_bonus":"TEN_PERCENT_HP_BONUS","is_prod":false,"is_daily":false,"chose_seed":false,"campfire_upgraded":8,"win_rate":0,"timestamp":1550108865,"path_taken":["M","?","M","M","M","R","M","R","T","R","M","?","?","M","R","BOSS","M","?","?","?","M","R","M","R","T","M","?","R","?","?","R","BOSS","M","M","?","$","M","R","E","?","T","?","R","M","R","M","R","BOSS"],"build_version":"2019-02-06","purchased_purges":2,"victory":true,"max_hp_per_floor":[82,82,82,82,82,82,82,82,82,82,86,86,86,86,86,90,90,90,90,90,95,100,100,105,105,105,110,110,110,115,115,115,120,120,125,126,138,138,151,151,152,152,152,152,152,153,153,154,154,159],"card_choices":[{"not_picked":["Iron Wave","Pommel Strike"],"picked":"Cleave","floor":1.0},{"not_picked":["Rupture","Pummel"],"picked":"Feel No Pain","floor":2.0},{"not_picked":["Flex","Wild Strike"],"picked":"Perfected Strike","floor":3.0},{"not_picked":["Cleave","Flex"],"picked":"Armaments","floor":4.0},{"not_picked":["Sword Boomerang","Twin Strike","Anger"],"picked":"SKIP","floor":5.0},{"not_picked":["Searing Blow","Blood for Blood"],"picked":"Feed","floor":7.0},{"not_picked":["Armaments","Heavy Blade"],"picked":"Wild Strike","floor":11.0},{"not_picked":["Dropkick","Uppercut"],"picked":"Demon Form","floor":14.0},{"not_picked":["Dark Embrace","Brutality"],"picked":"Reaper","floor":16.0},{"not_picked":["Shrug It Off","Hemokinesis"],"picked":"Feel No Pain+1","floor":18.0},{"not_picked":["Heavy Blade","Burning Pact"],"picked":"Shrug It Off","floor":21.0},{"not_picked":["Heavy Blade","Metallicize"],"picked":"Disarm","floor":22.0},{"not_picked":["Carnage","True Grit"],"picked":"Shrug It Off","floor":24.0},{"not_picked":["Inflame","Iron Wave+1"],"picked":"Battle Trance","floor":27.0},{"not_picked":["Thunderclap+1","Sword Boomerang+1"],"picked":"Shrug It Off","floor":30.0},{"not_picked":["Juggernaut","Immolate+1"],"picked":"Barricade","floor":33.0},{"not_picked":["Warcry","Headbutt+1"],"picked":"Rampage+1","floor":35.0},{"not_picked":["Thunderclap+1","Battle Trance","Clothesline+1"],"picked":"SKIP","floor":36.0},{"not_picked":["Heavy Blade+1","Armaments"],"picked":"Ghostly Armor","floor":39.0},{"not_picked":["Cleave+1","Armaments"],"picked":"Shrug It Off","floor":41.0},{"not_picked":["Cleave+1","Wild Strike+1"],"picked":"Sword Boomerang+1","floor":46.0},{"not_picked":["Fire Breathing","Twin Strike+1"],"picked":"Seeing Red+1","floor":48.0}],"player_experience":954297,"relics_obtained":[{"floor":9.0,"key":"Darkstone Periapt"},{"floor":12.0,"key":"Vajra"},{"floor":26.0,"key":"Molten Egg 2"},{"floor":28.0,"key":"Bottled Tornado"},{"floor":41.0,"key":"Red Skull"},{"floor":43.0,"key":"Gremlin Horn"}],"event_choices":[{"damage_healed":0.0,"max_hp_gain":0.0,"max_hp_loss":0.0,"gold_gain":0.0,"event_name":"FaceTrader","player_choice":"Trade","floor":20.0,"gold_loss":0.0,"damage_taken":0.0,"relics_obtained":["FaceOfCleric"]},{"damage_healed":0.0,"max_hp_gain":0.0,"max_hp_loss":0.0,"gold_gain":50.0,"event_name":"Nest","player_choice":"Stole From Cult","floor":31.0,"gold_loss":0.0,"damage_taken":0.0},{"damage_healed":0.0,"max_hp_gain":0.0,"max_hp_loss":0.0,"gold_gain":999.0,"event_name":"MindBloom","player_choice":"Gold","floor":37.0,"gold_loss":0.0,"damage_taken":0.0,"cards_obtained":["Normality","Normality"]},{"damage_healed":0.0,"max_hp_gain":0.0,"max_hp_loss":0.0,"gold_gain":0.0,"event_name":"Tomb of Lord Red Mask","player_choice":"Paid","floor":42.0,"gold_loss":360.0,"damage_taken":0.0,"relics_obtained":["Red Mask"]},{"cards_removed":["Defend_R"],"damage_healed":0.0,"max_hp_gain":0.0,"max_hp_loss":0.0,"gold_gain":0.0,"event_name":"Falling","player_choice":"Removed Skill","floor":44.0,"gold_loss":0.0,"damage_taken":0.0}],"is_beta":true,"boss_relics":[{"not_picked":["Orrery","Black Star"],"picked":"Snecko Eye"},{"not_picked":["Runic Dome","Sozu"],"picked":"Empty Cage"}],"items_purged_floors":[19,38],"is_endless":false,"potions_floor_spawned":[2,3,5,16,24,27,30,33,41,46,48],"ascension_level":17}