{"gold_per_floor":[116,129,142,142,153,153,153,163,211,211,224,224,238,250,250,250],"floor_reached":16,"playtime":606,"items_purged":[],"score":163,"play_id":"dd89bb91-1d31-41c6-97bb-00be9accdb93","local_time":"20190115084932","is_ascension_mode":true,"campfire_choices":[{"data":"Neutralize","floor":6.0,"key":"SMITH"},{"data":"Flechettes","floor":10.0,"key":"SMITH"},{"data":"Leg Sweep","floor":12.0,"key":"SMITH"},{"floor":15.0,"key":"REST"}],"neow_cost":"NONE","seed_source_timestamp":394165994954342,"circlet_count":0,"master_deck":["AscendersBane","Defend_G","Defend_G","Defend_G","Defend_G","Defend_G","Strike_G","Strike_G","Strike_G","Survivor","Neutralize+1","Dramatic Entrance","PiercingWail","Infinite Blades","Flechettes+1","Terror","PiercingWail","Crippling Poison","Leg Sweep+1","Dodge and Roll","Skewer"],"special_seed":0,"relics":["Ring of the Snake","Potion Belt"],"potions_floor_usage":[],"damage_taken":[{"damage":0.0,"enemies":"2 Louse","floor":1.0,"turns":3.0},{"damage":0.0,"enemies":"Small Slimes","floor":2.0,"turns":3.0},{"damage":0.0,"enemies":"Jaw Worm","floor":3.0,"turns":5.0},{"damage":20.0,"enemies":"Gremlin Gang","floor":5.0,"turns":5.0},{"damage":0.0,"enemies":"Large Slime","floor":8.0,"turns":7.0},{"damage":2.0,"enemies":"3 Louse","floor":11.0,"turns":2.0},{"damage":9.0,"enemies":"Lots of Slimes","floor":13.0,"turns":3.0},{"damage":16.0,"enemies":"Exordium Thugs","floor":14.0,"turns":6.0},{"damage":0,"enemies":"The Guardian","floor":16,"turns":1}],"seed_played":"-2458527389909888855","potions_obtained":[{"floor":1.0,"key":"Energy Potion"},{"floor":2.0,"key":"FearPotion"},{"floor":8.0,"key":"PowerPotion"}],"is_trial":false,"path_per_floor":["M","M","M","?","M","R","?","M","T","R","M","R","M","M","R","B"],"character_chosen":"THE_SILENT","items_purchased":[],"campfire_rested":1,"item_purchase_floors":[],"current_hp_per_floor":[59,59,59,59,39,39,32,32,32,32,30,30,21,5,24,24],"gold":250,"neow_bonus":"RANDOM_COLORLESS","is_prod":false,"is_daily":false,"chose_seed":false,"campfire_upgraded":3,"win_rate":0,"timestamp":1547560172,"path_taken":["M","M","M","?","M","R","?","?","T","R","M","R","?","M","R","BOSS"],"build_version":"2019-01-14v2","purchased_purges":0,"victory":false,"max_hp_per_floor":[66,66,66,66,66,66,66,66,66,66,66,66,66,66,66,66],"card_choices":[{"not_picked":["Tactician","Cloak And Dagger"],"picked":"PiercingWail","floor":1.0},{"not_picked":["PiercingWail","Dagger Spray"],"picked":"Infinite Blades","floor":2.0},{"not_picked":["Dodge and Roll","Flying Knee"],"picked":"Flechettes","floor":3.0},{"not_picked":["Bouncing Flask","Poisoned Stab"],"picked":"PiercingWail","floor":5.0},{"not_picked":["Acrobatics","Deflect"],"picked":"Crippling Poison","floor":8.0},{"not_picked":["Accuracy","Acrobatics"],"picked":"Leg Sweep","floor":11.0},{"not_picked":["Riddle With Holes","Prepared"],"picked":"Dodge and Roll","floor":13.0},{"not_picked":["Dagger Throw","Poisoned Stab"],"picked":"Skewer","floor":14.0}],"player_experience":816663,"relics_obtained":[{"floor":9.0,"key":"Potion Belt"}],"event_choices":[{"damage_healed":0.0,"max_hp_gain":0.0,"max_hp_loss":0.0,"gold_gain":0.0,"cards_transformed":["Strike_G"],"event_name":"Living Wall","player_choice":"Change","floor":4.0,"gold_loss":0.0,"damage_taken":0.0,"cards_obtained":["Terror"]},{"cards_removed":["Strike_G"],"damage_healed":0.0,"max_hp_gain":0.0,"max_hp_loss":0.0,"gold_gain":0.0,"event_name":"Golden Wing","player_choice":"Card Removal","floor":7.0,"gold_loss":0.0,"damage_taken":7.0}],"is_beta":true,"boss_relics":[],"items_purged_floors":[],"is_endless":false,"potions_floor_spawned":[1,2,8],"killed_by":"The Guardian","ascension_level":14}