{"gold_per_floor":[115,115,115,168,180,180,199,199,273,289,120,146,156,172,172,268,268,282,299,299,299,316,316,342,342,342,360,373,373],"floor_reached":29,"playtime":1342,"items_purged":[],"score":247,"play_id":"da2ff0ce-6996-422f-bc59-b4b2a6c2709c","local_time":"20190705121536","is_ascension_mode":false,"campfire_choices":[{"data":"Lockon","floor":6,"key":"SMITH"},{"data":"Double Energy","floor":8,"key":"SMITH"},{"floor":15,"key":"REST"},{"floor":23,"key":"REST"}],"neow_cost":"NONE","seed_source_timestamp":1159003356256707,"circlet_count":0,"master_deck":["Strike_B+1","Strike_B+1","Strike_B+1","Strike_B+1","Defend_B+1","Defend_B+1","Defend_B+1","Defend_B+1","Zap","Dualcast+1","Beam Cell","Streamline","Lockon+1","Double Energy+1","Redo","Self Repair","Beam Cell","Genetic Algorithm+1","Sunder","Conserve Battery","Creative AI","Defragment","Redo","Gash+1","FTL","Decay","Go for the Eyes","Go for the Eyes"],"relics":["Cracked Core","Ginger","Strawberry","Bottled Lightning","War Paint","Runic Pyramid","Mummified Hand","Thread and Needle","Bottled Tornado"],"potions_floor_usage":[14,27],"damage_taken":[{"damage":3,"enemies":"Small Slimes","floor":1,"turns":2},{"damage":8,"enemies":"Jaw Worm","floor":5,"turns":3},{"damage":8,"enemies":"2 Louse","floor":7,"turns":2},{"damage":14,"enemies":"2 Fungi Beasts","floor":10,"turns":3},{"damage":29,"enemies":"Gremlin Nob","floor":12,"turns":4},{"damage":7,"enemies":"Gremlin Gang","floor":13,"turns":4},{"damage":0,"enemies":"Large Slime","floor":14,"turns":3},{"damage":41,"enemies":"Slime Boss","floor":16,"turns":7},{"damage":14,"enemies":"Chosen","floor":18,"turns":6},{"damage":43,"enemies":"3 Byrds","floor":19,"turns":6},{"damage":17,"enemies":"Sentry and Sphere","floor":22,"turns":4},{"damage":32,"enemies":"Book of Stabbing","floor":24,"turns":5},{"damage":1,"enemies":"Snecko","floor":27,"turns":3},{"damage":14,"enemies":"Cultist and Chosen","floor":28,"turns":5},{"damage":65,"enemies":"Slavers","floor":29,"turns":3}],"seed_played":"-1636796000693527321","potions_obtained":[{"floor":5,"key":"SteroidPotion"},{"floor":12,"key":"SpeedPotion"},{"floor":13,"key":"Ancient Potion"},{"floor":19,"key":"EntropicBrew"},{"floor":24,"key":"FairyPotion"},{"floor":28,"key":"FairyPotion"}],"is_trial":false,"path_per_floor":["M","?","T","?","M","R","M","R","T","M","$","E","M","M","R","B",null,"M","M","?","?","M","R","E","?","T","M","M","E"],"character_chosen":"DEFECT","items_purchased":["Self Repair","Beam Cell","Genetic Algorithm"],"campfire_rested":2,"item_purchase_floors":[11,11,11],"current_hp_per_floor":[72,65,72,72,64,64,56,56,56,42,42,20,20,20,44,10,82,75,39,39,39,29,53,28,28,28,34,27,0],"gold":373,"neow_bonus":"THREE_CARDS","is_prod":false,"is_daily":false,"chose_seed":false,"campfire_upgraded":2,"win_rate":0,"timestamp":1562346936,"path_taken":["M","?","?","?","M","R","?","R","T","M","$","E","M","M","R","BOSS","M","M","?","?","?","R","E","?","T","M","M","E"],"build_version":"2019-07-01","purchased_purges":0,"victory":false,"max_hp_per_floor":[75,75,82,82,82,82,82,82,82,82,82,82,82,82,82,82,82,82,82,82,82,82,82,82,82,82,82,82,82],"card_choices":[{"not_picked":["Cold Snap","Coolheaded"],"picked":"Beam Cell","floor":0},{"not_picked":["Beam Cell","Cold Snap"],"picked":"Streamline","floor":1},{"not_picked":["Coolheaded","Auto Shields"],"picked":"Lockon","floor":5},{"not_picked":["Redo","Barrage"],"picked":"Double Energy","floor":7},{"not_picked":["Chaos","Barrage"],"picked":"Redo","floor":10},{"not_picked":["Hello World","Steam Power"],"picked":"Sunder","floor":12},{"not_picked":["Barrage","Chill"],"picked":"Conserve Battery","floor":13},{"not_picked":["Streamline","Fusion","Coolheaded"],"picked":"SKIP","floor":14},{"not_picked":["Fission","Reboot"],"picked":"Creative AI","floor":16},{"not_picked":["Go for the Eyes","FTL"],"picked":"Defragment","floor":18},{"not_picked":["Steam","Rebound"],"picked":"Redo","floor":19},{"not_picked":["Reprogram","Rebound"],"picked":"Gash+1","floor":22},{"not_picked":["Go for the Eyes","Coolheaded"],"picked":"FTL","floor":24},{"not_picked":["Core Surge","Reinforced Body"],"picked":"Go for the Eyes","floor":27},{"not_picked":["Leap","Stack"],"picked":"Go for the Eyes","floor":28}],"player_experience":120776,"relics_obtained":[{"floor":3,"key":"Strawberry"},{"floor":9,"key":"Bottled Lightning"},{"floor":12,"key":"War Paint"},{"floor":24,"key":"Thread and Needle"},{"floor":26,"key":"Bottled Tornado"}],"event_choices":[{"damage_healed":0,"gold_gain":0,"player_choice":"Success","damage_taken":7,"relics_obtained":["Ginger"],"max_hp_gain":0,"max_hp_loss":0,"event_name":"Scrap Ooze","floor":2,"gold_loss":0},{"damage_healed":0,"gold_gain":53,"player_choice":"Gained Gold","damage_taken":0,"max_hp_gain":0,"max_hp_loss":0,"event_name":"Golden Wing","floor":4,"gold_loss":0},{"damage_healed":0,"gold_gain":0,"player_choice":"Opened","damage_taken":0,"relics_obtained":["Mummified Hand"],"max_hp_gain":0,"max_hp_loss":0,"event_name":"The Mausoleum","floor":20,"gold_loss":0},{"damage_healed":0,"gold_gain":0,"player_choice":"Simplicity","damage_taken":0,"max_hp_gain":0,"max_hp_loss":0,"event_name":"Back to Basics","floor":21,"gold_loss":0,"cards_upgraded":["Strike_B","Strike_B","Strike_B","Strike_B","Defend_B","Defend_B","Defend_B","Defend_B"]},{"damage_healed":0,"gold_gain":0,"player_choice":"Smashed Altar","damage_taken":0,"max_hp_gain":0,"max_hp_loss":0,"event_name":"Forgotten Altar","floor":25,"gold_loss":0,"cards_obtained":["Decay"]}],"is_beta":false,"boss_relics":[{"not_picked":["Fusion Hammer","White Beast Statue"],"picked":"Runic Pyramid"}],"items_purged_floors":[],"is_endless":false,"potions_floor_spawned":[5,12,13,19,22,24,28],"killed_by":"Slavers","ascension_level":0}