{"gold_per_floor":[362,53,53,71,83,83,114,114,159,185,185,217,234,234,234,337,337,357,373,49,99,149,149],"floor_reached":23,"playtime":1172,"items_purged":[],"score":238,"play_id":"32ae6ba2-aa50-417b-9647-d65904154578","local_time":"20190622230900","is_ascension_mode":true,"campfire_choices":[{"floor":6.0,"key":"RECALL"},{"data":"Whirlwind","floor":8.0,"key":"SMITH"},{"floor":11.0,"key":"REST"},{"floor":15.0,"key":"REST"}],"neow_cost":"PERCENT_DAMAGE","seed_source_timestamp":88430667169300,"circlet_count":0,"master_deck":["Strike_R","Strike_R","Strike_R","Strike_R","Strike_R","Defend_R","Defend_R","Defend_R","Defend_R","Bash","Thunderclap","Whirlwind+1","Shockwave+1","Second Wind+1","Blood for Blood","Limit Break+1","Dual Wield+1","Clash","Armaments+1","Body Slam","Demon Form","Armaments+1","Heavy Blade","Shrug It Off+1","Violence+1"],"special_seed":0,"relics":["Burning Blood","Toxic Egg 2","Dream Catcher","Boot","StoneCalendar","SsserpentHead","Philosopher\u0027s Stone","Juzu Bracelet"],"potions_floor_usage":[],"damage_taken":[{"damage":8.0,"enemies":"Jaw Worm","floor":1.0,"turns":5.0},{"damage":0.0,"enemies":"Small Slimes","floor":4.0,"turns":3.0},{"damage":2.0,"enemies":"Cultist","floor":5.0,"turns":4.0},{"damage":22.0,"enemies":"Gremlin Nob","floor":7.0,"turns":5.0},{"damage":25.0,"enemies":"3 Sentries","floor":10.0,"turns":6.0},{"damage":41.0,"enemies":"Lagavulin","floor":12.0,"turns":8.0},{"damage":1.0,"enemies":"Looter","floor":13.0,"turns":3.0},{"damage":21.0,"enemies":"Slime Boss","floor":16.0,"turns":7.0},{"damage":26.0,"enemies":"Shell Parasite","floor":18.0,"turns":5.0},{"damage":38.0,"enemies":"2 Thieves","floor":19.0,"turns":4.0},{"damage":70,"enemies":"Gremlin Leader","floor":23,"turns":6}],"seed_played":"2272134212239523663","potions_obtained":[{"floor":1.0,"key":"SteroidPotion"},{"floor":5.0,"key":"Poison Potion"},{"floor":10.0,"key":"BloodPotion"},{"floor":12.0,"key":"SteroidPotion"},{"floor":16.0,"key":"Swift Potion"}],"is_trial":false,"path_per_floor":["M","$","?","M","M","R","E","R","T","E","R","E","M","?","R","B",null,"M","M","$","?","?","E"],"character_chosen":"IRONCLAD","items_purchased":["Toxic Egg 2","Whirlwind","Shrug It Off+1","Juzu Bracelet","Violence+1"],"campfire_rested":2,"item_purchase_floors":[2,2,20,20,20],"current_hp_per_floor":[54,54,59,65,69,69,53,53,53,34,59,24,29,29,54,39,85,65,41,41,69,69,0],"gold":149,"neow_bonus":"TWO_FIFTY_GOLD","is_prod":false,"is_daily":false,"chose_seed":false,"campfire_upgraded":1,"win_rate":0,"timestamp":1561259340,"path_taken":["M","$","?","M","M","R","E","R","T","E","R","E","M","?","R","BOSS","M","M","?","?","?","E"],"build_version":"2019-01-23","purchased_purges":0,"victory":false,"max_hp_per_floor":[80,80,85,85,85,85,85,85,85,85,85,85,85,85,85,85,85,85,85,85,85,85,85],"card_choices":[{"not_picked":["Fire Breathing","Wild Strike"],"picked":"Thunderclap","floor":1.0},{"not_picked":["Rampage","Thunderclap"],"picked":"Shockwave+1","floor":4.0},{"not_picked":["True Grit+1","Thunderclap"],"picked":"Second Wind+1","floor":5.0},{"not_picked":["Corruption","Iron Wave"],"picked":"Blood for Blood","floor":7.0},{"not_picked":["Anger","Headbutt"],"picked":"Limit Break+1","floor":10.0},{"not_picked":["Twin Strike","Burning Pact+1"],"picked":"Dual Wield+1","floor":11.0},{"not_picked":["Dropkick","Searing Blow"],"picked":"Clash","floor":12.0},{"not_picked":["Reckless Charge","Twin Strike"],"picked":"Armaments+1","floor":13.0},{"not_picked":["Pommel Strike","Havoc+1"],"picked":"Body Slam","floor":15.0},{"not_picked":["Reaper","Double Tap+1"],"picked":"Demon Form","floor":16.0},{"not_picked":["Havoc+1","Heavy Blade"],"picked":"Armaments+1","floor":18.0},{"not_picked":["Sever Soul+1","Iron Wave"],"picked":"Heavy Blade","floor":19.0}],"player_experience":499175,"relics_obtained":[{"floor":7.0,"key":"Dream Catcher"},{"floor":10.0,"key":"Boot"},{"floor":12.0,"key":"StoneCalendar"}],"event_choices":[{"damage_healed":0.0,"max_hp_gain":5.0,"max_hp_loss":0.0,"gold_gain":0.0,"event_name":"Big Fish","player_choice":"Donut","floor":3.0,"gold_loss":0.0,"damage_taken":0.0},{"damage_healed":0.0,"max_hp_gain":0.0,"max_hp_loss":0.0,"gold_gain":0.0,"event_name":"FaceTrader","player_choice":"Trade","floor":14.0,"gold_loss":0.0,"damage_taken":0.0,"relics_obtained":["SsserpentHead"]},{"damage_healed":28.0,"max_hp_gain":0.0,"max_hp_loss":0.0,"gold_gain":0.0,"event_name":"The Library","player_choice":"Heal","floor":21.0,"gold_loss":0.0,"damage_taken":0.0},{"damage_healed":0.0,"max_hp_gain":0.0,"max_hp_loss":0.0,"gold_gain":0.0,"event_name":"The Mausoleum","player_choice":"Ignored","floor":22.0,"gold_loss":0.0,"damage_taken":0.0}],"is_beta":false,"boss_relics":[{"not_picked":["Coffee Dripper","Velvet Choker"],"picked":"Philosopher\u0027s Stone"}],"items_purged_floors":[],"is_endless":false,"potions_floor_spawned":[1,5,10,12,16],"killed_by":"Gremlin Leader","ascension_level":3}