{"gold_per_floor":[115,115,265,340,350,350,17,17,43,43,43,58,74,107,107,107],"floor_reached":16,"playtime":719,"items_purged":["Strike_B"],"score":186,"play_id":"8128656e-0787-469b-9dad-49fc47164108","local_time":"20190206144641","is_ascension_mode":true,"campfire_choices":[{"data":"Glacier","floor":6,"key":"SMITH"},{"data":"Zap","floor":11,"key":"SMITH"},{"data":"Reinforced Body","floor":15,"key":"SMITH"}],"neow_cost":"NONE","seed_source_timestamp":694777100998885,"circlet_count":0,"master_deck":["AscendersBane","Strike_B","Strike_B","Defend_B","Defend_B","Defend_B","Defend_B","Zap+1","Dualcast","Glacier+1","Cold Snap","Coolheaded","Cold Snap","Reinforced Body+1","Heatsinks","Self Repair"],"relics":["Cracked Core","Omamori","Bag of Preparation","Bag of Marbles","Mummified Hand","WingedGreaves"],"potions_floor_usage":[14],"damage_taken":[{"damage":4,"enemies":"Small Slimes","floor":1,"turns":3},{"damage":1,"enemies":"Jaw Worm","floor":5,"turns":5},{"damage":0,"enemies":"2 Louse","floor":12,"turns":2},{"damage":7,"enemies":"Large Slime","floor":13,"turns":8},{"damage":26,"enemies":"Lagavulin","floor":14,"turns":16},{"damage":17,"enemies":"The Guardian","floor":16,"turns":21}],"seed_played":"3639298217300974161","potions_obtained":[{"floor":1,"key":"Block Potion"}],"is_trial":false,"path_per_floor":["M","?","?","?","M","R","$","?","T","T","R","M","M","E","R","B"],"character_chosen":"DEFECT","items_purchased":["Coolheaded","Cold Snap","Bag of Preparation"],"campfire_rested":0,"item_purchase_floors":[7,7,7],"current_hp_per_floor":[60,60,60,49,48,48,48,48,48,48,48,48,41,15,15,0],"gold":107,"neow_bonus":"RANDOM_COMMON_RELIC","is_prod":false,"is_daily":false,"chose_seed":false,"campfire_upgraded":3,"win_rate":0,"timestamp":1549482401,"path_taken":["M","?","?","?","M","R","$","?","T","?","R","M","M","E","R","BOSS"],"build_version":"2019-01-23","purchased_purges":1,"victory":false,"max_hp_per_floor":[71,71,71,71,71,71,71,71,71,71,71,71,71,71,71,71],"card_choices":[{"not_picked":["Steam","Barrage"],"picked":"Glacier","floor":1},{"not_picked":["Consume","Stack"],"picked":"Cold Snap","floor":5},{"not_picked":["Double Energy","Barrage"],"picked":"Reinforced Body","floor":12},{"not_picked":["Compile Driver","Storm"],"picked":"Heatsinks","floor":13},{"not_picked":["Go for the Eyes","Scrape"],"picked":"Self Repair","floor":14}],"player_experience":920394,"relics_obtained":[{"floor":9,"key":"Bag of Marbles"},{"floor":10,"key":"Mummified Hand"},{"floor":14,"key":"WingedGreaves"}],"event_choices":[{"cards_removed":["Strike_B"],"damage_healed":0,"gold_gain":0,"player_choice":"Forget","damage_taken":0,"max_hp_gain":0,"max_hp_loss":0,"event_name":"Living Wall","floor":2,"gold_loss":0},{"damage_healed":0,"gold_gain":150,"player_choice":"AGREE","damage_taken":0,"max_hp_gain":0,"max_hp_loss":0,"event_name":"Liars Game","floor":3,"gold_loss":0,"cards_obtained":["Doubt"]},{"damage_healed":0,"gold_gain":75,"player_choice":"Gather Gold","damage_taken":11,"max_hp_gain":0,"max_hp_loss":0,"event_name":"World of Goop","floor":4,"gold_loss":0},{"damage_healed":0,"gold_gain":0,"player_choice":"Leave","damage_taken":0,"max_hp_gain":0,"max_hp_loss":0,"event_name":"The Cleric","floor":8,"gold_loss":0}],"is_beta":true,"boss_relics":[],"items_purged_floors":[7],"is_endless":false,"potions_floor_spawned":[1],"killed_by":"The Guardian","ascension_level":18}