{"gold_per_floor":[113,129,142,142,156,187,200,200,200,200,200,216,216,231,231,350,350,370,370,469,162,162,162],"floor_reached":23,"playtime":992,"items_purged":[],"score":273,"play_id":"29c69d48-72e8-458d-9caf-0cce0028eae9","local_time":"20181130011249","is_ascension_mode":true,"campfire_choices":[{"floor":8,"key":"REST"},{"data":"Bash","floor":10,"key":"SMITH"},{"data":"Uppercut","floor":13,"key":"SMITH"},{"floor":15,"key":"REST"}],"neow_cost":"NONE","seed_source_timestamp":123339024562966,"circlet_count":0,"master_deck":["Defend_R","Defend_R","Defend_R","Defend_R","Bash+1","Shrug It Off","Flex","Pummel","Infernal Blade","Inflame","Uppercut+1","Pummel","Demon Form","Body Slam","Bite","Bite","Bite","Bite","Bite"],"relics":["Burning Blood","Regal Pillow","Golden Idol","StoneCalendar","Centennial Puzzle","Juzu Bracelet","Eternal Feather","Pocketwatch"],"potions_floor_usage":[16,23,23],"damage_taken":[{"damage":1,"enemies":"Cultist","floor":1,"turns":4},{"damage":5,"enemies":"2 Louse","floor":2,"turns":4},{"damage":4,"enemies":"Small Slimes","floor":3,"turns":4},{"damage":9,"enemies":"Looter","floor":5,"turns":4},{"damage":34,"enemies":"Gremlin Nob","floor":6,"turns":4},{"damage":11,"enemies":"Blue Slaver","floor":7,"turns":5},{"damage":18,"enemies":"Exordium Wildlife","floor":12,"turns":5},{"damage":16,"enemies":"Exordium Thugs","floor":14,"turns":5},{"damage":22,"enemies":"Slime Boss","floor":16,"turns":9},{"damage":31,"enemies":"3 Byrds","floor":18,"turns":7},{"damage":56,"enemies":"Slavers","floor":23,"turns":3}],"seed_played":"-4255444354997790163","potions_obtained":[{"floor":12,"key":"Poison Potion"},{"floor":14,"key":"Fire Potion"},{"floor":16,"key":"Energy Potion"}],"is_trial":false,"path_per_floor":["M","M","M","?","M","E","M","R","T","R","?","M","R","M","R","B",null,"M","?","?","$","?","E"],"character_chosen":"IRONCLAD","items_purchased":["Pocketwatch"],"campfire_rested":2,"item_purchase_floors":[21],"current_hp_per_floor":[77,78,80,60,57,29,24,63,63,63,63,51,51,41,80,64,76,51,51,51,51,42,0],"gold":162,"neow_bonus":"RANDOM_COMMON_RELIC","is_prod":false,"is_daily":false,"chose_seed":false,"campfire_upgraded":2,"win_rate":0,"timestamp":1543558369,"path_taken":["M","?","M","?","M","E","M","R","T","R","?","M","R","M","R","BOSS","M","?","?","$","?","E"],"build_version":"2018-11-15","purchased_purges":0,"victory":false,"max_hp_per_floor":[80,80,80,80,80,80,80,80,80,80,80,80,80,80,80,80,80,80,56,56,56,61,61],"card_choices":[{"not_picked":["True Grit","Armaments"],"picked":"Shrug It Off","floor":1},{"not_picked":["Combust","Anger"],"picked":"Flex","floor":2},{"not_picked":["Iron Wave","Power Through"],"picked":"Pummel","floor":3},{"not_picked":["Rupture","Flex"],"picked":"Infernal Blade","floor":5},{"not_picked":["Thunderclap","Rupture"],"picked":"Inflame","floor":6},{"not_picked":["Hemokinesis","Anger"],"picked":"Pommel Strike","floor":7},{"not_picked":["Battle Trance","Carnage"],"picked":"Uppercut","floor":12},{"not_picked":["Perfected Strike","Pommel Strike"],"picked":"Pummel","floor":14},{"not_picked":["Double Tap","Brutality"],"picked":"Demon Form","floor":16},{"not_picked":["Pommel Strike","Havoc"],"picked":"Body Slam","floor":18}],"player_experience":548345,"relics_obtained":[{"floor":6,"key":"StoneCalendar"},{"floor":9,"key":"Centennial Puzzle"}],"event_choices":[{"damage_healed":0,"gold_gain":0,"player_choice":"Take Damage","damage_taken":20,"relics_obtained":["Golden Idol"],"max_hp_gain":0,"max_hp_loss":0,"event_name":"Golden Idol","floor":4,"gold_loss":0},{"cards_removed":["Pommel Strike"],"damage_healed":0,"gold_gain":0,"player_choice":"Gave Card","damage_taken":0,"relics_obtained":["Juzu Bracelet"],"max_hp_gain":0,"max_hp_loss":0,"event_name":"WeMeetAgain","floor":11,"gold_loss":0},{"damage_healed":0,"gold_gain":0,"player_choice":"Became a vampire","damage_taken":0,"max_hp_gain":0,"max_hp_loss":24,"event_name":"Vampires","floor":19,"gold_loss":0,"cards_obtained":["Bite","Bite","Bite","Bite","Bite"]},{"damage_healed":0,"gold_gain":99,"player_choice":"Stole From Cult","damage_taken":0,"max_hp_gain":0,"max_hp_loss":0,"event_name":"Nest","floor":20,"gold_loss":0},{"damage_healed":0,"gold_gain":0,"player_choice":"Shed Blood","damage_taken":14,"max_hp_gain":5,"max_hp_loss":0,"event_name":"Forgotten Altar","floor":22,"gold_loss":0}],"is_beta":true,"boss_relics":[{"not_picked":["Runic Pyramid","Sozu"],"picked":"Eternal Feather"}],"items_purged_floors":[],"is_endless":false,"potions_floor_spawned":[12,14,16],"killed_by":"Slavers","ascension_level":6}