{"gold_per_floor":[109,109,127,140,150,150,64,99,122,43,71,81,100,200,200,300,300,319,333,64,137,37,37,37,37,37,37,50,65,65,91,91,91],"floor_reached":33,"playtime":3607,"items_purged":["Strike_G","Defend_G"],"score":275,"play_id":"aed2a33c-cbfc-4f17-96d4-a50e1609fa5f","local_time":"20190203114309","is_ascension_mode":false,"campfire_choices":[{"data":"Blade Dance","floor":6.0,"key":"SMITH"},{"data":"Accuracy","floor":15.0,"key":"SMITH"},{"data":"Finisher","floor":23.0,"key":"SMITH"},{"data":"Burst","floor":25.0,"key":"SMITH"},{"data":"Dark Shackles","floor":30,"key":"SMITH"},{"data":"Accuracy","floor":32,"key":"SMITH"}],"neow_cost":"NONE","seed_source_timestamp":0,"circlet_count":0,"master_deck":["Defend_G+1","Defend_G+1","Defend_G+1","Defend_G+1","Strike_G+1","Strike_G+1","Strike_G+1","Strike_G+1","Survivor","Neutralize","Slice+1","Blade Dance+1","Slice","Dark Shackles+1","A Thousand Cuts","Accuracy+1","Infinite Blades","Finisher+1","Infinite Blades","Burst+1","Accuracy+1","Outmaneuver","Slice","PiercingWail+1"],"special_seed":0,"relics":["Coffee Dripper","Happy Flower","PreservedInsect","Vajra","Runic Pyramid","Question Card","Dead Branch","Anchor"],"potions_floor_usage":[33],"damage_taken":[{"damage":3.0,"enemies":"2 Louse","floor":1.0,"turns":3.0},{"damage":0.0,"enemies":"Cultist","floor":3.0,"turns":4.0},{"damage":3.0,"enemies":"Jaw Worm","floor":4.0,"turns":4.0},{"damage":2.0,"enemies":"3 Louse","floor":5.0,"turns":4.0},{"damage":14.0,"enemies":"3 Sentries","floor":8.0,"turns":10.0},{"damage":7.0,"enemies":"Gremlin Nob","floor":11.0,"turns":4.0},{"damage":9.0,"enemies":"Exordium Thugs","floor":12.0,"turns":5.0},{"damage":0.0,"enemies":"Blue Slaver","floor":13.0,"turns":3.0},{"damage":6.0,"enemies":"Slime Boss","floor":16.0,"turns":6.0},{"damage":5.0,"enemies":"Spheric Guardian","floor":18.0,"turns":3.0},{"damage":25.0,"enemies":"2 Thieves","floor":19.0,"turns":3.0},{"damage":0.0,"enemies":"Sentry and Sphere","floor":28.0,"turns":3.0},{"damage":2,"enemies":"Shelled Parasite and Fungi","floor":29,"turns":2},{"damage":18,"enemies":"Slavers","floor":31,"turns":4},{"damage":36,"enemies":"Automaton","floor":33,"turns":6}],"seed_played":"-1837517570539311566","potions_obtained":[{"floor":1.0,"key":"Fruit Juice"},{"floor":8.0,"key":"GamblersBrew"},{"floor":13.0,"key":"FearPotion"},{"floor":31,"key":"Fire Potion"}],"is_trial":false,"path_per_floor":["M","?","M","M","M","R","$","E","T","$","E","M","M","?","R","B",null,"M","M","$","T","$","R","$","R","T","?","M","M","R","E","R","B"],"character_chosen":"THE_SILENT","items_purchased":["Dark Shackles","Accuracy","Regen Potion","Ancient Potion","Energy Potion"],"campfire_rested":0,"item_purchase_floors":[7,10,20,20,20],"current_hp_per_floor":[67,67,72,69,67,67,67,53,53,53,46,37,37,37,37,31,75,70,45,45,45,45,45,45,45,45,45,54,52,52,34,34,0],"gold":91,"neow_bonus":"BOSS_RELIC","is_prod":false,"is_daily":false,"chose_seed":false,"campfire_upgraded":6,"win_rate":0.0,"timestamp":1549212189,"path_taken":["M","?","M","M","?","R","$","E","T","?","E","M","M","?","R","BOSS","M","M","$","?","$","R","$","R","T","?","M","M","R","E","R","BOSS"],"build_version":"2019-01-23","purchased_purges":2,"victory":false,"max_hp_per_floor":[70,70,75,75,75,75,75,75,75,75,75,75,75,75,75,75,75,75,75,75,75,75,75,75,75,75,75,75,75,75,75,75,75],"card_choices":[{"not_picked":["Flechettes","Flying Knee"],"picked":"Slice","floor":1.0},{"not_picked":["Noxious Fumes","Prepared"],"picked":"Blade Dance","floor":3.0},{"not_picked":["Reflex","Dagger Spray"],"picked":"Slice","floor":4.0},{"not_picked":["Tactician","Poisoned Stab","Deadly Poison"],"picked":"SKIP","floor":5.0},{"not_picked":["Prepared","Slice"],"picked":"A Thousand Cuts","floor":8.0},{"not_picked":["Dagger Throw","Flying Knee"],"picked":"Infinite Blades","floor":11.0},{"not_picked":["Poisoned Stab","Backflip"],"picked":"Finisher","floor":12.0},{"not_picked":["Leg Sweep","Sucker Punch"],"picked":"Infinite Blades","floor":13.0},{"not_picked":["A Thousand Cuts","Glass Knife"],"picked":"Burst","floor":16.0},{"not_picked":["Poisoned Stab","Endless Agony+1","Bane"],"picked":"SKIP","floor":18.0},{"not_picked":["Deflect+1","Well Laid Plans"],"picked":"Accuracy","floor":19.0},{"not_picked":["Riddle With Holes","Sucker Punch+1","Underhanded Strike"],"picked":"Outmaneuver","floor":28},{"not_picked":["Prepared+1","Underhanded Strike+1","Noxious Fumes+1"],"picked":"Slice","floor":29},{"not_picked":["Dagger Spray","Terror","Leg Sweep"],"picked":"PiercingWail+1","floor":31}],"player_experience":168903,"relics_obtained":[{"floor":8.0,"key":"Happy Flower"},{"floor":9.0,"key":"PreservedInsect"},{"floor":11.0,"key":"Vajra"},{"floor":21.0,"key":"Question Card"},{"floor":26.0,"key":"Dead Branch"},{"floor":31,"key":"Anchor"}],"event_choices":[{"damage_healed":0.0,"max_hp_gain":0.0,"max_hp_loss":0.0,"gold_gain":0.0,"event_name":"Accursed Blacksmith","player_choice":"Forge","floor":2.0,"gold_loss":0.0,"damage_taken":0.0,"cards_upgraded":["Slice"]},{"damage_healed":0.0,"max_hp_gain":0.0,"max_hp_loss":0.0,"gold_gain":100.0,"event_name":"Golden Shrine","player_choice":"Pray","floor":14.0,"gold_loss":0.0,"damage_taken":0.0},{"damage_healed":0.0,"max_hp_gain":0.0,"max_hp_loss":0.0,"gold_gain":0.0,"event_name":"Back to Basics","player_choice":"Simplicity","floor":27.0,"gold_loss":0.0,"damage_taken":0.0,"cards_upgraded":["Defend_G","Defend_G","Defend_G","Defend_G","Strike_G","Strike_G","Strike_G","Strike_G"]}],"is_beta":false,"boss_relics":[{"not_picked":["Runic Dome","Eternal Feather"],"picked":"Runic Pyramid"}],"items_purged_floors":[20,22],"is_endless":false,"potions_floor_spawned":[1,8,13,31],"killed_by":"Automaton","ascension_level":0}