{"gold_per_floor":[362,380,392,406,421,421,436,436,462,535,46,46,56,73,73,73],"floor_reached":16,"playtime":444,"items_purged":["Strike_B"],"score":191,"play_id":"47afa23e-03bd-4e5f-99a0-da305ba3fb68","local_time":"20190126125605","is_ascension_mode":true,"campfire_choices":[{"floor":6,"key":"REST"},{"data":"Sunder","floor":15,"key":"SMITH"}],"neow_cost":"TEN_PERCENT_HP_LOSS","seed_source_timestamp":181183537283025,"circlet_count":0,"master_deck":["AscendersBane","Strike_B","Strike_B","Strike_B","Defend_B","Defend_B","Defend_B","Defend_B","Zap","Dualcast","Sunder","Storm","Heatsinks","Sunder+1","White Noise","Hologram","Self Repair","Parasite","Electrodynamics","Recycle"],"special_seed":0,"relics":["Cracked Core","Centennial Puzzle","Blood Vial","Art of War"],"potions_floor_usage":[5,8],"damage_taken":[{"damage":0.0,"enemies":"Cultist","floor":1.0,"turns":3.0},{"damage":10.0,"enemies":"Small Slimes","floor":2.0,"turns":4.0},{"damage":0.0,"enemies":"2 Louse","floor":3.0,"turns":2.0},{"damage":48.0,"enemies":"Exordium Thugs","floor":4.0,"turns":6.0},{"damage":2,"enemies":"Exordium Wildlife","floor":5,"turns":3},{"damage":21,"enemies":"Looter","floor":7,"turns":4},{"damage":0,"enemies":"Gremlin Nob","floor":8,"turns":1},{"damage":0,"enemies":"2 Fungi Beasts","floor":13,"turns":2},{"damage":8,"enemies":"Blue Slaver","floor":14,"turns":3},{"damage":20,"enemies":"Hexaghost","floor":16,"turns":7}],"seed_played":"-9049643316579040082","potions_obtained":[{"floor":1.0,"key":"FearPotion"},{"floor":5,"key":"Energy Potion"},{"floor":7,"key":"SmokeBomb"}],"is_trial":false,"path_per_floor":["M","M","M","M","M","R","M","E","T","?","$","?","M","M","R","B"],"character_chosen":"DEFECT","items_purchased":["Blood Vial","Art of War","Self Repair"],"campfire_rested":1,"item_purchase_floors":[11,11,11],"current_hp_per_floor":[64,54,54,6,4,23,2,2,2,2,2,18,20,14,14,0],"gold":73,"neow_bonus":"TWO_FIFTY_GOLD","is_prod":false,"is_daily":false,"chose_seed":false,"campfire_upgraded":1,"win_rate":0,"timestamp":1548525365,"path_taken":["M","?","M","M","M","R","M","E","T","?","$","?","?","M","R","BOSS"],"build_version":"2019-01-23","purchased_purges":1,"victory":false,"max_hp_per_floor":[64,64,64,64,64,64,64,64,64,64,64,64,64,64,64,64],"card_choices":[{"not_picked":["Compile Driver","Leap"],"picked":"Sunder","floor":1.0},{"not_picked":["Sweeping Beam","Ball Lightning"],"picked":"Storm","floor":2.0},{"not_picked":["Coolheaded","Cold Snap"],"picked":"Heatsinks","floor":3.0},{"not_picked":["Lockon","Go for the Eyes"],"picked":"Sunder","floor":4.0},{"not_picked":["Turbo","Aggregate"],"picked":"White Noise","floor":5},{"not_picked":["Fusion","Steam"],"picked":"Hologram","floor":7},{"not_picked":["Coolheaded","Chaos"],"picked":"Electrodynamics","floor":13},{"not_picked":["Cold Snap","Compile Driver"],"picked":"Recycle","floor":14}],"player_experience":871807,"relics_obtained":[{"floor":9,"key":"Centennial Puzzle"}],"event_choices":[{"damage_healed":0,"gold_gain":73,"player_choice":"Gained Gold","damage_taken":0,"max_hp_gain":0,"max_hp_loss":0,"event_name":"Golden Wing","floor":10,"gold_loss":0},{"damage_healed":16,"gold_gain":0,"player_choice":"Healed and dodged fight","damage_taken":0,"max_hp_gain":0,"max_hp_loss":0,"event_name":"Mushrooms","floor":12,"gold_loss":0,"cards_obtained":["Parasite"]}],"is_beta":true,"boss_relics":[],"items_purged_floors":[11],"is_endless":false,"potions_floor_spawned":[1,5,7],"killed_by":"Hexaghost","ascension_level":16}