{"gold_per_floor":[115,190,190,190,210,238,238,256,256,274,274,301,301,316,316,414,414,430,430,297,297,94,119,119,136,136,153,153,171,171,189,189,294,344,356,356,368,368,368],"floor_reached":39,"playtime":1885,"items_purged":[],"score":434,"play_id":"c813ac86-d3b5-46c0-86d0-a7ceac4fe0f9","local_time":"20190721140429","is_ascension_mode":false,"campfire_choices":[{"data":"Flex","floor":11,"key":"SMITH"},{"data":"Entrench","floor":15,"key":"SMITH"},{"data":"Juggernaut","floor":28,"key":"SMITH"},{"data":"Armaments","floor":30,"key":"SMITH"},{"floor":32,"key":"REST"}],"neow_cost":"NONE","seed_source_timestamp":856050820329282,"circlet_count":0,"master_deck":["Strike_R","Strike_R","Strike_R+1","Defend_R","Defend_R","Defend_R","Defend_R+1","Bash","Flex+1","Uppercut+1","Carnage","Intimidate","Clash","Shrug It Off","Entrench+1","Juggernaut+1","Metallicize+1","Inflame","Seeing Red","Metallicize+1","Armaments+1","Iron Wave+1","Flex","Impervious","Headbutt","Juggernaut","Dropkick+1","Shrug It Off+1"],"relics":["Burning Blood","NeowsBlessing","Whetstone","Vajra","Mercury Hourglass","Philosopher\u0027s Stone","DollysMirror","Ancient Tea Set","Omamori","Tiny House"],"potions_floor_usage":[10,16,27,33,33,39,39],"damage_taken":[{"damage":0,"enemies":"Small Slimes","floor":1,"turns":1},{"damage":0,"enemies":"Jaw Worm","floor":5,"turns":1},{"damage":0,"enemies":"Gremlin Nob","floor":6,"turns":1},{"damage":0,"enemies":"2 Louse","floor":8,"turns":2},{"damage":9,"enemies":"Lots of Slimes","floor":10,"turns":4},{"damage":21,"enemies":"Lagavulin","floor":12,"turns":5},{"damage":0,"enemies":"2 Fungi Beasts","floor":14,"turns":2},{"damage":27,"enemies":"Hexaghost","floor":16,"turns":8},{"damage":17,"enemies":"3 Byrds","floor":18,"turns":4},{"damage":41,"enemies":"Gremlin Leader","floor":23,"turns":5},{"damage":7,"enemies":"Spheric Guardian","floor":25,"turns":3},{"damage":9,"enemies":"Centurion and Healer","floor":27,"turns":7},{"damage":7,"enemies":"3 Cultists","floor":29,"turns":5},{"damage":14,"enemies":"Sentry and Sphere","floor":31,"turns":4},{"damage":45,"enemies":"Champ","floor":33,"turns":10},{"damage":42,"enemies":"3 Shapes","floor":35,"turns":4},{"damage":37,"enemies":"3 Darklings","floor":37,"turns":5},{"damage":35,"enemies":"2 Orb Walkers","floor":39,"turns":2}],"seed_played":"-5891269662317100380","potions_obtained":[{"floor":8,"key":"AttackPotion"},{"floor":10,"key":"AttackPotion"},{"floor":16,"key":"SteroidPotion"},{"floor":23,"key":"Weak Potion"},{"floor":24,"key":"EssenceOfSteel"},{"floor":27,"key":"LiquidBronze"},{"floor":29,"key":"EssenceOfSteel"},{"floor":33,"key":"Weak Potion"},{"floor":34,"key":"Dexterity Potion"},{"floor":35,"key":"Swift Potion"}],"is_trial":false,"path_per_floor":["M","?","?","?","M","E","?","M","T","M","R","E","T","M","R","B",null,"M","?","$","?","$","E","?","M","T","M","R","M","R","M","R","B",null,"M","?","M","?","?"],"character_chosen":"IRONCLAD","items_purchased":["Inflame","PowerPotion","DollysMirror"],"campfire_rested":1,"item_purchase_floors":[20,20,22],"current_hp_per_floor":[80,69,62,62,68,74,79,85,85,82,82,67,67,73,73,52,85,74,74,74,74,74,39,39,38,38,35,35,34,34,26,51,12,90,54,54,23,23,0],"gold":368,"neow_bonus":"THREE_ENEMY_KILL","is_prod":false,"is_daily":false,"chose_seed":false,"campfire_upgraded":4,"win_rate":0,"timestamp":1563735869,"path_taken":["M","?","?","?","?","E","?","M","T","M","R","E","?","M","R","BOSS","M","?","?","?","$","E","?","M","T","M","R","M","R","?","R","BOSS","M","?","M","?","?"],"build_version":"2019-07-17","purchased_purges":0,"victory":false,"max_hp_per_floor":[80,80,80,80,80,80,85,85,85,85,85,85,85,85,85,85,85,85,85,85,85,85,85,85,85,85,85,85,85,85,85,85,85,90,90,85,85,85,85],"card_choices":[{"not_picked":["Perfected Strike","Havoc"],"picked":"Flex","floor":1},{"not_picked":["Cleave","Carnage","Perfected Strike"],"picked":"SKIP","floor":5},{"not_picked":["Cleave","Perfected Strike"],"picked":"Carnage","floor":5},{"not_picked":["Body Slam","Sentinel","Wild Strike"],"picked":"SKIP","floor":6},{"not_picked":["True Grit","Twin Strike"],"picked":"Intimidate","floor":8},{"not_picked":["Immolate","Shrug It Off"],"picked":"Clash","floor":10},{"not_picked":["Pommel Strike","Combust"],"picked":"Shrug It Off","floor":12},{"not_picked":["Ghostly Armor","Twin Strike"],"picked":"Entrench","floor":14},{"not_picked":["Offering","Immolate"],"picked":"Juggernaut","floor":16},{"not_picked":["Clash","Clothesline"],"picked":"Metallicize+1","floor":18},{"not_picked":["Hemokinesis+1","Searing Blow"],"picked":"Armaments","floor":23},{"not_picked":["Fire Breathing","Twin Strike"],"picked":"Iron Wave+1","floor":25},{"not_picked":["Sword Boomerang","Bloodletting"],"picked":"Flex","floor":27},{"not_picked":["Anger","True Grit"],"picked":"Impervious","floor":29},{"not_picked":["Body Slam","Warcry"],"picked":"Headbutt","floor":31},{"not_picked":["Fiend Fire","Offering"],"picked":"Juggernaut","floor":33},{"not_picked":["Iron Wave+1","Wild Strike"],"picked":"Flex+1","floor":34},{"not_picked":["Headbutt+1","Rupture"],"picked":"Dropkick+1","floor":35},{"not_picked":["True Grit+1","Havoc"],"picked":"Shrug It Off+1","floor":37}],"player_experience":144573,"relics_obtained":[{"floor":9,"key":"Whetstone"},{"floor":12,"key":"Vajra"},{"floor":13,"key":"Mercury Hourglass"},{"floor":23,"key":"Ancient Tea Set"},{"floor":26,"key":"Omamori"}],"event_choices":[{"damage_healed":0,"gold_gain":75,"player_choice":"Gather Gold","damage_taken":11,"max_hp_gain":0,"max_hp_loss":0,"event_name":"World of Goop","floor":2,"gold_loss":0},{"cards_removed":["Strike_R"],"damage_healed":0,"gold_gain":0,"player_choice":"Card Removal","damage_taken":7,"max_hp_gain":0,"max_hp_loss":0,"event_name":"Golden Wing","floor":3,"gold_loss":0},{"damage_healed":0,"gold_gain":0,"cards_transformed":["Strike_R"],"player_choice":"Transformed","damage_taken":0,"max_hp_gain":0,"max_hp_loss":0,"event_name":"Transmorgrifier","floor":4,"gold_loss":0,"cards_obtained":["Uppercut"]},{"damage_healed":0,"gold_gain":0,"player_choice":"Donut","damage_taken":0,"max_hp_gain":5,"max_hp_loss":0,"event_name":"Big Fish","floor":7,"gold_loss":0},{"damage_healed":0,"gold_gain":0,"player_choice":"0 cards matched","damage_taken":0,"max_hp_gain":0,"max_hp_loss":0,"event_name":"Match and Keep!","floor":19,"gold_loss":0,"cards_obtained":[]},{"damage_healed":0,"gold_gain":0,"player_choice":"Read","damage_taken":0,"max_hp_gain":0,"max_hp_loss":0,"event_name":"The Library","floor":21,"gold_loss":0,"cards_obtained":["Seeing Red"]},{"damage_healed":0,"gold_gain":0,"player_choice":"Got Potions","damage_taken":0,"max_hp_gain":0,"max_hp_loss":0,"event_name":"Lab","floor":24,"gold_loss":0},{"damage_healed":0,"gold_gain":0,"player_choice":"Max HP","damage_taken":0,"max_hp_gain":0,"max_hp_loss":5,"event_name":"Winding Halls","floor":36,"gold_loss":0},{"cards_removed":["Flex"],"damage_healed":0,"gold_gain":0,"player_choice":"Removed Skill","damage_taken":0,"max_hp_gain":0,"max_hp_loss":0,"event_name":"Falling","floor":38,"gold_loss":0},{"damage_healed":0,"gold_gain":0,"player_choice":"Fight","damage_taken":0,"max_hp_gain":0,"max_hp_loss":0,"event_name":"Mysterious Sphere","floor":39,"gold_loss":0}],"is_beta":false,"boss_relics":[{"not_picked":["Eternal Feather","Fusion Hammer"],"picked":"Philosopher\u0027s Stone"},{"not_picked":["Astrolabe","Snecko Eye"],"picked":"Tiny House"}],"items_purged_floors":[],"is_endless":false,"potions_floor_spawned":[8,10,16,23,25,27,29,33,35],"killed_by":"2 Orb Walkers","ascension_level":0}