{"gold_per_floor":[110,124,139,150,225,257,257,227,227,246,246,246,246,260,260,339,339,355,355,355,71,84,84,103,103,103,103,114,114,131,131,131,202,202,214,214,4,4,53,85,85,10,10,10,10,0,0,0,0,0,0],"floor_reached":51,"playtime":3824,"items_purged":["Writhe"],"score":1263,"play_id":"603af381-afe3-4909-8ce8-20d24c9672b1","local_time":"20190715222025","is_ascension_mode":true,"campfire_choices":[{"data":"1","floor":7.0,"key":"LIFT"},{"data":"2","floor":12.0,"key":"LIFT"},{"data":"3","floor":15.0,"key":"LIFT"},{"data":"Impervious","floor":23.0,"key":"SMITH"},{"floor":25.0,"key":"REST"},{"data":"Juggernaut","floor":27.0,"key":"SMITH"},{"data":"Whirlwind","floor":32.0,"key":"SMITH"},{"floor":41.0,"key":"DIG"},{"floor":44.0,"key":"DIG"},{"floor":47.0,"key":"REST"},{"floor":49.0,"key":"DIG"}],"neow_cost":"NONE","seed_source_timestamp":13868297597400,"circlet_count":0,"master_deck":["AscendersBane","Strike_R","Strike_R","Strike_R","Strike_R","Defend_R","Defend_R","Defend_R","Defend_R","Bash","Trip","Warcry","Whirlwind+1","Clothesline","Shrug It Off","Juggernaut+1","True Grit","Impervious+1","Dropkick","Armaments+1","Metallicize","Warcry","Blind","Havoc"],"special_seed":0,"relics":["Burning Blood","Girya","Calipers","Busted Crown","Matryoshka","Potion Belt","Juzu Bracelet","Incense Burner","Runic Pyramid","FaceOfCleric","Cauldron","Sundial","Happy Flower","Shovel","Unceasing Top","PreservedInsect","Art of War","Ice Cream","Red Mask","Bag of Marbles"],"potions_floor_usage":[],"damage_taken":[{"damage":14.0,"enemies":"2 Louse","floor":1.0,"turns":3.0},{"damage":14.0,"enemies":"Jaw Worm","floor":2.0,"turns":4.0},{"damage":7.0,"enemies":"Cultist","floor":3.0,"turns":4.0},{"damage":8.0,"enemies":"Looter","floor":4.0,"turns":2.0},{"damage":24.0,"enemies":"Gremlin Nob","floor":6.0,"turns":4.0},{"damage":0.0,"enemies":"Blue Slaver","floor":10.0,"turns":2.0},{"damage":0.0,"enemies":"3 Louse","floor":14.0,"turns":1.0},{"damage":36.0,"enemies":"Slime Boss","floor":16.0,"turns":8.0},{"damage":2.0,"enemies":"3 Byrds","floor":18.0,"turns":4.0},{"damage":22.0,"enemies":"Shell Parasite","floor":22.0,"turns":5.0},{"damage":17.0,"enemies":"Cultist and Chosen","floor":24.0,"turns":7.0},{"damage":30.0,"enemies":"Chosen and Byrds","floor":28.0,"turns":6.0},{"damage":0.0,"enemies":"Colosseum Slavers","floor":29.0,"turns":4.0},{"damage":0.0,"enemies":"Snecko","floor":30.0,"turns":4.0},{"damage":37.0,"enemies":"Automaton","floor":33.0,"turns":14.0},{"damage":1.0,"enemies":"3 Shapes","floor":35.0,"turns":6.0},{"damage":47.0,"enemies":"2 Orb Walkers","floor":39.0,"turns":4.0},{"damage":43.0,"enemies":"Nemesis","floor":40.0,"turns":11.0},{"damage":16.0,"enemies":"Donu and Deca","floor":50.0,"turns":12.0},{"damage":31,"enemies":"Time Eater","floor":51,"turns":8}],"seed_played":"3163076834065898284","potions_obtained":[{"floor":3.0,"key":"SteroidPotion"},{"floor":6.0,"key":"Ancient Potion"},{"floor":8.0,"key":"AttackPotion"},{"floor":14.0,"key":"GamblersBrew"},{"floor":16.0,"key":"Block Potion"},{"floor":18.0,"key":"Dexterity Potion"},{"floor":37.0,"key":"FairyPotion"},{"floor":37.0,"key":"EssenceOfSteel"},{"floor":37.0,"key":"Weak Potion"},{"floor":37.0,"key":"Weak Potion"},{"floor":39.0,"key":"Fire Potion"},{"floor":40.0,"key":"SpeedPotion"}],"is_trial":false,"path_per_floor":["M","M","M","M","?","E","R","?","T","M","?","R","?","M","R","B",null,"M","?","?","$","M","R","M","R","T","R","M","?","M","?","R","B",null,"M","?","$","T","?","E","R","$","T","R","?","?","R","?","R","B","B"],"character_chosen":"IRONCLAD","items_purchased":["Matryoshka","Cauldron"],"campfire_rested":2,"item_purchase_floors":[21,37],"current_hp_per_floor":[60,52,51,49,38,20,20,20,20,26,31,31,31,37,37,7,62,66,66,66,66,50,50,39,63,63,63,39,45,51,51,51,20,65,70,70,70,70,30,13,13,13,13,13,13,13,37,37,37,28,0],"gold":0,"neow_bonus":"RANDOM_COLORLESS","is_prod":false,"is_daily":false,"chose_seed":false,"campfire_upgraded":3,"win_rate":0,"timestamp":1563243625,"path_taken":["M","M","M","M","?","E","R","?","T","?","?","R","?","M","R","BOSS","M","?","?","$","?","R","M","R","T","R","M","?","M","?","R","BOSS","M","?","$","?","?","E","R","$","T","R","?","?","R","?","R","BOSS","BOSS"],"build_version":"2019-07-10","purchased_purges":1,"victory":false,"max_hp_per_floor":[75,75,75,75,75,75,75,75,75,75,80,80,80,80,80,80,80,80,80,80,80,80,80,80,80,80,80,80,80,80,80,80,80,80,80,80,80,80,81,82,82,82,82,82,82,82,82,82,82,83,83],"card_choices":[{"not_picked":["Havoc","Carnage"],"picked":"Warcry","floor":1.0},{"not_picked":["Hemokinesis","Sever Soul"],"picked":"Whirlwind","floor":2.0},{"not_picked":["Clash","Twin Strike"],"picked":"Clothesline","floor":3.0},{"not_picked":["True Grit","Anger"],"picked":"Shrug It Off","floor":4.0},{"not_picked":["Uppercut","Iron Wave"],"picked":"Juggernaut","floor":6.0},{"not_picked":["Anger","Headbutt","Sword Boomerang"],"picked":"SKIP","floor":10.0},{"not_picked":["Sword Boomerang","Pommel Strike"],"picked":"True Grit","floor":14.0},{"not_picked":["Juggernaut","Reaper"],"picked":"Impervious","floor":16.0},{"not_picked":[],"picked":"Dropkick","floor":18.0},{"not_picked":["Havoc"],"picked":"SKIP","floor":22.0},{"not_picked":[],"picked":"Metallicize","floor":24.0},{"not_picked":["Heavy Blade"],"picked":"SKIP","floor":28.0},{"not_picked":[],"picked":"Warcry","floor":30.0},{"not_picked":["Whirlwind"],"picked":"SKIP","floor":35.0},{"not_picked":["Perfected Strike"],"picked":"SKIP","floor":40.0},{"not_picked":[],"picked":"Blind","floor":45.0}],"player_experience":1090583,"relics_obtained":[{"floor":6.0,"key":"Girya"},{"floor":9.0,"key":"Calipers"},{"floor":26.0,"key":"Potion Belt"},{"floor":26.0,"key":"Juzu Bracelet"},{"floor":38.0,"key":"Sundial"},{"floor":38.0,"key":"Happy Flower"},{"floor":39.0,"key":"Shovel"},{"floor":40.0,"key":"Unceasing Top"},{"floor":41.0,"key":"PreservedInsect"},{"floor":43.0,"key":"Art of War"},{"floor":44.0,"key":"Ice Cream"},{"floor":49.0,"key":"Bag of Marbles"}],"event_choices":[{"damage_healed":0.0,"max_hp_gain":0.0,"max_hp_loss":0.0,"gold_gain":75.0,"event_name":"World of Goop","player_choice":"Gather Gold","floor":5.0,"gold_loss":0.0,"damage_taken":11.0},{"damage_healed":0.0,"max_hp_gain":0.0,"max_hp_loss":0.0,"gold_gain":0.0,"event_name":"The Woman in Blue","player_choice":"Bought 2 Potions","floor":8.0,"gold_loss":0.0,"damage_taken":0.0},{"damage_healed":0.0,"max_hp_gain":5.0,"max_hp_loss":0.0,"gold_gain":0.0,"event_name":"Big Fish","player_choice":"Donut","floor":11.0,"gold_loss":0.0,"damage_taken":0.0},{"damage_healed":0.0,"max_hp_gain":0.0,"max_hp_loss":0.0,"gold_gain":0.0,"event_name":"Liars Game","player_choice":"Ignored","floor":13.0,"gold_loss":0.0,"damage_taken":0.0},{"damage_healed":0.0,"max_hp_gain":0.0,"max_hp_loss":0.0,"gold_gain":0.0,"event_name":"The Library","player_choice":"Read","floor":19.0,"gold_loss":0.0,"damage_taken":0.0,"cards_obtained":["Armaments"]},{"damage_healed":0.0,"max_hp_gain":0.0,"max_hp_loss":0.0,"gold_gain":0.0,"event_name":"Upgrade Shrine","player_choice":"Upgraded","floor":20.0,"gold_loss":0.0,"damage_taken":0.0,"cards_upgraded":["Armaments"]},{"damage_healed":0.0,"max_hp_gain":0.0,"max_hp_loss":0.0,"gold_gain":0.0,"event_name":"Colosseum","player_choice":"Fight","floor":29.0,"gold_loss":0.0,"damage_taken":0.0},{"damage_healed":0.0,"max_hp_gain":0.0,"max_hp_loss":0.0,"gold_gain":0.0,"event_name":"Colosseum","player_choice":"Fled From Nobs","floor":29.0,"gold_loss":0.0,"damage_taken":0.0},{"damage_healed":0.0,"max_hp_gain":0.0,"max_hp_loss":0.0,"gold_gain":0.0,"event_name":"The Mausoleum","player_choice":"Opened","floor":31.0,"gold_loss":0.0,"damage_taken":0.0,"relics_obtained":["Incense Burner"],"cards_obtained":["Writhe"]},{"damage_healed":0.0,"max_hp_gain":0.0,"max_hp_loss":0.0,"gold_gain":0.0,"event_name":"FaceTrader","player_choice":"Trade","floor":36.0,"gold_loss":0.0,"damage_taken":0.0,"relics_obtained":["FaceOfCleric"]},{"damage_healed":0.0,"max_hp_gain":0.0,"max_hp_loss":0.0,"gold_gain":0.0,"event_name":"Mysterious Sphere","player_choice":"Fight","floor":39.0,"gold_loss":0.0,"damage_taken":0.0},{"damage_healed":0.0,"max_hp_gain":0.0,"max_hp_loss":0.0,"gold_gain":0.0,"event_name":"SensoryStone","player_choice":"Memory 1","floor":45.0,"gold_loss":0.0,"damage_taken":0.0},{"damage_healed":0.0,"max_hp_gain":0.0,"max_hp_loss":0.0,"gold_gain":0.0,"event_name":"Tomb of Lord Red Mask","player_choice":"Paid","floor":46.0,"gold_loss":10.0,"damage_taken":0.0,"relics_obtained":["Red Mask"]},{"damage_healed":0.0,"max_hp_gain":0.0,"max_hp_loss":0.0,"gold_gain":0.0,"cards_transformed":["Strike_R"],"event_name":"Transmorgrifier","player_choice":"Transformed","floor":48.0,"gold_loss":0.0,"damage_taken":0.0,"cards_obtained":["Havoc"]}],"is_beta":true,"boss_relics":[{"not_picked":["Orrery","Runic Dome"],"picked":"Busted Crown"},{"not_picked":["Pandora\u0027s Box","Eternal Feather"],"picked":"Runic Pyramid"}],"items_purged_floors":[42],"is_endless":false,"potions_floor_spawned":[3,6,14,16,18,29,39,40],"killed_by":"Time Eater","ascension_level":20}