{"gold_per_floor":[118,118,268,36,48,48,62,62,62,90,11,11,29,29,29,100,100,117,117,117,131,144,144,194,205,205,205,205,205,205,216,216,291,341,353,1352,1242,102,115,115,144,144,144,156,156,156,156,181,181,181],"floor_reached":50,"playtime":2234,"items_purged":["Doubt","Normality"],"score":1018,"play_id":"03833457-6a5c-4bdc-906e-adcad01d1eff","local_time":"20190411203509","is_ascension_mode":true,"campfire_choices":[{"data":"Go for the Eyes","floor":6.0,"key":"SMITH"},{"data":"Rip and Tear","floor":8.0,"key":"SMITH"},{"data":"Reinforced Body","floor":12.0,"key":"SMITH"},{"data":"Zap","floor":15.0,"key":"SMITH"},{"floor":23.0,"key":"REST"},{"data":"Electrodynamics","floor":29.0,"key":"SMITH"},{"floor":32.0,"key":"REST"},{"floor":40.0,"key":"DIG"},{"floor":42.0,"key":"DIG"},{"floor":45.0,"key":"DIG"},{"floor":49,"key":"REST"}],"neow_cost":"NONE","seed_source_timestamp":0,"circlet_count":0,"master_deck":["AscendersBane","Defend_B+1","Defend_B+1","Defend_B+1","Defend_B+1","Zap+1","Dualcast","Go for the Eyes+1","Rip and Tear+1","Cold Snap","Coolheaded","Reinforced Body+1","Ball Lightning","Electrodynamics+1","Seek+1","White Noise+1","Steam Power+1","Conserve Battery+1","Chill","Ball Lightning+1","Glacier","Beam Cell+1","Gash+1","Chill","Normality","Go for the Eyes+1","Doom and Gloom+1","Conserve Battery+1","Beam Cell+1","Reprogram+1","Dramatic Entrance+1","White Noise+1"],"special_seed":0,"relics":["Cracked Core","Bag of Marbles","DataDisk","Mercury Hourglass","Odd Mushroom","Astrolabe","Bottled Tornado","Shuriken","Tiny House","Molten Egg 2","Cables","Sling","Shovel","Pantograph","Kunai","Bag of Preparation","Meat on the Bone","Dodecahedron","Lantern"],"potions_floor_usage":[48,48,50],"damage_taken":[{"damage":4.0,"enemies":"2 Louse","floor":1.0,"turns":2.0},{"damage":2.0,"enemies":"Jaw Worm","floor":5.0,"turns":3.0},{"damage":10.0,"enemies":"Small Slimes","floor":7.0,"turns":2.0},{"damage":9.0,"enemies":"The Mushroom Lair","floor":10.0,"turns":3.0},{"damage":11.0,"enemies":"Red Slaver","floor":13.0,"turns":2.0},{"damage":15.0,"enemies":"The Guardian","floor":16.0,"turns":16.0},{"damage":12.0,"enemies":"2 Thieves","floor":18.0,"turns":3.0},{"damage":8.0,"enemies":"3 Byrds","floor":21.0,"turns":2.0},{"damage":13.0,"enemies":"Shelled Parasite and Fungi","floor":22.0,"turns":3.0},{"damage":0.0,"enemies":"Snecko","floor":25.0,"turns":4.0},{"damage":14.0,"enemies":"Centurion and Healer","floor":31.0,"turns":2.0},{"damage":40.0,"enemies":"Champ","floor":33.0,"turns":13.0},{"damage":0.0,"enemies":"3 Darklings","floor":35.0,"turns":2.0},{"damage":0.0,"enemies":"3 Shapes","floor":39.0,"turns":3.0},{"damage":16.0,"enemies":"Reptomancer","floor":41.0,"turns":5.0},{"damage":0.0,"enemies":"Maw","floor":44.0,"turns":6.0},{"damage":36,"enemies":"Giant Head","floor":48,"turns":7},{"damage":82,"enemies":"Awakened One","floor":50,"turns":20}],"seed_played":"1773791704949000691","potions_obtained":[{"floor":7.0,"key":"Energy Potion"},{"floor":10.0,"key":"Fruit Juice"},{"floor":13.0,"key":"Ancient Potion"},{"floor":31.0,"key":"Explosive Potion"},{"floor":34.0,"key":"SmokeBomb"},{"floor":35.0,"key":"Explosive Potion"},{"floor":39.0,"key":"Explosive Potion"},{"floor":48,"key":"Swift Potion"}],"is_trial":false,"path_per_floor":["M","?","?","$","M","R","M","R","T","?","$","R","M","?","R","B",null,"M","T","$","M","M","R","?","M","T","?","?","R","$","M","R","B",null,"M","?","?","$","M","R","E","R","T","M","R","?","?","E","R","B"],"character_chosen":"DEFECT","items_purchased":["DataDisk","Reinforced Body","Go for the Eyes+1","Cables","Sling","Shovel","Dexterity Potion","Doom and Gloom+1"],"campfire_rested":3,"item_purchase_floors":[4,11,38,38,38,38,38,38],"current_hp_per_floor":[60,60,60,60,58,58,48,48,48,44,44,44,33,33,33,18,62,50,50,50,42,29,51,51,51,51,51,51,51,51,37,59,19,67,67,67,67,67,67,67,51,51,51,51,51,51,51,27,51,0],"gold":181,"neow_bonus":"RANDOM_COMMON_RELIC","is_prod":false,"is_daily":false,"chose_seed":false,"campfire_upgraded":5,"win_rate":0,"timestamp":1555029309,"path_taken":["M","?","?","$","M","R","M","R","T","?","?","R","M","?","R","BOSS","M","?","?","M","M","R","?","M","T","?","?","R","$","M","R","BOSS","M","?","?","$","?","R","E","R","T","?","R","?","?","E","R","BOSS"],"build_version":"2019-04-04","purchased_purges":2,"victory":false,"max_hp_per_floor":[71,71,71,71,71,71,71,71,71,76,76,76,76,76,76,76,76,76,76,76,76,76,76,76,76,76,76,76,76,76,76,76,76,81,81,81,81,81,81,81,81,81,81,81,81,81,81,81,81,81],"card_choices":[{"not_picked":["Compile Driver","Sweeping Beam"],"picked":"Go for the Eyes","floor":1.0},{"not_picked":["Turbo","Compile Driver"],"picked":"Rip and Tear","floor":5.0},{"not_picked":["Redo","Steam"],"picked":"Cold Snap","floor":7.0},{"not_picked":["Steam","Streamline"],"picked":"Coolheaded","floor":10.0},{"not_picked":["Fusion","Compile Driver"],"picked":"Ball Lightning","floor":13.0},{"not_picked":["Reboot","Meteor Strike"],"picked":"Electrodynamics","floor":16.0},{"not_picked":["Rip and Tear","Beam Cell"],"picked":"Conserve Battery+1","floor":18.0},{"not_picked":["Rebound","Coolheaded"],"picked":"Chill","floor":21.0},{"not_picked":["Beam Cell+1","Reinforced Body"],"picked":"Ball Lightning+1","floor":22.0},{"not_picked":["Hologram","Aggregate"],"picked":"Glacier","floor":25.0},{"not_picked":["Sweeping Beam","Beam Cell","Gash"],"picked":"SKIP","floor":31.0},{"not_picked":["Sweeping Beam","Gash"],"picked":"Beam Cell","floor":31.0},{"not_picked":["Reprogram","Rebound"],"picked":"Gash+1","floor":34.0},{"not_picked":["Sunder","Force Field"],"picked":"Chill","floor":35.0},{"not_picked":["Coolheaded","Storm"],"picked":"Conserve Battery+1","floor":39.0},{"not_picked":["Barrage+1","Darkness+1"],"picked":"Beam Cell+1","floor":41.0},{"not_picked":["Melter+1","Redo"],"picked":"Reprogram+1","floor":44.0},{"not_picked":["Discovery","Swift Strike+1"],"picked":"Dramatic Entrance+1","floor":47.0},{"not_picked":["Gash+1","Streamline+1"],"picked":"White Noise+1","floor":48}],"player_experience":1061286,"relics_obtained":[{"floor":9.0,"key":"Mercury Hourglass"},{"floor":10.0,"key":"Odd Mushroom"},{"floor":19.0,"key":"Bottled Tornado"},{"floor":26.0,"key":"Shuriken"},{"floor":40.0,"key":"Pantograph"},{"floor":41.0,"key":"Kunai"},{"floor":42.0,"key":"Bag of Preparation"},{"floor":43.0,"key":"Meat on the Bone"},{"floor":45.0,"key":"Dodecahedron"},{"floor":48,"key":"Lantern"}],"event_choices":[{"damage_healed":0.0,"max_hp_gain":0.0,"max_hp_loss":0.0,"gold_gain":0.0,"event_name":"The Cleric","player_choice":"Leave","floor":2.0,"gold_loss":0.0,"damage_taken":0.0},{"damage_healed":0.0,"max_hp_gain":0.0,"max_hp_loss":0.0,"gold_gain":150.0,"event_name":"Liars Game","player_choice":"AGREE","floor":3.0,"gold_loss":0.0,"damage_taken":0.0,"cards_obtained":["Doubt"]},{"damage_healed":0.0,"max_hp_gain":0.0,"max_hp_loss":0.0,"gold_gain":0.0,"event_name":"Mushrooms","player_choice":"Fought Mushrooms","floor":10.0,"gold_loss":0.0,"damage_taken":0.0},{"cards_removed":["Strike_B"],"damage_healed":0.0,"max_hp_gain":0.0,"max_hp_loss":0.0,"gold_gain":0.0,"event_name":"Bonfire Elementals","player_choice":"Offered Basic","floor":14.0,"gold_loss":0.0,"damage_taken":0.0},{"damage_healed":0.0,"max_hp_gain":0.0,"max_hp_loss":0.0,"gold_gain":50.0,"event_name":"Nest","player_choice":"Stole From Cult","floor":24.0,"gold_loss":0.0,"damage_taken":0.0},{"damage_healed":0.0,"max_hp_gain":0.0,"max_hp_loss":0.0,"gold_gain":0.0,"event_name":"Beggar","player_choice":"Ignored","floor":27.0,"gold_loss":0.0,"damage_taken":0.0},{"damage_healed":0.0,"max_hp_gain":0.0,"max_hp_loss":0.0,"gold_gain":0.0,"event_name":"Back to Basics","player_choice":"Simplicity","floor":28.0,"gold_loss":0.0,"damage_taken":0.0,"cards_upgraded":["Defend_B","Defend_B","Defend_B","Defend_B"]},{"damage_healed":0.0,"max_hp_gain":0.0,"max_hp_loss":0.0,"gold_gain":999.0,"event_name":"MindBloom","player_choice":"Gold","floor":36.0,"gold_loss":0.0,"damage_taken":0.0,"cards_obtained":["Normality","Normality"]},{"damage_healed":0.0,"max_hp_gain":0.0,"max_hp_loss":0.0,"gold_gain":0.0,"event_name":"WeMeetAgain","player_choice":"Paid Gold","floor":37.0,"gold_loss":110.0,"damage_taken":0.0,"relics_obtained":["Molten Egg 2"]},{"damage_healed":0.0,"max_hp_gain":0.0,"max_hp_loss":0.0,"gold_gain":0.0,"event_name":"Mysterious Sphere","player_choice":"Ignored","floor":46.0,"gold_loss":0.0,"damage_taken":0.0},{"damage_healed":0.0,"max_hp_gain":0.0,"max_hp_loss":0.0,"gold_gain":0.0,"event_name":"SensoryStone","player_choice":"Memory 1","floor":47.0,"gold_loss":0.0,"damage_taken":0.0}],"is_beta":true,"boss_relics":[{"not_picked":["Ectoplasm","Pandora\u0027s Box"],"picked":"Astrolabe"},{"not_picked":["Velvet Choker","Philosopher\u0027s Stone"],"picked":"Tiny House"}],"items_purged_floors":[4,38],"is_endless":false,"potions_floor_spawned":[7,10,13,31,35,39,41,48],"killed_by":"Awakened One","ascension_level":20}