{"gold_per_floor":[118,118,129,142,142,142,142,142,142,142,167,167,167,181,181,181],"floor_reached":16,"playtime":1065,"items_purged":[],"score":265,"play_id":"22e5951e-424d-47ef-9c38-98a168cd9893","local_time":"20180721184630","daily_mods":["Draft","Brewmaster","Heirloom","Specialized","Allstar","Shiny","Time Dilation","Hoarder"],"is_ascension_mode":false,"campfire_choices":[{"data":"Machine Learning","floor":6,"key":"SMITH"},{"data":"Reboot","floor":8,"key":"SMITH"},{"data":"Buffer","floor":10,"key":"SMITH"},{"data":"Genetic Algorithm","floor":15,"key":"SMITH"}],"neow_cost":"","seed_source_timestamp":0,"circlet_count":0,"master_deck":["Multi-Cast","Hyperbeam","Thunder Strike","Biased Cognition","Machine Learning+1","Electrodynamics","Buffer+1","Rainbow","Seek","Meteor Strike","Echo Form","All For One","Reboot+1","Amplify","Creative AI","Fission","Core Surge","Demon Form","Wraith Form v2","Echo Form","Coolheaded","Coolheaded","Coolheaded","Genetic Algorithm+1","Genetic Algorithm","Genetic Algorithm","Turbo","Turbo","Turbo","Leap","Leap","Leap","Stack","Stack","Stack","Go for the Eyes","Go for the Eyes","Go for the Eyes","Blizzard","Blizzard+1","Blizzard","Sunder","Sunder","Sunder","Force Field","Force Field","Force Field","Stack","Stack","Stack","Hologram","Hologram","Hologram","Recycle","Recycle","Recycle+1","White Noise","White Noise","White Noise","Glacier","Glacier","Glacier","Conserve Battery","Conserve Battery","Conserve Battery","Conserve Battery","Conserve Battery","Conserve Battery","Compile Driver","Compile Driver","Compile Driver","Stack","Stack","Stack","Genetic Algorithm","Genetic Algorithm","Genetic Algorithm"],"relics":["Unceasing Top","Turnip","White Beast Statue","NlothsMask","Golden Idol","Omamori"],"potions_floor_usage":[16,16],"damage_taken":[{"damage":0,"enemies":"Jaw Worm","floor":1,"turns":3},{"damage":5,"enemies":"Cultist","floor":3,"turns":5},{"damage":0,"enemies":"Small Slimes","floor":4,"turns":1},{"damage":0,"enemies":"2 Fungi Beasts","floor":11,"turns":4},{"damage":15,"enemies":"Large Slime","floor":14,"turns":7},{"damage":24,"enemies":"The Guardian","floor":16,"turns":5}],"seed_played":"-8464405176022161916","potions_obtained":[{"floor":1,"key":"Explosive Potion"},{"floor":3,"key":"FearPotion"},{"floor":4,"key":"PowerPotion"},{"floor":11,"key":"FocusPotion"}],"is_trial":true,"path_per_floor":["M","?","M","M","?","R","?","R","T","R","M","?","?","M","R"],"character_chosen":"DEFECT","items_purchased":[],"campfire_rested":0,"item_purchase_floors":[],"current_hp_per_floor":[75,75,70,70,52,52,52,52,52,52,52,37,34,19,19,0],"gold":181,"neow_bonus":"","is_prod":false,"is_daily":false,"chose_seed":false,"campfire_upgraded":4,"win_rate":0,"timestamp":1532213190,"path_taken":["M","?","M","M","?","R","?","R","T","R","?","?","?","M","R","BOSS"],"build_version":"2018-07-19","purchased_purges":0,"victory":false,"max_hp_per_floor":[75,75,75,75,75,75,75,75,75,75,75,75,75,75,75,75],"card_choices":[{"not_picked":["Rebound","Static Discharge"],"picked":"Coolheaded","floor":0},{"not_picked":["Hologram","Capacitor"],"picked":"Genetic Algorithm","floor":0},{"not_picked":["Beam Cell","Redo"],"picked":"Turbo","floor":0},{"not_picked":["Streamline","Barrage"],"picked":"Leap","floor":0},{"not_picked":["Cold Snap","Hello World"],"picked":"Stack","floor":0},{"not_picked":["Rebound","Undo"],"picked":"Go for the Eyes","floor":0},{"not_picked":["Barrage","Force Field"],"picked":"Blizzard","floor":0},{"not_picked":["Steam","Streamline"],"picked":"Sunder","floor":0},{"not_picked":["Lockon","Beam Cell"],"picked":"Force Field","floor":0},{"not_picked":["Redo","Ball Lightning"],"picked":"Stack","floor":0},{"not_picked":["Steam Power","Turbo"],"picked":"Hologram","floor":0},{"not_picked":["Hologram","Beam Cell"],"picked":"Recycle","floor":0},{"not_picked":["Hello World","Ball Lightning"],"picked":"White Noise","floor":0},{"not_picked":["Leap","Melter"],"picked":"Glacier","floor":0},{"not_picked":["Leap","Barrage"],"picked":"Conserve Battery","floor":0},{"not_picked":["Barrage","Streamline"],"picked":"Conserve Battery","floor":1},{"not_picked":["Chill","Multi-Cast"],"picked":"Compile Driver","floor":3},{"not_picked":["Leap","Streamline"],"picked":"Stack","floor":4},{"not_picked":["Beam Cell","Turbo","Rebound"],"picked":"SKIP","floor":11},{"not_picked":["Stack","Streamline"],"picked":"Genetic Algorithm","floor":14}],"player_experience":126706,"relics_obtained":[],"event_choices":[{"event_name":"FaceTrader","player_choice":"Trade","floor":2,"damage_taken":0},{"event_name":"Golden Idol","player_choice":"Take Damage","floor":5,"damage_taken":0},{"event_name":"The Lab","player_choice":"Got Potions","floor":7,"damage_taken":0},{"event_name":"Shining Light","player_choice":"Entered Light","floor":12,"damage_taken":0},{"event_name":"Scrap Ooze","player_choice":"success","floor":13,"damage_taken":3}],"is_beta":true,"boss_relics":[],"items_purged_floors":[],"is_endless":true,"potions_floor_spawned":[1,3,4,11,14],"killed_by":"The Guardian","ascension_level":1}