{"path_per_floor":["M","M","M","M","$","E","?","?","T","M","M","R","M","M","R","B",null,"M","M","M"],"character_chosen":"DEFECT","items_purchased":["Jack Of All Trades"],"gold_per_floor":[116,130,143,153,52,79,79,79,79,97,118,118,141,156,156,284,284,299,312,331,331],"floor_reached":21,"campfire_rested":1,"playtime":2105,"item_purchase_floors":[],"current_hp_per_floor":[69,66,66,44,44,26,26,44,58,58,57,83,82,81,81,41,89,85,37,20,0],"items_purged":[],"gold":331,"score":187,"play_id":"33aa886c-48fe-48fd-8ba8-8588167d41e4","local_time":"20180607220633","is_prod":false,"is_daily":false,"chose_seed":false,"is_ascension_mode":false,"campfire_upgraded":1,"win_rate":0.0,"timestamp":1528423593,"campfire_choices":[{"floor":12.0,"key":"REST"},{"data":"Dualcast","floor":15.0,"key":"SMITH"}],"path_taken":["M","M","M","M","$","E","?","?","T","M","M","R","M","M","R","BOSS","M","M","M","M"],"build_version":"2018-06-07","seed_source_timestamp":0,"purchased_purges":0,"victory":false,"master_deck":["Strike_B","Strike_B","Strike_B","Strike_B","Defend_B","Defend_B","Defend_B","Defend_B","Zap","Dualcast+1","Redo","Stack","Double Energy","Fusion","Jack Of All Trades","Lockon","Injury","Parasite","Go for the Eyes","Chill","Beam Cell","Self Repair","Creative AI","Hologram+1","Reprogram+1","Doom and Gloom"],"max_hp_per_floor":[75,75,75,75,75,75,75,75,89,89,89,89,89,89,89,89,89,89,89,89,89],"relics":["Cracked Core","Torii","Golden Idol","Mango","Lizard Tail"],"card_choices":[{"not_picked":["Conserve Battery","Beam Cell"],"picked":"Redo","floor":1.0},{"not_picked":["Steam Power","Beam Cell"],"picked":"Stack","floor":2.0},{"not_picked":["Leap","Redo"],"picked":"Double Energy","floor":3.0},{"not_picked":["Genetic Algorithm","Conserve Battery"],"picked":"Fusion","floor":4.0},{"not_picked":["Gash","Ball Lightning"],"picked":"Lockon","floor":6.0},{"not_picked":["Amplify","Beam Cell"],"picked":"Go for the Eyes","floor":10.0},{"not_picked":["Hologram","Steam"],"picked":"Chill","floor":11.0},{"not_picked":["Double Energy","Conserve Battery"],"picked":"Beam Cell","floor":13.0},{"not_picked":["Leap","Reinforced Body"],"picked":"Self Repair","floor":14.0},{"not_picked":["Machine Learning","Electrodynamics"],"picked":"Creative AI","floor":16.0},{"not_picked":["Leap","Compile Driver"],"picked":"Hologram+1","floor":18},{"not_picked":["White Noise+1","Coolheaded+1"],"picked":"Reprogram+1","floor":19},{"not_picked":["Coolheaded","Leap"],"picked":"Doom and Gloom","floor":20}],"player_experience":21481,"potions_floor_usage":[20],"damage_taken":[{"damage":6.0,"enemies":"Jaw Worm","floor":1.0,"turns":3.0},{"damage":3.0,"enemies":"Small Slimes","floor":2.0,"turns":3.0},{"damage":0.0,"enemies":"2 Louse","floor":3.0,"turns":2.0},{"damage":22.0,"enemies":"Exordium Wildlife","floor":4.0,"turns":5.0},{"damage":22.0,"enemies":"Lagavulin","floor":6.0,"turns":7.0},{"damage":0.0,"enemies":"Large Slime","floor":10.0,"turns":5.0},{"damage":1.0,"enemies":"Looter","floor":11.0,"turns":4.0},{"damage":1.0,"enemies":"3 Louse","floor":13.0,"turns":4.0},{"damage":1.0,"enemies":"Blue Slaver","floor":14.0,"turns":3.0},{"damage":47.0,"enemies":"Hexaghost","floor":16.0,"turns":16.0},{"damage":11,"enemies":"3 Byrds","floor":18,"turns":8},{"damage":48,"enemies":"Spheric Guardian","floor":19,"turns":6},{"damage":24,"enemies":"Snecko","floor":20,"turns":9},{"damage":74,"enemies":"Centurion and Healer","floor":21,"turns":8}],"relics_obtained":[{"floor":6.0,"key":"Torii"},{"floor":9.0,"key":"Mango"}],"event_choices":[{"event_name":"Golden Idol","player_choice":"Take Wound","floor":7.0,"damage_taken":0.0},{"event_name":"Mushrooms","player_choice":"Healed and dodged fight","floor":8.0,"damage_taken":0.0}],"boss_relics":[{"not_picked":["Sozu","White Beast Statue"],"picked":"Lizard Tail"}],"items_purged_floors":[],"potions_floor_spawned":[4,6,11,13,16],"seed_played":"2756378635775326827","killed_by":"Centurion and Healer","ascension_level":0,"potions_obtained":[{"floor":6.0,"key":"Block Potion"},{"floor":11.0,"key":"EntropicBrew"},{"floor":16.0,"key":"GamblersBrew"}],"is_trial":false}