{"gold_per_floor":[113,129,143,143,153,153,123,123,123,139,64,84,102,114,114,214,214,234,234,234,234,234,268,268,297,347,347,247,257,276,294,294,394,394,410,462,475,196,215,215,248,248,248,15,30,30,30,49,49,49,49,49,11,41,41],"floor_reached":55,"playtime":3513,"items_purged":["Strike_B","Writhe","Strike_B"],"score":1041,"play_id":"9ad4a2c5-0309-41cf-b270-4f9143715661","local_time":"20181111105336","is_ascension_mode":true,"campfire_choices":[{"data":"Doom and Gloom","floor":6,"key":"SMITH"},{"data":"Conserve Battery","floor":8,"key":"SMITH"},{"floor":15,"key":"REST"},{"floor":24,"key":"REST"},{"floor":27,"key":"REST"},{"floor":32,"key":"REST"},{"floor":40,"key":"REST"},{"floor":42,"key":"REST"},{"floor":47,"key":"REST"},{"floor":49,"key":"RECALL"},{"floor":52,"key":"REST"}],"neow_cost":"NONE","seed_source_timestamp":6919826737130,"circlet_count":0,"master_deck":["Strike_B","Defend_B+1","Defend_B","Defend_B+1","Defend_B","Zap","Dualcast","Doom and Gloom+1","Conserve Battery+1","Storm","Cold Snap","Recycle","Conserve Battery","Creative AI","Chill+1","Echo Form","Chill+1","White Noise","Defragment+1","Creative AI","Storm+1","Storm","Capacitor","Heatsinks","Darkness+1","Storm","Double Energy+1"],"relics":["Cracked Core","Bottled Flame","Fusion Hammer","Shuriken","Gambling Chip","Boot","Art of War","Nuclear Battery","Dead Branch","Bag of Preparation","PreservedInsect","DataDisk","Happy Flower"],"potions_floor_usage":[23,25,25,36,36,50,55,55],"damage_taken":[{"damage":4,"enemies":"Small Slimes","floor":1,"turns":3},{"damage":9,"enemies":"Jaw Worm","floor":2,"turns":4},{"damage":1,"enemies":"Cultist","floor":3,"turns":3},{"damage":0,"enemies":"Exordium Thugs","floor":5,"turns":3},{"damage":0,"enemies":"2 Fungi Beasts","floor":10,"turns":3},{"damage":12,"enemies":"Looter","floor":12,"turns":3},{"damage":9,"enemies":"Large Slime","floor":13,"turns":7},{"damage":6,"enemies":"Exordium Thugs","floor":14,"turns":3},{"damage":32,"enemies":"The Guardian","floor":16,"turns":14},{"damage":6,"enemies":"Chosen","floor":18,"turns":5},{"damage":9,"enemies":"Colosseum Slavers","floor":19,"turns":5},{"damage":27,"enemies":"Book of Stabbing","floor":23,"turns":6},{"damage":40,"enemies":"Gremlin Leader","floor":25,"turns":7},{"damage":10,"enemies":"Shell Parasite","floor":29,"turns":5},{"damage":3,"enemies":"Shelled Parasite and Fungi","floor":30,"turns":7},{"damage":6,"enemies":"3 Cultists","floor":31,"turns":5},{"damage":4,"enemies":"Champ","floor":33,"turns":10},{"damage":13,"enemies":"3 Shapes","floor":35,"turns":3},{"damage":42,"enemies":"2 Orb Walkers","floor":36,"turns":4},{"damage":7,"enemies":"Orb Walker","floor":37,"turns":4},{"damage":37,"enemies":"3 Darklings","floor":39,"turns":3},{"damage":0,"enemies":"Reptomancer","floor":41,"turns":3},{"damage":0,"enemies":"Maw","floor":45,"turns":4},{"damage":11,"enemies":"Sphere and 2 Shapes","floor":48,"turns":3},{"damage":43,"enemies":"Time Eater","floor":50,"turns":4},{"damage":49,"enemies":"Shield and Spear","floor":54,"turns":5},{"damage":69,"enemies":"The Heart","floor":55,"turns":2}],"seed_played":"-7103891128949628023","potions_obtained":[{"floor":1,"key":"Explosive Potion"},{"floor":7,"key":"Fire Potion"},{"floor":7,"key":"Energy Potion"},{"floor":10,"key":"Block Potion"},{"floor":13,"key":"FocusPotion"},{"floor":16,"key":"FairyPotion"},{"floor":23,"key":"Weak Potion"},{"floor":30,"key":"PowerPotion"},{"floor":33,"key":"AttackPotion"},{"floor":36,"key":"FocusPotion"},{"floor":39,"key":"PowerPotion"},{"floor":41,"key":"GamblersBrew"},{"floor":54,"key":"Poison Potion"}],"is_trial":false,"path_per_floor":["M","M","M","?","M","R","?","R","T","M","$","M","M","M","R","B",null,"M","?","?","?","?","E","R","E","T","R","$","M","M","M","R","B",null,"M","?","M","$","M","R","E","R","T","$","M","?","R","M","R","B",null,"R","$","E","B"],"character_chosen":"DEFECT","items_purchased":["Bag of Preparation","DataDisk","Heatsinks","Storm"],"campfire_rested":8,"item_purchase_floors":[38,44,44,53],"current_hp_per_floor":[71,62,61,45,45,45,45,45,45,45,45,33,24,18,42,10,64,58,49,49,49,92,65,92,52,52,79,79,69,66,60,87,83,90,77,35,28,28,9,36,36,63,63,63,63,63,90,79,79,36,78,92,92,43,0],"gold":41,"neow_bonus":"TEN_PERCENT_HP_BONUS","is_prod":false,"is_daily":false,"chose_seed":false,"campfire_upgraded":2,"win_rate":0,"timestamp":1541951616,"path_taken":["M","M","M","?","M","R","?","R","T","?","$","M","M","M","R","BOSS","M","?","?","?","?","E","R","E","T","R","$","M","M","M","R","BOSS","M","?","M","$","M","R","E","R","T","$","M","?","R","M","R","BOSS","R","$","E","BOSS"],"build_version":"2018-11-08","purchased_purges":3,"victory":false,"max_hp_per_floor":[82,82,82,82,82,82,82,82,82,82,82,82,82,82,82,82,82,82,82,82,82,92,92,92,92,92,92,92,92,92,92,92,92,92,92,92,92,92,92,92,92,92,92,92,92,92,92,92,92,92,92,92,92,92,92],"card_choices":[{"not_picked":["Rebound","Streamline"],"picked":"Doom and Gloom","floor":1},{"not_picked":["Melter","Stack"],"picked":"Conserve Battery","floor":2},{"not_picked":["Go for the Eyes","Beam Cell"],"picked":"Fission","floor":3},{"not_picked":["Steam","Leap"],"picked":"Storm","floor":5},{"not_picked":["Steam Power","Leap"],"picked":"Cold Snap","floor":10},{"not_picked":["Barrage","Beam Cell"],"picked":"Recycle","floor":12},{"not_picked":["Aggregate","Beam Cell","Reboot"],"picked":"SKIP","floor":13},{"not_picked":["Tempest","Streamline"],"picked":"Conserve Battery","floor":14},{"not_picked":["All For One","Rainbow"],"picked":"Creative AI","floor":16},{"not_picked":["FTL","Sweeping Beam"],"picked":"Chill+1","floor":18},{"not_picked":["Streamline","Coolheaded","Consume"],"picked":"SKIP","floor":23},{"not_picked":["Turbo","Beam Cell"],"picked":"Echo Form","floor":25},{"not_picked":["Gash","Stack"],"picked":"Chill+1","floor":29},{"not_picked":["Cold Snap","Hologram+1"],"picked":"White Noise","floor":30},{"not_picked":["Steam","Rip and Tear"],"picked":"Defragment+1","floor":31},{"not_picked":["Biased Cognition","Meteor Strike"],"picked":"Creative AI","floor":33},{"not_picked":["Streamline+1","Auto Shields","Blizzard+1"],"picked":"SKIP","floor":35},{"not_picked":["Streamline+1","Defragment"],"picked":"Storm+1","floor":36},{"not_picked":["Turbo","Lockon+1"],"picked":"Storm","floor":37},{"not_picked":["Sunder","Aggregate","Barrage+1"],"picked":"SKIP","floor":39},{"not_picked":["Scrape+1","Rainbow"],"picked":"Capacitor","floor":41},{"not_picked":["Conserve Battery","Sweeping Beam","Hello World+1"],"picked":"SKIP","floor":45},{"not_picked":["Steam+1","Ball Lightning"],"picked":"Darkness+1","floor":48},{"not_picked":["Go for the Eyes+1","Compile Driver"],"picked":"Double Energy+1","floor":54}],"player_experience":361118,"relics_obtained":[{"floor":9,"key":"Bottled Flame"},{"floor":23,"key":"Gambling Chip"},{"floor":25,"key":"Boot"},{"floor":26,"key":"Art of War"},{"floor":36,"key":"Dead Branch"},{"floor":41,"key":"PreservedInsect"},{"floor":54,"key":"Happy Flower"}],"event_choices":[{"damage_healed":0,"gold_gain":0,"player_choice":"Entered Light","damage_taken":16,"max_hp_gain":0,"max_hp_loss":0,"event_name":"Shining Light","floor":4,"gold_loss":0,"cards_upgraded":["Defend_B","Defend_B"]},{"damage_healed":0,"gold_gain":0,"player_choice":"Bought 2 Potions","damage_taken":0,"max_hp_gain":0,"max_hp_loss":0,"event_name":"The Woman in Blue","floor":7,"gold_loss":0},{"damage_healed":0,"gold_gain":0,"player_choice":"Fight","damage_taken":0,"max_hp_gain":0,"max_hp_loss":0,"event_name":"Colosseum","floor":19,"gold_loss":0},{"damage_healed":0,"gold_gain":0,"player_choice":"Fled From Nobs","damage_taken":0,"max_hp_gain":0,"max_hp_loss":0,"event_name":"Colosseum","floor":19,"gold_loss":0},{"damage_healed":0,"gold_gain":0,"player_choice":"Ignored","damage_taken":0,"max_hp_gain":0,"max_hp_loss":0,"event_name":"Vampires","floor":20,"gold_loss":0},{"damage_healed":0,"gold_gain":0,"player_choice":"Opened","damage_taken":0,"relics_obtained":["Shuriken"],"max_hp_gain":0,"max_hp_loss":0,"event_name":"The Mausoleum","floor":21,"gold_loss":0,"cards_obtained":["Writhe"]},{"cards_removed":["Fission"],"damage_healed":33,"gold_gain":0,"player_choice":"Offered Rare","damage_taken":0,"max_hp_gain":10,"max_hp_loss":0,"event_name":"Bonfire Elementals","floor":22,"gold_loss":0},{"damage_healed":0,"gold_gain":0,"player_choice":"Fight","damage_taken":0,"max_hp_gain":0,"max_hp_loss":0,"event_name":"Mysterious Sphere","floor":36,"gold_loss":0},{"cards_removed":["Strike_B"],"damage_healed":0,"gold_gain":0,"player_choice":"Removed Attack","damage_taken":0,"max_hp_gain":0,"max_hp_loss":0,"event_name":"Falling","floor":46,"gold_loss":0}],"is_beta":true,"boss_relics":[{"not_picked":["Philosopher\u0027s Stone","White Beast Statue"],"picked":"Fusion Hammer"},{"not_picked":["Black Star","Runic Pyramid"],"picked":"Nuclear Battery"}],"items_purged_floors":[11,28,38],"is_endless":false,"potions_floor_spawned":[1,10,12,13,16,23,30,33,36,39,41,48,54],"killed_by":"The Heart","ascension_level":7}