{"gold_per_floor":[119,119,119,119,132,132,158,158,158,175,175],"floor_reached":11,"playtime":387,"items_purged":[],"score":78,"play_id":"90c55584-6d7b-4950-9cd2-c762d012f1d5","local_time":"20190710184557","is_ascension_mode":true,"campfire_choices":[{"data":"Conserve Battery","floor":6.0,"key":"SMITH"}],"neow_cost":"NONE","seed_source_timestamp":0,"circlet_count":0,"master_deck":["Strike_B","Strike_B","Strike_B","Strike_B","Defend_B","Defend_B","Defend_B","Defend_B","Zap","Dualcast","Trip","Streamline+1","Conserve Battery+1","Conserve Battery"],"special_seed":0,"relics":["Cracked Core","Matryoshka","Smiling Mask","Gremlin Horn","Sundial","Orichalcum","Centennial Puzzle","Cables"],"potions_floor_usage":[],"damage_taken":[{"damage":2.0,"enemies":"2 Louse","floor":1.0,"turns":3.0},{"damage":0.0,"enemies":"Small Slimes","floor":5.0,"turns":2.0},{"damage":16.0,"enemies":"Lagavulin","floor":7.0,"turns":6.0},{"damage":0.0,"enemies":"Jaw Worm","floor":10.0,"turns":3.0},{"damage":0,"enemies":"Exordium Thugs","floor":11,"turns":1}],"seed_played":"-3987916607796226028","potions_obtained":[{"floor":7.0,"key":"EssenceOfSteel"}],"is_trial":false,"path_per_floor":["M","?","?","T","M","R","E","?","T","M","M"],"character_chosen":"DEFECT","items_purchased":[],"campfire_rested":0,"item_purchase_floors":[],"current_hp_per_floor":[73,73,70,70,70,70,54,54,54,54,54],"gold":175,"neow_bonus":"RANDOM_COLORLESS","is_prod":false,"is_daily":false,"chose_seed":false,"campfire_upgraded":1,"win_rate":0,"timestamp":1562798757,"path_taken":["M","?","?","?","?","R","E","?","T","M","M"],"build_version":"2019-07-05","purchased_purges":0,"victory":false,"max_hp_per_floor":[75,75,75,75,75,75,75,75,75,75,75],"card_choices":[{"not_picked":["Leap","Barrage"],"picked":"Streamline","floor":1.0},{"not_picked":["Cold Snap","Consume"],"picked":"Conserve Battery","floor":5.0},{"not_picked":["Go for the Eyes","Steam"],"picked":"Conserve Battery","floor":7.0},{"not_picked":["Chaos","Fusion","Ball Lightning"],"picked":"SKIP","floor":10.0}],"player_experience":696574,"relics_obtained":[{"floor":4.0,"key":"Smiling Mask"},{"floor":4.0,"key":"Gremlin Horn"},{"floor":7.0,"key":"Sundial"},{"floor":9.0,"key":"Centennial Puzzle"},{"floor":9.0,"key":"Cables"}],"event_choices":[{"damage_healed":0.0,"max_hp_gain":0.0,"max_hp_loss":0.0,"gold_gain":0.0,"event_name":"Living Wall","player_choice":"Grow","floor":2.0,"gold_loss":0.0,"damage_taken":0.0,"cards_upgraded":["Streamline"]},{"damage_healed":0.0,"max_hp_gain":0.0,"max_hp_loss":0.0,"gold_gain":0.0,"event_name":"Scrap Ooze","player_choice":"Success","floor":3.0,"gold_loss":0.0,"damage_taken":3.0,"relics_obtained":["Matryoshka"]},{"damage_healed":0.0,"max_hp_gain":0.0,"max_hp_loss":0.0,"gold_gain":0.0,"event_name":"Dead Adventurer","player_choice":"Searched \u00271\u0027 times","floor":8.0,"gold_loss":0.0,"damage_taken":0.0,"relics_obtained":["Orichalcum"]}],"is_beta":false,"boss_relics":[],"items_purged_floors":[],"is_endless":false,"potions_floor_spawned":[7],"killed_by":"Exordium Thugs","ascension_level":2}