{"gold_per_floor":[364,376,395,415,415,415,430,430,453,128,78,94,94,269,269,394,457,477,500,500,519,545,565,609,14,94,110,110,134,134,154,154,280,280,293,306,306,9,9,9],"floor_reached":40,"playtime":3114,"items_purged":["Decay","Strike_B"],"score":425,"play_id":"f686990a-97f0-418b-b2c3-e79aa4660a17","local_time":"20181110044852","is_ascension_mode":false,"campfire_choices":[{"data":"Chaos","floor":6,"key":"SMITH"},{"data":"Undo","floor":8,"key":"SMITH"},{"data":"Reinforced Body","floor":15,"key":"SMITH"},{"floor":28,"key":"REST"},{"floor":32,"key":"REST"}],"neow_cost":"CURSE","seed_source_timestamp":213495776569201,"circlet_count":0,"master_deck":["Defend_B","Defend_B","Defend_B+1","Zap","Dualcast","Go for the Eyes+1","Chaos+1","Undo+1","Glacier","Melter+1","Reinforced Body+1","Reboot","Self Repair","Chaos","Mayhem","Double Energy","Coolheaded+1","Self Repair+1","FTL+1","Melter+1","Machine Learning+1","Conserve Battery+1","Coolheaded+1","Mayhem","Madness","Madness"],"relics":["Cracked Core","Golden Idol","Whetstone","Letter Opener","Tiny House","Pen Nib","Centennial Puzzle","Ice Cream","Tiny Chest","DataDisk","Astrolabe","DollysMirror"],"potions_floor_usage":[16,19,23,23,24,27,33,40,40],"damage_taken":[{"damage":3,"enemies":"Cultist","floor":1,"turns":4},{"damage":3,"enemies":"Jaw Worm","floor":2,"turns":3},{"damage":0,"enemies":"Small Slimes","floor":3,"turns":3},{"damage":9,"enemies":"Blue Slaver","floor":4,"turns":4},{"damage":13,"enemies":"Large Slime","floor":7,"turns":7},{"damage":2,"enemies":"3 Louse","floor":12,"turns":3},{"damage":8,"enemies":"The Guardian","floor":16,"turns":15},{"damage":0,"enemies":"Shell Parasite","floor":18,"turns":6},{"damage":5,"enemies":"3 Byrds","floor":19,"turns":3},{"damage":0,"enemies":"Sentry and Sphere","floor":21,"turns":3},{"damage":0,"enemies":"Chosen and Byrds","floor":23,"turns":6},{"damage":70,"enemies":"Book of Stabbing","floor":24,"turns":12},{"damage":10,"enemies":"Snake Plant","floor":27,"turns":5},{"damage":27,"enemies":"Cultist and Chosen","floor":29,"turns":8},{"damage":12,"enemies":"Chosen and Byrds","floor":31,"turns":7},{"damage":34,"enemies":"Collector","floor":33,"turns":16},{"damage":26,"enemies":"Orb Walker","floor":35,"turns":5},{"damage":28,"enemies":"3 Shapes","floor":36,"turns":5},{"damage":48,"enemies":"Jaw Worm Horde","floor":40,"turns":5}],"seed_played":"-506646401313819582","potions_obtained":[{"floor":1,"key":"Block Potion"},{"floor":2,"key":"Weak Potion"},{"floor":12,"key":"Energy Potion"},{"floor":17,"key":"AttackPotion"},{"floor":18,"key":"LiquidBronze"},{"floor":19,"key":"GamblersBrew"},{"floor":23,"key":"SpeedPotion"},{"floor":31,"key":"Strength Potion"},{"floor":35,"key":"SteroidPotion"}],"is_trial":false,"path_per_floor":["M","M","M","M","?","R","M","R","T","$","?","M","T","?","R","B",null,"M","M","?","M","T","M","E","$","T","M","R","M","?","M","R","B",null,"M","M","?","$","?","M"],"character_chosen":"DEFECT","items_purchased":["Letter Opener","Ice Cream","Mayhem","DollysMirror","Fruit Juice"],"campfire_rested":2,"item_purchase_floors":[10,25,25,38,38],"current_hp_per_floor":[72,69,69,60,42,42,29,29,29,29,29,27,27,27,27,19,80,80,75,75,75,75,80,17,17,17,14,38,18,18,13,37,20,80,71,50,50,50,40,0],"gold":9,"neow_bonus":"TWO_FIFTY_GOLD","is_prod":false,"is_daily":false,"chose_seed":false,"campfire_upgraded":3,"win_rate":0,"timestamp":1541843332,"path_taken":["M","?","M","?","?","R","M","R","T","$","?","M","?","?","R","BOSS","M","M","?","?","?","M","E","$","T","?","R","M","?","M","R","BOSS","M","M","?","$","?","M"],"build_version":"2018-11-08","purchased_purges":2,"victory":false,"max_hp_per_floor":[75,75,75,75,75,75,75,75,75,75,75,75,75,75,75,75,80,80,80,80,80,80,80,80,80,80,80,80,80,80,80,80,80,80,80,80,80,80,80,85],"card_choices":[{"not_picked":["Force Field","Fusion"],"picked":"Go for the Eyes","floor":1},{"not_picked":["Cold Snap","Gash"],"picked":"Chaos","floor":2},{"not_picked":["Steam","Fusion"],"picked":"Undo","floor":3},{"not_picked":["Cold Snap","Fusion"],"picked":"Glacier","floor":4},{"not_picked":["Fission","Rebound"],"picked":"Melter","floor":7},{"not_picked":["Go for the Eyes","Scrape"],"picked":"Reinforced Body","floor":12},{"not_picked":["Biased Cognition","Thunder Strike"],"picked":"Reboot","floor":16},{"not_picked":["Cold Snap","Hologram","Leap"],"picked":"SKIP","floor":18},{"not_picked":["Storm+1","Fusion"],"picked":"Self Repair","floor":19},{"not_picked":["Aggregate","Steam Power"],"picked":"Chaos","floor":21},{"not_picked":["Turbo","Beam Cell+1","Cold Snap+1"],"picked":"SKIP","floor":23},{"not_picked":["Redo","Reboot"],"picked":"Consume+1","floor":24},{"not_picked":["Sweeping Beam","Skim"],"picked":"Double Energy","floor":27},{"not_picked":["Gash+1","Compile Driver"],"picked":"Coolheaded+1","floor":29},{"not_picked":["Sweeping Beam","Streamline"],"picked":"Self Repair+1","floor":31},{"not_picked":["Streamline+1","Blizzard+1"],"picked":"Conserve Battery+1","floor":35},{"not_picked":["Beam Cell+1","Conserve Battery"],"picked":"Coolheaded+1","floor":36}],"player_experience":289626,"relics_obtained":[{"floor":9,"key":"Whetstone"},{"floor":22,"key":"Pen Nib"},{"floor":24,"key":"Centennial Puzzle"},{"floor":26,"key":"Tiny Chest"}],"event_choices":[{"damage_healed":0,"gold_gain":0,"player_choice":"Take Damage","damage_taken":18,"relics_obtained":["Golden Idol"],"max_hp_gain":0,"max_hp_loss":0,"event_name":"Golden Idol","floor":5,"gold_loss":0},{"cards_removed":["Strike_B"],"damage_healed":0,"gold_gain":0,"player_choice":"Card Removal","damage_taken":0,"max_hp_gain":0,"max_hp_loss":0,"event_name":"The Cleric","floor":11,"gold_loss":50},{"damage_healed":0,"gold_gain":175,"player_choice":"AGREE","damage_taken":0,"max_hp_gain":0,"max_hp_loss":0,"event_name":"Liars Game","floor":14,"gold_loss":0,"cards_obtained":["Doubt"]},{"cards_removed":["Doubt"],"damage_healed":0,"gold_gain":0,"player_choice":"Removed Curses","damage_taken":0,"max_hp_gain":0,"max_hp_loss":0,"event_name":"Fountain of Cleansing","floor":20,"gold_loss":0},{"damage_healed":0,"gold_gain":0,"player_choice":"Opened","damage_taken":0,"relics_obtained":["DataDisk"],"max_hp_gain":0,"max_hp_loss":0,"event_name":"The Mausoleum","floor":30,"gold_loss":0},{"cards_removed":["Defend_B"],"damage_healed":0,"gold_gain":0,"player_choice":"Removed Skill","damage_taken":0,"max_hp_gain":0,"max_hp_loss":0,"event_name":"Falling","floor":37,"gold_loss":0},{"damage_healed":0,"gold_gain":0,"player_choice":"Embrace Madness","damage_taken":10,"max_hp_gain":0,"max_hp_loss":0,"event_name":"Winding Halls","floor":39,"gold_loss":0,"cards_obtained":["Madness","Madness"]}],"is_beta":true,"boss_relics":[{"not_picked":["Nuclear Battery","Calling Bell"],"picked":"Tiny House"},{"not_picked":["Sozu","Fusion Hammer"],"picked":"Astrolabe"}],"items_purged_floors":[10,25],"is_endless":false,"potions_floor_spawned":[1,2,12,18,19,23,31,35],"killed_by":"Jaw Worm Horde","ascension_level":0}