{"gold_per_floor":[115,127,127,146,73,98,118,118,118,118,135,135,135,145,145,243,243,261,277,288,288,288,288,298,10,78,78,78,78,93,106,106,209,209,222,222,276,294,313,313,343,356,424,436,453,471,471,490,490,490],"floor_reached":50,"playtime":4819,"items_purged":["Strike_G"],"score":556,"play_id":"34bc5e8b-f1f3-417d-a118-5dc4f0f6cc20","local_time":"20190726200903","is_ascension_mode":true,"campfire_choices":[{"data":"Footwork","floor":10.0,"key":"SMITH"},{"data":"Noxious Fumes","floor":12.0,"key":"SMITH"},{"data":"Neutralize","floor":15.0,"key":"SMITH"},{"data":"After Image","floor":23.0,"key":"SMITH"},{"data":"Blur","floor":29.0,"key":"SMITH"},{"data":"Caltrops","floor":32.0,"key":"SMITH"},{"data":"Blur","floor":40.0,"key":"SMITH"},{"data":"Crippling Poison","floor":47.0,"key":"SMITH"},{"floor":49.0,"key":"RECALL"}],"neow_cost":"NONE","seed_source_timestamp":0,"circlet_count":0,"master_deck":["Strike_G+1","Strike_G+1","Strike_G+1","Defend_G","Defend_G","Defend_G","Defend_G","Survivor","Neutralize+1","Expertise","Noxious Fumes+1","Dash+1","Footwork+1","Quick Slash","Tools of the Trade","Dodge and Roll","After Image+1","PiercingWail","Backflip","Flying Knee+1","Blur+1","Caltrops+1","Catalyst+1","Tools of the Trade","Noxious Fumes+1","Blur+1","Dash+1","Parasite","Footwork+1","Crippling Poison+1"],"special_seed":0,"relics":["Ring of the Snake","Bronze Scales","Gremlin Horn","Coffee Dripper","Bird Faced Urn","Vajra","Singing Bowl","Lizard Tail","Nunchaku","Whetstone","Dodecahedron"],"potions_floor_usage":[],"damage_taken":[{"damage":1.0,"enemies":"2 Louse","floor":1.0,"turns":3.0},{"damage":0.0,"enemies":"Cultist","floor":2.0,"turns":5.0},{"damage":1.0,"enemies":"Small Slimes","floor":4.0,"turns":4.0},{"damage":7.0,"enemies":"Lagavulin","floor":6.0,"turns":12.0},{"damage":8.0,"enemies":"2 Fungi Beasts","floor":7.0,"turns":4.0},{"damage":0.0,"enemies":"Blue Slaver","floor":11.0,"turns":4.0},{"damage":0.0,"enemies":"Red Slaver","floor":14.0,"turns":4.0},{"damage":22.0,"enemies":"Slime Boss","floor":16.0,"turns":12.0},{"damage":0.0,"enemies":"3 Byrds","floor":18.0,"turns":3.0},{"damage":2.0,"enemies":"2 Thieves","floor":19.0,"turns":5.0},{"damage":11.0,"enemies":"Centurion and Healer","floor":20.0,"turns":8.0},{"damage":7.0,"enemies":"Snecko","floor":24.0,"turns":6.0},{"damage":5.0,"enemies":"Colosseum Slavers","floor":28.0,"turns":6.0},{"damage":1.0,"enemies":"Colosseum Nobs","floor":28.0,"turns":2.0},{"damage":0.0,"enemies":"Chosen and Byrds","floor":30.0,"turns":5.0},{"damage":10.0,"enemies":"3 Cultists","floor":31.0,"turns":7.0},{"damage":3.0,"enemies":"Automaton","floor":33.0,"turns":11.0},{"damage":0.0,"enemies":"Orb Walker","floor":35.0,"turns":5.0},{"damage":45.0,"enemies":"2 Orb Walkers","floor":37.0,"turns":5.0},{"damage":15.0,"enemies":"3 Darklings","floor":38.0,"turns":6.0},{"damage":0.0,"enemies":"Maw","floor":39.0,"turns":8.0},{"damage":0.0,"enemies":"Nemesis","floor":41.0,"turns":9.0},{"damage":48.0,"enemies":"Sphere and 2 Shapes","floor":42.0,"turns":7.0},{"damage":36.0,"enemies":"Jaw Worm Horde","floor":44.0,"turns":5.0},{"damage":7.0,"enemies":"Writhing Mass","floor":45.0,"turns":6.0},{"damage":29.0,"enemies":"Transient","floor":46.0,"turns":5.0},{"damage":15.0,"enemies":"Maw","floor":48.0,"turns":7.0},{"damage":0,"enemies":"Awakened One","floor":50,"turns":1}],"seed_played":"-4254016574728531310","potions_obtained":[{"floor":1.0,"key":"FairyPotion"},{"floor":2.0,"key":"Block Potion"},{"floor":3.0,"key":"SmokeBomb"},{"floor":6.0,"key":"Regen Potion"},{"floor":20.0,"key":"EssenceOfSteel"},{"floor":30.0,"key":"Fire Potion"},{"floor":31.0,"key":"Weak Potion"},{"floor":35.0,"key":"Explosive Potion"},{"floor":37.0,"key":"Swift Potion"},{"floor":44.0,"key":"Explosive Potion"}],"is_trial":false,"path_per_floor":["M","M","?","M","$","E","M","?","T","R","M","R","?","M","R","B",null,"M","M","M","?","?","R","M","$","T","T","?","R","M","M","R","B",null,"M","?","?","M","M","R","E","M","T","M","M","M","R","M","R","B"],"character_chosen":"THE_SILENT","items_purchased":["Footwork","Vajra","Caltrops"],"campfire_rested":0,"item_purchase_floors":[5,25,25],"current_hp_per_floor":[69,69,69,68,68,61,53,39,39,39,39,39,39,39,39,32,70,70,68,57,57,57,57,58,58,58,58,69,69,70,62,62,69,72,72,72,37,36,52,52,68,34,34,10,15,10,10,11,11,11],"gold":490,"neow_bonus":"TRANSFORM_CARD","is_prod":false,"is_daily":false,"chose_seed":false,"campfire_upgraded":8,"win_rate":0,"timestamp":1564186143,"path_taken":["M","M","?","M","?","E","M","?","T","R","M","R","?","M","R","BOSS","M","M","M","?","?","R","?","$","T","?","?","R","M","M","R","BOSS","M","?","?","M","M","R","E","M","T","M","M","M","R","M","R","BOSS"],"build_version":"2019-07-17","purchased_purges":1,"victory":false,"max_hp_per_floor":[70,70,70,70,70,70,70,70,70,70,70,70,70,70,70,70,70,70,70,70,70,70,70,70,70,70,70,70,70,70,72,72,72,72,72,72,74,74,76,76,78,78,78,80,80,80,80,82,82,82],"card_choices":[{"not_picked":["Catalyst","Crippling Poison"],"picked":"Noxious Fumes","floor":1.0},{"not_picked":["Dagger Throw","Backflip"],"picked":"Dash","floor":2.0},{"not_picked":["Finisher","Distraction","Terror"],"picked":"SKIP","floor":4.0},{"not_picked":["Underhanded Strike","Acrobatics","Cloak And Dagger"],"picked":"SKIP","floor":6.0},{"not_picked":["PiercingWail","Acrobatics"],"picked":"Quick Slash","floor":7.0},{"not_picked":["Deadly Poison","Underhanded Strike"],"picked":"Tools of the Trade","floor":11.0},{"not_picked":["Endless Agony","Cloak And Dagger"],"picked":"Dodge and Roll","floor":14.0},{"not_picked":["Wraith Form v2","A Thousand Cuts"],"picked":"After Image","floor":16.0},{"not_picked":["Predator","Acrobatics"],"picked":"PiercingWail","floor":18.0},{"not_picked":["Blade Dance","Crippling Poison"],"picked":"Backflip","floor":19.0},{"not_picked":["Underhanded Strike","Distraction+1"],"picked":"Flying Knee","floor":20.0},{"not_picked":["Prepared","Deadly Poison"],"picked":"Blur","floor":24.0},{"not_picked":["PiercingWail","Concentrate+1"],"picked":"Catalyst+1","floor":30.0},{"not_picked":["Prepared","Quick Slash","Dodge and Roll"],"picked":"Singing Bowl","floor":31.0},{"not_picked":["Malaise","Night Terror"],"picked":"Tools of the Trade","floor":33.0},{"not_picked":["Bane","Terror"],"picked":"Noxious Fumes+1","floor":35.0},{"not_picked":["Outmaneuver","Blade Dance","Riddle With Holes"],"picked":"Singing Bowl","floor":37.0},{"not_picked":["Bane+1","Tactician"],"picked":"Blur","floor":38.0},{"not_picked":["Choke+1","Blade Dance+1","Heel Hook"],"picked":"Singing Bowl","floor":39.0},{"not_picked":["Cloak And Dagger+1","Slice","Glass Knife"],"picked":"Singing Bowl","floor":41.0},{"not_picked":["Sucker Punch","Concentrate+1"],"picked":"Dash+1","floor":42.0},{"not_picked":["Sucker Punch+1","Outmaneuver","Cloak And Dagger+1"],"picked":"Singing Bowl","floor":44.0},{"not_picked":["Backflip","Dagger Throw"],"picked":"Footwork+1","floor":45.0},{"not_picked":["Slice","Tactician+1"],"picked":"Crippling Poison","floor":46.0},{"not_picked":["Bane+1","Acrobatics+1","Doppelganger"],"picked":"Singing Bowl","floor":48.0}],"player_experience":793092,"relics_obtained":[{"floor":6.0,"key":"Bronze Scales"},{"floor":9.0,"key":"Gremlin Horn"},{"floor":27.0,"key":"Singing Bowl"},{"floor":37.0,"key":"Nunchaku"},{"floor":41.0,"key":"Whetstone"},{"floor":43.0,"key":"Dodecahedron"}],"event_choices":[{"damage_healed":0.0,"max_hp_gain":0.0,"max_hp_loss":0.0,"gold_gain":0.0,"event_name":"Lab","player_choice":"Got Potions","floor":3.0,"gold_loss":0.0,"damage_taken":0.0},{"damage_healed":0.0,"max_hp_gain":0.0,"max_hp_loss":0.0,"gold_gain":0.0,"event_name":"Shining Light","player_choice":"Entered Light","floor":8.0,"gold_loss":0.0,"damage_taken":14.0,"cards_upgraded":["Strike_G","Strike_G"]},{"damage_healed":0.0,"max_hp_gain":0.0,"max_hp_loss":0.0,"gold_gain":0.0,"event_name":"Living Wall","player_choice":"Grow","floor":13.0,"gold_loss":0.0,"damage_taken":0.0,"cards_upgraded":["Dash"]},{"damage_healed":0.0,"max_hp_gain":0.0,"max_hp_loss":0.0,"gold_gain":0.0,"event_name":"The Mausoleum","player_choice":"Opened","floor":21.0,"gold_loss":0.0,"damage_taken":0.0,"relics_obtained":["Bird Faced Urn"],"cards_obtained":["Writhe"]},{"cards_removed":["Writhe"],"damage_healed":0.0,"max_hp_gain":0.0,"max_hp_loss":0.0,"gold_gain":0.0,"event_name":"Fountain of Cleansing","player_choice":"Removed Curses","floor":22.0,"gold_loss":0.0,"damage_taken":0.0},{"damage_healed":0.0,"max_hp_gain":0.0,"max_hp_loss":0.0,"gold_gain":0.0,"event_name":"Colosseum","player_choice":"Fight","floor":28.0,"gold_loss":0.0,"damage_taken":0.0},{"damage_healed":0.0,"max_hp_gain":0.0,"max_hp_loss":0.0,"gold_gain":0.0,"event_name":"Colosseum","player_choice":"Fought Nobs","floor":28.0,"gold_loss":0.0,"damage_taken":0.0},{"cards_removed":["Defend_G"],"damage_healed":0.0,"max_hp_gain":0.0,"max_hp_loss":0.0,"gold_gain":0.0,"event_name":"Falling","player_choice":"Removed Skill","floor":36.0,"gold_loss":0.0,"damage_taken":0.0},{"damage_healed":0.0,"max_hp_gain":0.0,"max_hp_loss":0.0,"gold_gain":0.0,"event_name":"Mysterious Sphere","player_choice":"Fight","floor":37.0,"gold_loss":0.0,"damage_taken":0.0}],"is_beta":false,"boss_relics":[{"not_picked":["Calling Bell","Runic Dome"],"picked":"Coffee Dripper"},{"not_picked":["Fusion Hammer","Snecko Eye"],"picked":"Lizard Tail"}],"items_purged_floors":[25],"is_endless":false,"potions_floor_spawned":[1,2,6,7,14,20,24,28,30,31,35,37,44],"killed_by":"Awakened One","ascension_level":2}