{"path_per_floor":["M","?","M","T","?","E","R","?","T","R","?","?","?","M","R","B",null,"M","$","?","?","?","R","M","R","T","R","M","M","M","$","R","B",null,"M","?","$","?","$","R","?","?","T","M","R","E","M","M","R"],"character_chosen":"DEFECT","items_purchased":["Mummified Hand","PowerPotion","Whetstone","Orichalcum","Bronze Scales","FocusPotion"],"gold_per_floor":[109,109,125,125,125,158,158,158,158,158,158,333,333,347,347,478,516,540,225,225,225,225,225,246,246,273,273,291,315,331,33,33,163,163,188,521,37,0,0,0,0,0,24,37,37,68,88,102,102,102],"floor_reached":50,"campfire_rested":0,"playtime":3648,"current_hp_per_floor":[75,75,75,75,68,43,43,43,43,43,48,48,48,56,56,56,85,76,76,60,60,60,60,62,62,62,62,47,55,63,63,63,36,90,85,85,85,85,85,85,85,74,74,81,81,62,64,81,81,0],"items_purged":["Normality","Doubt","Writhe"],"gold":102,"score":539,"play_id":"fcf70edb-13c9-43ea-ac45-450abc824268","local_time":"20180509025537","is_prod":false,"is_daily":false,"chose_seed":false,"is_ascension_mode":false,"campfire_upgraded":10,"timestamp":1525848937,"path_taken":["M","?","M","?","?","E","R","?","T","R","?","?","?","M","R","BOSS","M","$","?","?","?","R","M","R","T","R","M","M","M","$","R","BOSS","M","?","$","?","?","R","?","?","T","M","R","E","M","M","R","BOSS"],"build_version":"2018-05-08","seed_source_timestamp":452677689187424,"purchased_purges":4,"victory":false,"master_deck":["Strike_B","Strike_B+1","Strike_B+1","Defend_B+1","Defend_B+1","Defend_B+1","Defend_B+1","Zap+1","Dualcast+1","Genetic Algorithm+1","Self Repair+1","Hello World","Injury","Darkness+1","Machine Learning+1","Darkness+1","Skim+1","Loop+1","Stack+1","Leap+1","Capacitor+1","Creative AI+1","Madness","Madness+1","Loop","Heatsinks","Capacitor+1","Chaos+1"],"max_hp_per_floor":[75,75,75,75,75,75,75,75,75,75,80,80,80,80,80,80,85,85,85,90,90,90,90,90,90,90,90,90,90,90,90,90,90,90,90,90,90,90,90,90,90,90,90,90,90,90,90,90,90,90],"relics":["Cracked Core","Juzu Bracelet","Gremlin Horn","Bird Faced Urn","Question Card","Toxic Egg 2","Tiny House","Mummified Hand","Anchor","Blood Vial","Whetstone","Velvet Choker","Orichalcum","Bronze Scales","Red Mask","Bag of Preparation","Ancient Tea Set"],"card_choices":[{"not_picked":["Sweeping Beam","Go for the Eyes"],"picked":"Genetic Algorithm","floor":1},{"not_picked":["Leap","BootSequence"],"picked":"Self Repair","floor":3},{"not_picked":["Consume","Sweeping Beam"],"picked":"Hello World","floor":6},{"not_picked":["Sweeping Beam","Stack","Coolheaded"],"picked":"Darkness","floor":14},{"not_picked":["Thunder Strike","Seek","Rainbow"],"picked":"Machine Learning","floor":16},{"not_picked":["Cold Snap","Tempest","Steam"],"picked":"Darkness","floor":17},{"not_picked":["Scrape","Rip and Tear","Sweeping Beam"],"picked":"Skim","floor":18},{"not_picked":["Streamline","Steam","Impulse"],"picked":"Loop","floor":24},{"not_picked":["Consume","Reinforced Body","Steam"],"picked":"Stack","floor":28},{"not_picked":["Streamline","Lockon","Thunder Strike"],"picked":"Leap","floor":29},{"not_picked":["Beam Cell","Coolheaded","Skim"],"picked":"Capacitor","floor":30},{"not_picked":["Buffer","Fission","Fusion"],"picked":"Creative AI","floor":33},{"not_picked":["Gash","Go for the Eyes","Cold Snap"],"picked":"Loop","floor":44},{"not_picked":["Ball Lightning","Aggregate","Fission"],"picked":"Heatsinks","floor":46},{"not_picked":["BootSequence","Axe Kick","Glacier"],"picked":"Capacitor","floor":47},{"not_picked":["Rebound","Barrage","Beam Cell"],"picked":"Chaos","floor":48}],"player_experience":10462,"potions_floor_usage":[16,24,29,33,33,33,48,50,50],"damage_taken":[{"damage":0,"enemies":"Jaw Worm","floor":1,"turns":4},{"damage":0,"enemies":"Cultist","floor":3,"turns":4},{"damage":32,"enemies":"Lagavulin","floor":6,"turns":8},{"damage":1,"enemies":"2 Louse","floor":14,"turns":2},{"damage":11,"enemies":"Slime Boss","floor":16,"turns":7},{"damage":25,"enemies":"Chosen","floor":18,"turns":6},{"damage":14,"enemies":"3 Byrds","floor":24,"turns":4},{"damage":23,"enemies":"Snecko","floor":28,"turns":5},{"damage":12,"enemies":"Centurion and Healer","floor":29,"turns":8},{"damage":12,"enemies":"Chosen and Byrds","floor":30,"turns":4},{"damage":41,"enemies":"Collector","floor":33,"turns":11},{"damage":28,"enemies":"Orb Walker","floor":35,"turns":7},{"damage":21,"enemies":"3 Shapes","floor":44,"turns":5},{"damage":50,"enemies":"Giant Head","floor":46,"turns":8},{"damage":34,"enemies":"Sphere and 2 Shapes","floor":47,"turns":5},{"damage":19,"enemies":"Flame Bruiser 2 Orb","floor":48,"turns":6},{"damage":101,"enemies":"Awakened One","floor":50,"turns":5}],"event_choices":[{"event_name":"Upgrade Shrine","player_choice":"Upgraded","floor":2,"damage_taken":0},{"event_name":"Golden Wing","player_choice":"Card Removal","floor":5,"damage_taken":0},{"event_name":"Accursed Blacksmith","player_choice":"Rummage","floor":8,"damage_taken":0},{"event_name":"Big Fish","player_choice":"Donut","floor":11,"damage_taken":0},{"event_name":"Liars Game","player_choice":"agreed","floor":12,"damage_taken":0},{"event_name":"Golden Idol","player_choice":"Take Wound","floor":13,"damage_taken":0},{"event_name":"Forgotten Altar","player_choice":"Shed Blood","floor":20,"damage_taken":0},{"event_name":"Vampires","player_choice":"Ignored","floor":21,"damage_taken":0},{"event_name":"The Mausoleum","player_choice":"Yes","floor":22,"damage_taken":0},{"event_name":"The Moai Head","player_choice":"Gave Idol","floor":36,"damage_taken":0},{"event_name":"Tomb of Lord Red Mask","player_choice":"Paid","floor":38,"damage_taken":0},{"event_name":"Mysterious Sphere","player_choice":"Ignore","floor":41,"damage_taken":0},{"event_name":"Winding Halls","player_choice":"Embrace Madness","floor":42,"damage_taken":0}],"boss_relics":[{"not_picked":["White Beast Statue","Nuclear Battery"],"picked":"Tiny House"},{"not_picked":["Cursed Key","Sozu"],"picked":"Velvet Choker"}],"potions_floor_spawned":[6,16,18,28,44,46,47],"seed_played":"2760889397284054964","killed_by":"Awakened One","ascension_level":0,"is_trial":false}