{"gold_per_floor":[367,367,56,56,72,102,102,135,135,161,10,21,32,61,61,158,158,173,98,98,114,124,154,154,154,154,189,12,12,30,59,59,158,158,172,191,145,161,181,207,207,242,242,242,273,289,289,303,303,303,303,303,28,53,53],"floor_reached":55,"playtime":6904,"items_purged":[],"score":909,"play_id":"2d8ff3b7-2563-4f1d-89f9-561e6c96ab82","local_time":"20190717111004","is_ascension_mode":true,"campfire_choices":[{"floor":7,"key":"REST"},{"floor":15,"key":"REST"},{"floor":25,"key":"REST"},{"floor":29,"key":"REST"},{"data":"Dodge and Roll","floor":32,"key":"SMITH"},{"floor":41,"key":"REST"},{"floor":47,"key":"RECALL"},{"floor":49,"key":"REST"},{"data":"After Image","floor":52,"key":"SMITH"}],"neow_cost":"CURSE","seed_source_timestamp":144113131380804,"circlet_count":0,"master_deck":["Strike_G+1","Strike_G+1","Strike_G+1","Strike_G+1","Defend_G+1","Defend_G+1","Defend_G+1","Defend_G+1","Survivor+1","Neutralize+1","Shame","Quick Slash","Sucker Punch","Bane+1","Dagger Spray","Footwork","Infinite Blades","Dodge and Roll+1","Backstab+1","Noxious Fumes","Cloak And Dagger+1","PiercingWail","Envenom","Burst","Well Laid Plans","Accuracy","Calculated Gamble+1","Leg Sweep+1","Blade Dance+1","Tactician+1","After Image+1","PiercingWail+1","Finisher+1","Accuracy+1","Thinking Ahead+1","Acrobatics+1","Tactician+1","Blur+1"],"relics":["Ring of the Serpent","Ninja Scroll","Mercury Hourglass","Molten Egg 2","Shuriken","Centennial Puzzle","Happy Flower","HoveringKite","Toxic Egg 2","MutagenicStrength","Regal Pillow","Blue Candle","Mango","Paper Crane","War Paint","Snake Skull","Whetstone","Kunai"],"potions_floor_usage":[6,10,16,16,18,23,27,27,30,31,33,33,38,40,42,42,45,54,55,55],"damage_taken":[{"damage":0,"enemies":"2 Louse","floor":1,"turns":3},{"damage":0,"enemies":"Cultist","floor":5,"turns":3},{"damage":26,"enemies":"Lagavulin","floor":6,"turns":5},{"damage":25,"enemies":"Gremlin Nob","floor":8,"turns":4},{"damage":9,"enemies":"3 Sentries","floor":10,"turns":4},{"damage":0,"enemies":"Jaw Worm","floor":12,"turns":1},{"damage":0,"enemies":"Looter","floor":13,"turns":2},{"damage":2,"enemies":"Gremlin Nob","floor":14,"turns":3},{"damage":9,"enemies":"The Guardian","floor":16,"turns":10},{"damage":1,"enemies":"Chosen","floor":18,"turns":4},{"damage":0,"enemies":"3 Byrds","floor":21,"turns":4},{"damage":7,"enemies":"Snecko","floor":22,"turns":4},{"damage":36,"enemies":"Book of Stabbing","floor":23,"turns":6},{"damage":9,"enemies":"Slavers","floor":27,"turns":4},{"damage":0,"enemies":"Snake Plant","floor":30,"turns":4},{"damage":10,"enemies":"Book of Stabbing","floor":31,"turns":6},{"damage":22,"enemies":"Champ","floor":33,"turns":10},{"damage":10,"enemies":"3 Darklings","floor":35,"turns":3},{"damage":4,"enemies":"3 Shapes","floor":36,"turns":4},{"damage":8,"enemies":"Jaw Worm Horde","floor":38,"turns":5},{"damage":28,"enemies":"3 Darklings","floor":39,"turns":5},{"damage":1,"enemies":"Reptomancer","floor":40,"turns":6},{"damage":0,"enemies":"Giant Head","floor":42,"turns":9},{"damage":14,"enemies":"Nemesis","floor":45,"turns":5},{"damage":9,"enemies":"Maw","floor":46,"turns":5},{"damage":9,"enemies":"4 Shapes","floor":48,"turns":3},{"damage":50,"enemies":"Awakened One","floor":50,"turns":13},{"damage":34,"enemies":"Shield and Spear","floor":54,"turns":9},{"damage":52,"enemies":"The Heart","floor":55,"turns":3}],"seed_played":"734980045219667542","potions_obtained":[{"floor":1,"key":"Strength Potion"},{"floor":6,"key":"Energy Potion"},{"floor":8,"key":"SteroidPotion"},{"floor":12,"key":"SpeedPotion"},{"floor":13,"key":"SkillPotion"},{"floor":16,"key":"Ancient Potion"},{"floor":18,"key":"Poison Potion"},{"floor":21,"key":"Poison Potion"},{"floor":23,"key":"Fire Potion"},{"floor":31,"key":"EssenceOfSteel"},{"floor":33,"key":"Strength Potion"},{"floor":35,"key":"Block Potion"},{"floor":36,"key":"Dexterity Potion"},{"floor":38,"key":"AttackPotion"},{"floor":42,"key":"Poison Potion"},{"floor":48,"key":"Energy Potion"},{"floor":54,"key":"EssenceOfSteel"}],"is_trial":false,"path_per_floor":["M","?","$","?","M","E","R","E","T","E","$","M","M","E","R","B",null,"M","?","?","M","M","E","?","R","T","E","$","R","M","E","R","B",null,"M","M","$","M","M","E","R","E","T","?","E","M","R","M","R","B",null,"R","$","E","B"],"character_chosen":"THE_SILENT","items_purchased":["Sucker Punch","Ninja Scroll","Backstab+1","Noxious Fumes","Leg Sweep+1","Block Potion","FearPotion","PiercingWail+1","Whetstone","Strength Potion","LiquidBronze"],"campfire_rested":6,"item_purchase_floors":[3,3,11,11,28,28,28,37,53,53,53],"current_hp_per_floor":[70,70,70,70,70,44,65,40,40,31,31,31,31,29,50,41,70,69,69,69,69,62,26,26,47,47,38,38,70,70,74,74,52,84,74,70,70,62,34,33,73,73,73,73,59,50,50,41,81,31,84,84,84,50,0],"gold":53,"neow_bonus":"TWO_FIFTY_GOLD","is_prod":false,"is_daily":false,"chose_seed":false,"campfire_upgraded":2,"win_rate":0,"timestamp":1563379804,"path_taken":["M","?","$","?","M","E","R","E","T","E","$","M","?","E","R","BOSS","M","?","?","M","M","E","?","R","T","E","$","R","M","E","R","BOSS","M","M","$","M","M","E","R","E","T","?","E","M","R","M","R","BOSS","R","$","E","BOSS"],"build_version":"2019-07-05","purchased_purges":0,"victory":false,"max_hp_per_floor":[70,70,70,70,70,70,70,70,70,70,70,70,70,70,70,70,70,70,70,70,70,70,70,70,70,70,70,70,70,70,84,84,84,84,84,84,84,84,84,84,84,84,84,84,84,84,84,84,84,84,84,84,84,84,84],"card_choices":[{"not_picked":["Reflex","Prepared"],"picked":"Quick Slash","floor":1},{"not_picked":["Reflex","Dodge and Roll"],"picked":"Dagger Spray","floor":5},{"not_picked":["Catalyst","Prepared"],"picked":"Footwork","floor":6},{"not_picked":["PiercingWail","Blade Dance"],"picked":"Infinite Blades","floor":8},{"not_picked":["Glass Knife+1","Distraction"],"picked":"Dodge and Roll","floor":10},{"not_picked":["Eviscerate+1","All Out Attack+1"],"picked":"Cloak And Dagger","floor":12},{"not_picked":["Catalyst","Deflect"],"picked":"PiercingWail","floor":13},{"not_picked":["Dagger Spray+1","Outmaneuver"],"picked":"Envenom","floor":14},{"not_picked":["Unload+1","Doppelganger"],"picked":"Burst","floor":16},{"not_picked":["Acrobatics","Dodge and Roll+1"],"picked":"Well Laid Plans","floor":18},{"not_picked":["PiercingWail+1","Dash+1","Crippling Poison+1"],"picked":"SKIP","floor":21},{"not_picked":["Outmaneuver","Backstab+1"],"picked":"Accuracy","floor":22},{"not_picked":["Catalyst+1","Cloak And Dagger","Skewer+1"],"picked":"SKIP","floor":23},{"not_picked":["Masterful Stab+1","Noxious Fumes"],"picked":"Calculated Gamble+1","floor":27},{"not_picked":["Dagger Throw+1","Caltrops+1"],"picked":"Blade Dance+1","floor":30},{"not_picked":["Crippling Poison+1","Deflect+1"],"picked":"Tactician+1","floor":31},{"not_picked":["Venomology+1","Glass Knife+1"],"picked":"After Image","floor":33},{"not_picked":["Dodge and Roll+1","Slice+1","Underhanded Strike+1"],"picked":"SKIP","floor":35},{"not_picked":["Quick Slash+1","Dagger Throw+1","Poisoned Stab+1"],"picked":"SKIP","floor":36},{"not_picked":["Infinite Blades+1","Tactician+1"],"picked":"Finisher+1","floor":38},{"not_picked":["Deadly Poison+1","PiercingWail+1","Masterful Stab+1"],"picked":"SKIP","floor":39},{"not_picked":["Choke+1","Dodge and Roll+1","Footwork+1"],"picked":"SKIP","floor":40},{"not_picked":["Sucker Punch+1","Deflect+1"],"picked":"Accuracy+1","floor":42},{"not_picked":["Impatience+1","Madness+1"],"picked":"Thinking Ahead+1","floor":44},{"not_picked":["Flying Knee+1","All Out Attack+1","Eviscerate+1"],"picked":"SKIP","floor":45},{"not_picked":["Flying Knee+1","Catalyst+1"],"picked":"Acrobatics+1","floor":46},{"not_picked":["Dodge and Roll+1","Well Laid Plans"],"picked":"Tactician+1","floor":48},{"not_picked":["Predator+1","Heel Hook+1"],"picked":"Blur+1","floor":54}],"player_experience":188352,"relics_obtained":[{"floor":6,"key":"Mercury Hourglass"},{"floor":8,"key":"Molten Egg 2"},{"floor":9,"key":"Shuriken"},{"floor":10,"key":"Centennial Puzzle"},{"floor":14,"key":"Happy Flower"},{"floor":23,"key":"Toxic Egg 2"},{"floor":26,"key":"Regal Pillow"},{"floor":27,"key":"Blue Candle"},{"floor":31,"key":"Mango"},{"floor":40,"key":"Paper Crane"},{"floor":42,"key":"War Paint"},{"floor":45,"key":"Snake Skull"},{"floor":54,"key":"Kunai"}],"event_choices":[{"damage_healed":0,"gold_gain":0,"player_choice":"Leave","damage_taken":0,"max_hp_gain":0,"max_hp_loss":0,"event_name":"The Cleric","floor":2,"gold_loss":0},{"damage_healed":0,"gold_gain":0,"cards_transformed":["Strike_G"],"player_choice":"Transformed","damage_taken":0,"max_hp_gain":0,"max_hp_loss":0,"event_name":"Transmorgrifier","floor":4,"gold_loss":0,"cards_obtained":["Bane"]},{"cards_removed":["Defend_G"],"damage_healed":0,"gold_gain":0,"player_choice":"Gave Gold","damage_taken":0,"max_hp_gain":0,"max_hp_loss":0,"event_name":"Beggar","floor":19,"gold_loss":75},{"damage_healed":0,"gold_gain":0,"player_choice":"Simplicity","damage_taken":0,"max_hp_gain":0,"max_hp_loss":0,"event_name":"Back to Basics","floor":20,"gold_loss":0,"cards_upgraded":["Strike_G","Strike_G","Strike_G","Strike_G","Defend_G","Defend_G","Defend_G","Defend_G"]},{"damage_healed":0,"gold_gain":0,"player_choice":"Inject Mutagens","damage_taken":0,"relics_obtained":["MutagenicStrength"],"max_hp_gain":0,"max_hp_loss":0,"event_name":"Drug Dealer","floor":24,"gold_loss":0},{"damage_healed":0,"gold_gain":0,"player_choice":"Memory 1","damage_taken":0,"max_hp_gain":0,"max_hp_loss":0,"event_name":"SensoryStone","floor":44,"gold_loss":0}],"is_beta":false,"boss_relics":[{"not_picked":["Calling Bell","Black Star"],"picked":"HoveringKite"},{"not_picked":["Runic Dome","Philosopher\u0027s Stone"],"picked":"Ring of the Serpent"}],"items_purged_floors":[],"is_endless":false,"potions_floor_spawned":[1,6,8,12,13,16,18,21,23,31,33,35,36,38,42,48,54],"killed_by":"The Heart","ascension_level":1}