{"gold_per_floor":[218,233,43,43,318,345,356,26,104,123,123,143,158,186,186,284,284,300,300,300,300,300,331,6,36,83,117,117,128,148,18,18,113,113,130,142,16,36,0,0,28,40,108,61,95,107,107,124,124,124],"floor_reached":51,"playtime":2416,"items_purged":["Regret"],"score":1173,"play_id":"cb92af20-29f7-4304-b05e-de8dd21f4007","local_time":"20190714224203","is_ascension_mode":true,"campfire_choices":[{"floor":11,"key":"REST"},{"data":"Catalyst","floor":15,"key":"SMITH"},{"data":"Catalyst","floor":28,"key":"SMITH"},{"data":"Well Laid Plans","floor":32,"key":"SMITH"},{"data":"Trip","floor":40,"key":"SMITH"},{"data":"Adrenaline","floor":47,"key":"SMITH"},{"data":"Adrenaline","floor":49,"key":"SMITH"}],"neow_cost":"NONE","seed_source_timestamp":1644880185248700,"circlet_count":0,"master_deck":["Strike_G","Strike_G","Strike_G","Strike_G","Defend_G","Defend_G+1","Defend_G","Defend_G+1","Defend_G","Survivor","Neutralize+1","Backstab","Flying Knee","Dagger Spray","Backstab","Catalyst+1","PiercingWail","Deadly Poison","Crippling Poison","Glass Knife","Malaise","Noxious Fumes","Catalyst+1","Poisoned Stab+1","Trip+1","Well Laid Plans+1","Master of Strategy","Blur+1","Calculated Gamble","Poisoned Stab+1","Die Die Die+1","Adrenaline+1","Crippling Poison+1","PiercingWail+1","Sucker Punch+1","Adrenaline+1","Bane+1","Dagger Throw+1","Mind Blast+1","Bane+1","Riddle With Holes+1","Footwork"],"relics":["Ring of the Snake","TwistedFunnel","PreservedInsect","Membership Card","War Paint","Kunai","Letter Opener","Sozu","Pantograph","MutagenicStrength","Blood Vial","Dead Branch","Molten Egg 2","Oddly Smooth Stone","The Specimen","Bottled Flame","Philosopher\u0027s Stone","ClockworkSouvenir","Red Mask","Paper Crane","Dodecahedron","Mango"],"potions_floor_usage":[6,16,27],"damage_taken":[{"damage":0,"enemies":"Small Slimes","floor":1,"turns":3},{"damage":0,"enemies":"2 Louse","floor":2,"turns":2},{"damage":34,"enemies":"3 Sentries","floor":6,"turns":6},{"damage":2,"enemies":"Cultist","floor":7,"turns":2},{"damage":0,"enemies":"Lots of Slimes","floor":10,"turns":2},{"damage":0,"enemies":"Looter","floor":12,"turns":2},{"damage":0,"enemies":"3 Louse","floor":13,"turns":1},{"damage":3,"enemies":"Lagavulin","floor":14,"turns":3},{"damage":20,"enemies":"Hexaghost","floor":16,"turns":6},{"damage":4,"enemies":"Shell Parasite","floor":18,"turns":4},{"damage":1,"enemies":"Slavers","floor":23,"turns":3},{"damage":0,"enemies":"Gremlin Leader","floor":25,"turns":2},{"damage":3,"enemies":"Book of Stabbing","floor":27,"turns":3},{"damage":0,"enemies":"Spheric Guardian","floor":29,"turns":1},{"damage":0,"enemies":"Chosen and Byrds","floor":30,"turns":4},{"damage":22,"enemies":"Automaton","floor":33,"turns":8},{"damage":0,"enemies":"3 Shapes","floor":35,"turns":1},{"damage":1,"enemies":"Orb Walker","floor":36,"turns":2},{"damage":0,"enemies":"Maw","floor":38,"turns":4},{"damage":0,"enemies":"Nemesis","floor":41,"turns":3},{"damage":0,"enemies":"Transient","floor":42,"turns":5},{"damage":0,"enemies":"Reptomancer","floor":45,"turns":1},{"damage":0,"enemies":"3 Darklings","floor":46,"turns":1},{"damage":0,"enemies":"4 Shapes","floor":48,"turns":1},{"damage":19,"enemies":"Donu and Deca","floor":50,"turns":5}],"seed_played":"7294150094426489449","potions_obtained":[{"floor":2,"key":"Explosive Potion"},{"floor":7,"key":"Energy Potion"},{"floor":13,"key":"AttackPotion"}],"is_trial":false,"path_per_floor":["M","M","$","?","?","E","M","$","T","M","R","M","M","E","R","B",null,"M","?","?","?","?","E","$","E","T","E","R","M","M","$","R","B",null,"M","M","$","M","?","R","E","M","T","$","E","M","R","M","R","B",null],"character_chosen":"THE_SILENT","items_purchased":["TwistedFunnel","Membership Card","Catalyst","War Paint","Dead Branch","Trip","Well Laid Plans","Master of Strategy","Bottled Flame","ClockworkSouvenir","Sucker Punch+1","Mind Blast+1"],"campfire_rested":1,"item_purchase_floors":[3,8,8,8,24,24,24,24,31,37,37,44],"current_hp_per_floor":[63,63,63,63,63,29,27,27,27,27,48,48,48,45,45,25,59,55,55,55,55,55,54,54,56,56,55,55,57,59,59,59,48,65,67,68,68,70,70,70,70,70,70,70,84,84,84,84,84,65],"gold":124,"neow_bonus":"HUNDRED_GOLD","is_prod":false,"is_daily":false,"chose_seed":false,"campfire_upgraded":6,"win_rate":0,"timestamp":1563158523,"path_taken":["M","M","$","?","?","E","M","$","T","?","R","?","M","E","R","BOSS","M","?","?","?","?","E","$","E","T","E","R","?","M","$","R","BOSS","M","M","$","M","?","R","E","M","T","$","E","M","R","M","R","BOSS"],"build_version":"2019-07-05","purchased_purges":1,"victory":true,"max_hp_per_floor":[70,70,70,70,70,70,70,70,70,70,70,70,70,70,70,70,70,70,70,70,70,70,70,70,70,70,70,70,70,70,70,70,70,70,70,70,70,70,70,70,70,70,70,70,84,84,84,84,84,84],"card_choices":[{"not_picked":["Backflip","Prepared"],"picked":"Backstab","floor":1},{"not_picked":["Slice","Finisher"],"picked":"Flying Knee","floor":2},{"not_picked":["Prepared","Reflex"],"picked":"Dagger Spray","floor":6},{"not_picked":["Dagger Spray","Underhanded Strike"],"picked":"Backstab","floor":7},{"not_picked":["Prepared","Cloak And Dagger"],"picked":"PiercingWail","floor":10},{"not_picked":["Endless Agony","Crippling Poison"],"picked":"Deadly Poison","floor":12},{"not_picked":["PiercingWail","Deflect"],"picked":"Crippling Poison","floor":13},{"not_picked":["Cloak And Dagger","Acrobatics"],"picked":"Glass Knife","floor":14},{"not_picked":["After Image","Storm of Steel"],"picked":"Malaise","floor":16},{"not_picked":["Dagger Throw+1","Underhanded Strike+1"],"picked":"Noxious Fumes","floor":18},{"not_picked":["Bane","Sucker Punch"],"picked":"Poisoned Stab+1","floor":23},{"not_picked":["Expertise+1","Endless Agony"],"picked":"Blur+1","floor":25},{"not_picked":["Reflex","Masterful Stab+1"],"picked":"Calculated Gamble","floor":27},{"not_picked":["Bouncing Flask","Dagger Throw+1"],"picked":"Poisoned Stab+1","floor":29},{"not_picked":["Acrobatics","Terror"],"picked":"Die Die Die+1","floor":30},{"not_picked":["Grand Finale+1","Malaise"],"picked":"Adrenaline","floor":33},{"not_picked":["Blur+1","Deflect"],"picked":"Crippling Poison+1","floor":35},{"not_picked":["Distraction","Masterful Stab+1"],"picked":"PiercingWail+1","floor":36},{"not_picked":["Predator+1","Cloak And Dagger"],"picked":"Adrenaline","floor":38},{"not_picked":["Cloak And Dagger","Caltrops+1"],"picked":"Bane+1","floor":41},{"not_picked":["Outmaneuver","Finisher+1"],"picked":"Dagger Throw+1","floor":42},{"not_picked":["Concentrate","Escape Plan"],"picked":"Bane+1","floor":45},{"not_picked":["Noxious Fumes+1","Dagger Throw+1"],"picked":"Riddle With Holes+1","floor":46},{"not_picked":["Acrobatics+1","Tactician"],"picked":"Footwork","floor":48}],"player_experience":639760,"relics_obtained":[{"floor":6,"key":"PreservedInsect"},{"floor":9,"key":"Kunai"},{"floor":14,"key":"Letter Opener"},{"floor":23,"key":"Blood Vial"},{"floor":25,"key":"Molten Egg 2"},{"floor":26,"key":"Oddly Smooth Stone"},{"floor":27,"key":"The Specimen"},{"floor":41,"key":"Paper Crane"},{"floor":43,"key":"Dodecahedron"},{"floor":45,"key":"Mango"}],"event_choices":[{"damage_healed":0,"gold_gain":0,"player_choice":"Grow","damage_taken":0,"max_hp_gain":0,"max_hp_loss":0,"event_name":"Living Wall","floor":4,"gold_loss":0,"cards_upgraded":["Neutralize"]},{"damage_healed":0,"gold_gain":275,"player_choice":"Desecrate","damage_taken":0,"max_hp_gain":0,"max_hp_loss":0,"event_name":"Golden Shrine","floor":5,"gold_loss":0,"cards_obtained":["Regret"]},{"damage_healed":0,"gold_gain":0,"player_choice":"Opened","damage_taken":0,"relics_obtained":["Pantograph"],"max_hp_gain":0,"max_hp_loss":0,"event_name":"The Mausoleum","floor":19,"gold_loss":0},{"damage_healed":0,"gold_gain":0,"player_choice":"Read","damage_taken":0,"max_hp_gain":0,"max_hp_loss":0,"event_name":"The Library","floor":20,"gold_loss":0,"cards_obtained":["Catalyst"]},{"damage_healed":0,"gold_gain":0,"player_choice":"Inject Mutagens","damage_taken":0,"relics_obtained":["MutagenicStrength"],"max_hp_gain":0,"max_hp_loss":0,"event_name":"Drug Dealer","floor":21,"gold_loss":0},{"cards_removed":["Strike_G"],"damage_healed":0,"gold_gain":0,"player_choice":"Purged","damage_taken":0,"max_hp_gain":0,"max_hp_loss":0,"event_name":"Purifier","floor":22,"gold_loss":0},{"damage_healed":0,"gold_gain":0,"player_choice":"Paid","damage_taken":0,"relics_obtained":["Red Mask"],"max_hp_gain":0,"max_hp_loss":0,"event_name":"Tomb of Lord Red Mask","floor":39,"gold_loss":36}],"is_beta":false,"boss_relics":[{"not_picked":["Busted Crown","Fusion Hammer"],"picked":"Sozu"},{"not_picked":["Empty Cage","Coffee Dripper"],"picked":"Philosopher\u0027s Stone"}],"items_purged_floors":[8],"is_endless":false,"potions_floor_spawned":[2,7,13,18,23,35,38,41,46],"ascension_level":6}