{"gold_per_floor":[110,130,148,163,193,193,224,224,224,251,251,76,94,104,104,203,203,213,42,69,69,81,106,128,170,209,58,58],"floor_reached":28,"playtime":1740,"items_purged":["Strike_R"],"score":281,"play_id":"c2456508-4f86-4e97-b7f2-332c05181935","local_time":"20190713231532","is_ascension_mode":true,"campfire_choices":[{"data":"Fiend Fire","floor":6,"key":"SMITH"},{"floor":11,"key":"REST"},{"data":"Jack Of All Trades","floor":15,"key":"SMITH"}],"neow_cost":"NONE","seed_source_timestamp":1561176274595400,"circlet_count":0,"master_deck":["Defend_R","Defend_R","Defend_R","Defend_R","Bash","Fiend Fire+1","Combust","Uppercut","Shrug It Off","Ghostly Armor","Wild Strike","Rampage","Inflame","Jack Of All Trades+1","Anger","Bludgeon","Impervious+1","Blood for Blood+1","Feel No Pain+1","Flame Barrier+1","Burning Pact","Wild Strike","Inflame","Sentinel","Berserk","Ghostly Armor","Cleave","Mayhem"],"relics":["Burning Blood","Tiny Chest","Gremlin Horn","Centennial Puzzle","Smiling Mask","Astrolabe","Omamori","Bottled Flame","MawBank","Question Card","Anchor"],"potions_floor_usage":[16,16,23,25,25],"damage_taken":[{"damage":6,"enemies":"Jaw Worm","floor":1,"turns":3},{"damage":3,"enemies":"Small Slimes","floor":2,"turns":4},{"damage":0,"enemies":"Cultist","floor":3,"turns":3},{"damage":9,"enemies":"Red Slaver","floor":4,"turns":3},{"damage":34,"enemies":"3 Sentries","floor":7,"turns":8},{"damage":9,"enemies":"Gremlin Nob","floor":10,"turns":4},{"damage":6,"enemies":"Exordium Thugs","floor":13,"turns":3},{"damage":2,"enemies":"Looter","floor":14,"turns":2},{"damage":30,"enemies":"Hexaghost","floor":16,"turns":9},{"damage":17,"enemies":"Spheric Guardian","floor":18,"turns":4},{"damage":20,"enemies":"2 Thieves","floor":22,"turns":2},{"damage":49,"enemies":"Slavers","floor":23,"turns":5},{"damage":1,"enemies":"Snake Plant","floor":24,"turns":5},{"damage":8,"enemies":"Book of Stabbing","floor":25,"turns":6},{"damage":15,"enemies":"3 Cultists","floor":28,"turns":3}],"seed_played":"5803798535079032091","potions_obtained":[{"floor":2,"key":"Energy Potion"},{"floor":4,"key":"SteroidPotion"},{"floor":7,"key":"SkillPotion"},{"floor":10,"key":"AttackPotion"},{"floor":14,"key":"Regen Potion"},{"floor":16,"key":"SpeedPotion"},{"floor":22,"key":"PowerPotion"},{"floor":24,"key":"PowerPotion"}],"is_trial":false,"path_per_floor":["M","M","M","M","?","R","E","?","T","E","R","$","M","M","R","B",null,"M","$","T","T","M","E","M","E","T","$","M"],"character_chosen":"IRONCLAD","items_purchased":["Inflame","Jack Of All Trades","Burning Pact","Wild Strike","Inflame","Mayhem"],"campfire_rested":1,"item_purchase_floors":[12,12,19,19,19,27],"current_hp_per_floor":[80,80,80,77,44,44,16,16,16,13,37,37,37,41,41,32,80,69,69,69,69,55,12,17,15,15,15,0],"gold":58,"neow_bonus":"ONE_RANDOM_RARE_CARD","is_prod":false,"is_daily":false,"chose_seed":false,"campfire_upgraded":2,"win_rate":0,"timestamp":1563074132,"path_taken":["M","M","M","M","?","R","E","?","T","E","R","$","?","M","R","BOSS","M","$","?","?","M","E","M","E","T","$","M"],"build_version":"2019-07-05","purchased_purges":1,"victory":false,"max_hp_per_floor":[80,80,80,80,80,80,80,80,80,80,80,80,80,80,80,80,80,80,80,80,80,80,80,80,80,80,80,80],"card_choices":[{"not_picked":["Perfected Strike","Armaments"],"picked":"Combust","floor":1},{"not_picked":["Twin Strike","Battle Trance"],"picked":"Uppercut","floor":2},{"not_picked":["Intimidate","Fiend Fire"],"picked":"Shrug It Off","floor":3},{"not_picked":["Warcry","True Grit"],"picked":"Ghostly Armor","floor":4},{"not_picked":["Sword Boomerang","Body Slam"],"picked":"Wild Strike","floor":7},{"not_picked":["Blood for Blood","Feel No Pain"],"picked":"Rampage","floor":10},{"not_picked":["Wild Strike","Pommel Strike"],"picked":"Anger","floor":13},{"not_picked":["Twin Strike","Body Slam","Iron Wave"],"picked":"SKIP","floor":14},{"not_picked":["Barricade","Juggernaut"],"picked":"Bludgeon","floor":16},{"not_picked":["Body Slam+1","Flex"],"picked":"Flame Barrier+1","floor":18},{"not_picked":["Rage+1","Rupture"],"picked":"Sentinel","floor":22},{"not_picked":["Evolve","Bloodletting+1"],"picked":"Berserk","floor":23},{"not_picked":["Perfected Strike","Rupture"],"picked":"Ghostly Armor","floor":24},{"not_picked":["Reckless Charge","Armaments"],"picked":"Cleave","floor":25}],"player_experience":630604,"relics_obtained":[{"floor":7,"key":"Gremlin Horn"},{"floor":9,"key":"Centennial Puzzle"},{"floor":10,"key":"Smiling Mask"},{"floor":20,"key":"Omamori"},{"floor":21,"key":"Bottled Flame"},{"floor":23,"key":"MawBank"},{"floor":25,"key":"Question Card"},{"floor":26,"key":"Anchor"}],"event_choices":[{"damage_healed":0,"gold_gain":0,"player_choice":"Success","damage_taken":33,"relics_obtained":["Tiny Chest"],"max_hp_gain":0,"max_hp_loss":0,"event_name":"Scrap Ooze","floor":5,"gold_loss":0},{"cards_removed":["Strike_R"],"damage_healed":0,"gold_gain":0,"player_choice":"Purged","damage_taken":0,"max_hp_gain":0,"max_hp_loss":0,"event_name":"Purifier","floor":8,"gold_loss":0}],"is_beta":false,"boss_relics":[{"not_picked":["Mark of Pain","White Beast Statue"],"picked":"Astrolabe"}],"items_purged_floors":[12],"is_endless":false,"potions_floor_spawned":[2,4,7,10,14,16,22,24],"killed_by":"3 Cultists","ascension_level":1}