{"gold_per_floor":[112,112,130,58,109,140,140,159,159,171,181,201,215,215,215,315,315,333,110,123,48,147,147,166,166,166,166,166],"floor_reached":28,"playtime":1311,"items_purged":["Normality"],"score":220,"play_id":"51b925e6-eea2-4dc1-9cc4-828440e15745","local_time":"20190516200231","is_ascension_mode":false,"campfire_choices":[{"floor":7,"key":"RECALL"},{"floor":15,"key":"REST"},{"floor":23,"key":"REST"}],"neow_cost":"NONE","seed_source_timestamp":174833762830193,"circlet_count":0,"master_deck":["Defend_G","Defend_G","Defend_G","Defend_G","Strike_G","Strike_G","Strike_G","Strike_G","Survivor","Neutralize","Endless Agony","Cloak And Dagger","Backstab","Skewer","Deflect","Cloak And Dagger","Dagger Spray","Dagger Spray","Concentrate","Strike_G","Adrenaline","Reflex","Backstab","Slice","Blade Dance+1","Backstab","Decay","Parasite"],"relics":["Cursed Key","Mummified Hand","WristBlade","Dream Catcher","Kunai","Sundial"],"potions_floor_usage":[6,12,13,16,24],"damage_taken":[{"damage":3,"enemies":"Jaw Worm","floor":1,"turns":4},{"damage":0,"enemies":"Cultist","floor":3,"turns":3},{"damage":32,"enemies":"Gremlin Nob","floor":6,"turns":5},{"damage":0,"enemies":"2 Louse","floor":8,"turns":2},{"damage":4,"enemies":"Blue Slaver","floor":10,"turns":4},{"damage":2,"enemies":"Lots of Slimes","floor":11,"turns":4},{"damage":0,"enemies":"Large Slime","floor":12,"turns":5},{"damage":2,"enemies":"Blue Slaver","floor":13,"turns":2},{"damage":46,"enemies":"Slime Boss","floor":16,"turns":15},{"damage":27,"enemies":"Chosen","floor":18,"turns":5},{"damage":11,"enemies":"2 Thieves","floor":20,"turns":4},{"damage":6,"enemies":"Centurion and Healer","floor":24,"turns":2},{"damage":48,"enemies":"Book of Stabbing","floor":28,"turns":5}],"seed_played":"4464855891479943492","potions_obtained":[{"floor":3,"key":"Swift Potion"},{"floor":6,"key":"Dexterity Potion"},{"floor":12,"key":"AttackPotion"},{"floor":13,"key":"GamblersBrew"},{"floor":20,"key":"SkillPotion"}],"is_trial":false,"path_per_floor":["M","?","M","$","?","E","R","M","T","M","M","M","M","?","R","B",null,"M","$","M","$","?","R","M","?","T","T","E"],"character_chosen":"THE_SILENT","items_purchased":["Backstab","Dream Catcher","Backstab"],"campfire_rested":2,"item_purchase_floors":[4,19,19],"current_hp_per_floor":[67,67,67,67,67,35,35,35,35,31,29,29,27,27,48,2,70,43,43,32,32,32,53,47,47,47,47,0],"gold":166,"neow_bonus":"BOSS_RELIC","is_prod":false,"is_daily":false,"chose_seed":false,"campfire_upgraded":0,"win_rate":0,"timestamp":1558051351,"path_taken":["M","?","?","$","?","E","R","M","T","M","M","M","M","?","R","BOSS","M","$","M","?","?","R","M","?","T","?","E"],"build_version":"2019-01-23","purchased_purges":1,"victory":false,"max_hp_per_floor":[70,70,70,70,70,70,70,70,70,70,70,70,70,70,70,70,70,70,70,70,70,70,70,70,70,70,70,70],"card_choices":[{"not_picked":["Backflip","Bane"],"picked":"Endless Agony","floor":1},{"not_picked":["Bane","All Out Attack"],"picked":"Cloak And Dagger","floor":3},{"not_picked":["Escape Plan","Dodge and Roll"],"picked":"Skewer","floor":6},{"not_picked":["Poisoned Stab","Tactician"],"picked":"Deflect","floor":8},{"not_picked":["Deadly Poison","Bane"],"picked":"Cloak And Dagger","floor":10},{"not_picked":["Poisoned Stab","Backflip"],"picked":"Dagger Spray","floor":11},{"not_picked":["Catalyst","Deflect"],"picked":"Dagger Spray","floor":12},{"not_picked":["Cloak And Dagger","Prepared"],"picked":"Concentrate","floor":13},{"not_picked":["Wraith Form v2","Night Terror"],"picked":"Adrenaline","floor":16},{"not_picked":["Deflect","Riddle With Holes"],"picked":"Reflex","floor":18},{"not_picked":["Quick Slash","Well Laid Plans"],"picked":"Slice","floor":20},{"not_picked":["Sucker Punch+1","Dodge and Roll+1"],"picked":"Blade Dance+1","floor":23},{"not_picked":["Sucker Punch","Well Laid Plans"],"picked":"Backstab","floor":24}],"player_experience":342707,"relics_obtained":[{"floor":6,"key":"Mummified Hand"},{"floor":26,"key":"Kunai"},{"floor":27,"key":"Sundial"}],"event_choices":[{"cards_removed":["Defend_G"],"damage_healed":0,"gold_gain":0,"player_choice":"Offered Basic","damage_taken":0,"max_hp_gain":0,"max_hp_loss":0,"event_name":"Bonfire Elementals","floor":2,"gold_loss":0},{"damage_healed":0,"gold_gain":51,"player_choice":"Gained Gold","damage_taken":0,"max_hp_gain":0,"max_hp_loss":0,"event_name":"Golden Wing","floor":5,"gold_loss":0},{"cards_removed":["Strike_G"],"damage_healed":0,"gold_gain":0,"player_choice":"Took Card","damage_taken":0,"max_hp_gain":0,"max_hp_loss":0,"event_name":"NoteForYourself","floor":14,"gold_loss":0,"cards_obtained":["Strike_G"]},{"damage_healed":0,"gold_gain":99,"player_choice":"Stole From Cult","damage_taken":0,"max_hp_gain":0,"max_hp_loss":0,"event_name":"Nest","floor":22,"gold_loss":0},{"damage_healed":0,"gold_gain":0,"player_choice":"Ignored","damage_taken":0,"max_hp_gain":0,"max_hp_loss":0,"event_name":"Ghosts","floor":25,"gold_loss":0}],"is_beta":false,"boss_relics":[{"not_picked":["Sozu","Eternal Feather"],"picked":"WristBlade"}],"items_purged_floors":[21],"is_endless":false,"potions_floor_spawned":[3,6,12,13,20],"killed_by":"Book of Stabbing","ascension_level":0}