{"gold_per_floor":[16,30,40,40,5,5,15,25,25,25,38,38,1,19,19,93,93,107,119,119,119,119],"floor_reached":22,"playtime":809,"items_purged":[],"score":347,"play_id":"49330d34-6629-4909-a66e-b182532d659d","local_time":"20190302142151","is_ascension_mode":true,"campfire_choices":[{"data":"Disarm","floor":6.0,"key":"SMITH"},{"data":"Iron Wave","floor":10.0,"key":"SMITH"},{"data":"Armaments","floor":12.0,"key":"SMITH"},{"floor":15.0,"key":"REST"}],"neow_cost":"NO_GOLD","seed_source_timestamp":0,"circlet_count":0,"master_deck":["AscendersBane","Strike_R","Strike_R","Strike_R+1","Strike_R","Strike_R+1","Defend_R","Defend_R","Defend_R","Defend_R","Bash","Fire Breathing","Pummel","Disarm+1","Rupture","Iron Wave+1","Armaments+1","Seeing Red","Rampage","Feed","True Grit+1","Shockwave","Writhe","Ghostly","Ghostly","Ghostly"],"special_seed":0,"relics":["Burning Blood","Frozen Egg 2","Runic Dome","Pocketwatch"],"potions_floor_usage":[19,22],"damage_taken":[{"damage":10.0,"enemies":"Small Slimes","floor":1.0,"turns":3.0},{"damage":7.0,"enemies":"2 Louse","floor":2.0,"turns":4.0},{"damage":13.0,"enemies":"Jaw Worm","floor":3.0,"turns":6.0},{"damage":15.0,"enemies":"Red Slaver","floor":7.0,"turns":5.0},{"damage":15.0,"enemies":"Large Slime","floor":8.0,"turns":5.0},{"damage":8.0,"enemies":"Blue Slaver","floor":11.0,"turns":5.0},{"damage":20.0,"enemies":"Exordium Thugs","floor":14.0,"turns":6.0},{"damage":58.0,"enemies":"Slime Boss","floor":16.0,"turns":15.0},{"damage":37,"enemies":"Shell Parasite","floor":18,"turns":5},{"damage":28,"enemies":"Chosen","floor":19,"turns":6},{"damage":24,"enemies":"Centurion and Healer","floor":22,"turns":5}],"seed_played":"-2809203067579438282","potions_obtained":[{"floor":1.0,"key":"BloodPotion"},{"floor":3.0,"key":"Explosive Potion"},{"floor":7.0,"key":"SteroidPotion"},{"floor":11.0,"key":"Weak Potion"},{"floor":14.0,"key":"Block Potion"},{"floor":18,"key":"Weak Potion"},{"floor":19,"key":"Swift Potion"}],"is_trial":false,"path_per_floor":["M","M","M","?","?","R","M","M","T","R","M","R","$","M","R","B",null,"M","M","?","?","M"],"character_chosen":"IRONCLAD","items_purchased":["Seeing Red"],"campfire_rested":1,"item_purchase_floors":[13],"current_hp_per_floor":[78,85,78,51,73,73,64,55,55,55,53,53,53,39,65,13,70,39,17,17,17,0],"gold":119,"neow_bonus":"TWENTY_PERCENT_HP_BONUS","is_prod":false,"is_daily":false,"chose_seed":false,"campfire_upgraded":3,"win_rate":0,"timestamp":1551554511,"path_taken":["M","M","M","?","?","R","M","?","T","R","M","R","?","M","R","BOSS","M","M","?","?","?"],"build_version":"2019-02-06","purchased_purges":0,"victory":false,"max_hp_per_floor":[89,89,89,89,89,89,89,89,89,89,89,89,89,89,89,89,89,89,89,89,44,44],"card_choices":[{"not_picked":["Cleave","Clash"],"picked":"Fire Breathing","floor":1.0},{"not_picked":["Combust","Anger"],"picked":"Pummel","floor":2.0},{"not_picked":["Bloodletting","Combust"],"picked":"Disarm","floor":3.0},{"not_picked":["Flex","Warcry"],"picked":"Rupture","floor":7.0},{"not_picked":["Carnage","Heavy Blade"],"picked":"Iron Wave","floor":8.0},{"not_picked":["Whirlwind","Anger"],"picked":"Armaments","floor":11.0},{"not_picked":["Body Slam","Sever Soul"],"picked":"Rampage","floor":14.0},{"not_picked":["Double Tap","Immolate"],"picked":"Feed","floor":16.0},{"not_picked":["Iron Wave+1","Ghostly Armor"],"picked":"True Grit+1","floor":18},{"not_picked":["Wild Strike","Perfected Strike"],"picked":"Shockwave","floor":19}],"player_experience":1020125,"relics_obtained":[{"floor":9.0,"key":"Frozen Egg 2"}],"event_choices":[{"damage_healed":0.0,"max_hp_gain":0.0,"max_hp_loss":0.0,"gold_gain":0.0,"event_name":"Shining Light","player_choice":"Entered Light","floor":4.0,"gold_loss":0.0,"damage_taken":27.0,"cards_upgraded":["Strike_R","Strike_R"]},{"damage_healed":22.0,"max_hp_gain":0.0,"max_hp_loss":0.0,"gold_gain":0.0,"event_name":"The Cleric","player_choice":"Healed","floor":5.0,"gold_loss":35.0,"damage_taken":0.0},{"damage_healed":0,"gold_gain":0,"player_choice":"Opened","damage_taken":0,"relics_obtained":["Pocketwatch"],"max_hp_gain":0,"max_hp_loss":0,"event_name":"The Mausoleum","floor":20,"gold_loss":0,"cards_obtained":["Writhe"]},{"damage_healed":0,"gold_gain":0,"player_choice":"Became a Ghost","damage_taken":0,"max_hp_gain":0,"max_hp_loss":45,"event_name":"Ghosts","floor":21,"gold_loss":0,"cards_obtained":["Ghostly","Ghostly","Ghostly"]}],"is_beta":true,"boss_relics":[{"not_picked":["Lizard Tail","Velvet Choker"],"picked":"Runic Dome"}],"items_purged_floors":[],"is_endless":false,"potions_floor_spawned":[1,3,7,11,14,18,19],"killed_by":"Centurion and Healer","ascension_level":19}