{"gold_per_floor":[118,118,134,148,148,148,167,167,167,182,37,50,62,73,73,172,172,189,149,162,186,197,197,41,41,41,41,59,10,26,42,42,42],"floor_reached":33,"playtime":1778,"items_purged":["Strike_G"],"score":365,"play_id":"22b264cf-9952-4549-83df-1878021afdb7","local_time":"20190103044606","is_ascension_mode":true,"campfire_choices":[{"data":"1","floor":6.0,"key":"LIFT"},{"data":"2","floor":15.0,"key":"LIFT"},{"data":"3","floor":23.0,"key":"LIFT"},{"data":"Endless Agony","floor":25.0,"key":"SMITH"},{"data":"Blade Dance","floor":27.0,"key":"SMITH"},{"data":"Blade Dance","floor":32,"key":"SMITH"}],"neow_cost":"NONE","seed_source_timestamp":231732134971221,"circlet_count":0,"master_deck":["AscendersBane","Defend_G","Defend_G","Defend_G","Defend_G","Defend_G","Strike_G","Strike_G","Strike_G","Survivor","Neutralize","Crippling Poison","PiercingWail","Blade Dance+1","Deflect","Escape Plan","Caltrops+1","Dagger Spray","Outmaneuver","Glass Knife","Endless Agony+1","Blade Dance+1","Infinite Blades","Footwork+1","Cloak And Dagger","Accuracy","Terror"],"special_seed":0,"relics":["Ring of the Snake","FossilizedHelix","Girya","Paper Crane","WristBlade","Ancient Tea Set","Juzu Bracelet","Ninja Scroll"],"potions_floor_usage":[31,33,33],"damage_taken":[{"damage":1.0,"enemies":"Jaw Worm","floor":1.0,"turns":5.0},{"damage":0.0,"enemies":"Cultist","floor":3.0,"turns":4.0},{"damage":0.0,"enemies":"Small Slimes","floor":4.0,"turns":5.0},{"damage":0.0,"enemies":"Exordium Thugs","floor":7.0,"turns":6.0},{"damage":0.0,"enemies":"Gremlin Gang","floor":10.0,"turns":5.0},{"damage":7.0,"enemies":"Large Slime","floor":12.0,"turns":7.0},{"damage":0.0,"enemies":"Exordium Thugs","floor":13.0,"turns":6.0},{"damage":0.0,"enemies":"Gremlin Gang","floor":14.0,"turns":5.0},{"damage":2.0,"enemies":"The Guardian","floor":16.0,"turns":14.0},{"damage":8.0,"enemies":"3 Byrds","floor":18.0,"turns":3.0},{"damage":0.0,"enemies":"2 Thieves","floor":20.0,"turns":2.0},{"damage":16.0,"enemies":"Sentry and Sphere","floor":22.0,"turns":4.0},{"damage":8.0,"enemies":"Snake Plant","floor":28.0,"turns":3.0},{"damage":0,"enemies":"Centurion and Healer","floor":30,"turns":4},{"damage":6,"enemies":"Cultist and Chosen","floor":31,"turns":2},{"damage":36,"enemies":"Champ","floor":33,"turns":6}],"seed_played":"5103782221964850449","potions_obtained":[{"floor":1.0,"key":"Poison Potion"},{"floor":14.0,"key":"EntropicBrew"},{"floor":16.0,"key":"SpeedPotion"},{"floor":20.0,"key":"Dexterity Potion"}],"is_trial":false,"path_per_floor":["M","?","M","M","T","R","M","?","T","M","$","M","M","M","R","B",null,"M","?","M","T","M","R","$","R","T","R","M","$","M","M","R","B"],"character_chosen":"THE_SILENT","items_purchased":["Caltrops","Juzu Bracelet","Cloak And Dagger"],"campfire_rested":0,"item_purchase_floors":[11,24,29],"current_hp_per_floor":[69,66,66,66,66,66,66,66,66,66,66,59,59,59,59,57,72,64,64,64,64,48,48,48,48,48,48,40,40,40,34,34,0],"gold":42,"neow_bonus":"TEN_PERCENT_HP_BONUS","is_prod":false,"is_daily":false,"chose_seed":false,"campfire_upgraded":3,"win_rate":0,"timestamp":1546508766,"path_taken":["M","?","M","M","?","R","?","?","T","M","?","?","?","M","R","BOSS","M","?","?","?","?","R","?","R","T","R","M","$","M","M","R","BOSS"],"build_version":"2019-01-02","purchased_purges":1,"victory":false,"max_hp_per_floor":[77,77,77,77,77,77,77,77,77,77,77,77,77,77,77,77,77,77,77,77,77,77,77,77,77,77,77,77,77,77,77,77,77],"card_choices":[{"not_picked":["Accuracy","Quick Slash"],"picked":"Crippling Poison","floor":1.0},{"not_picked":["Blur","Bouncing Flask"],"picked":"PiercingWail","floor":3.0},{"not_picked":["Prepared","Bane"],"picked":"Blade Dance","floor":4.0},{"not_picked":["Grand Finale","Masterful Stab"],"picked":"Deflect","floor":7.0},{"not_picked":["Quick Slash","Sucker Punch"],"picked":"Escape Plan","floor":10.0},{"not_picked":["Endless Agony","Underhanded Strike","Slice"],"picked":"SKIP","floor":12.0},{"not_picked":["Expertise","Blur"],"picked":"Dagger Spray","floor":13.0},{"not_picked":["Deadly Poison","Deflect"],"picked":"Outmaneuver","floor":14.0},{"not_picked":["Burst","Bullet Time"],"picked":"Glass Knife","floor":16.0},{"not_picked":["Dodge and Roll","Deadly Poison+1"],"picked":"Endless Agony","floor":18.0},{"not_picked":["Poisoned Stab+1","Acrobatics"],"picked":"Blade Dance","floor":20.0},{"not_picked":["Deadly Poison","Cloak And Dagger"],"picked":"Infinite Blades","floor":22.0},{"not_picked":["Leg Sweep","Flechettes"],"picked":"Footwork+1","floor":28.0},{"not_picked":["Escape Plan","Prepared"],"picked":"Accuracy","floor":30},{"not_picked":["Skewer","Burst"],"picked":"Terror","floor":31}],"player_experience":744750,"relics_obtained":[{"floor":5.0,"key":"Girya"},{"floor":9.0,"key":"Paper Crane"},{"floor":21.0,"key":"Ancient Tea Set"},{"floor":26.0,"key":"Ninja Scroll"}],"event_choices":[{"damage_healed":0.0,"max_hp_gain":0.0,"max_hp_loss":0.0,"gold_gain":0.0,"event_name":"Scrap Ooze","player_choice":"Success","floor":2.0,"gold_loss":0.0,"damage_taken":3.0,"relics_obtained":["FossilizedHelix"]},{"cards_removed":["Strike_G"],"damage_healed":0.0,"max_hp_gain":0.0,"max_hp_loss":0.0,"gold_gain":0.0,"event_name":"Bonfire Elementals","player_choice":"Offered Basic","floor":8.0,"gold_loss":0.0,"damage_taken":0.0},{"damage_healed":0.0,"max_hp_gain":0.0,"max_hp_loss":0.0,"gold_gain":0.0,"event_name":"Designer","player_choice":"Upgrade","floor":19.0,"gold_loss":40.0,"damage_taken":0.0,"cards_upgraded":["Caltrops"]}],"is_beta":true,"boss_relics":[{"not_picked":["Cursed Key","Calling Bell"],"picked":"WristBlade"}],"items_purged_floors":[11],"is_endless":false,"potions_floor_spawned":[1,14,16,20,28],"killed_by":"Champ","ascension_level":10}