{"gold_per_floor":[362,375,450,469,419,419,432,459,459,475,95,95,115,45,45,148,148,162,174,174],"floor_reached":20,"playtime":781,"items_purged":[],"score":176,"play_id":"7c7d2a42-9c56-4590-84f5-d8c08a7d2eaa","local_time":"20181228103811","is_ascension_mode":false,"campfire_choices":[{"data":"Zap","floor":6,"key":"SMITH"},{"data":"Defragment","floor":12,"key":"SMITH"},{"floor":15,"key":"REST"}],"neow_cost":"PERCENT_DAMAGE","seed_source_timestamp":93599837971355,"circlet_count":0,"master_deck":["Strike_B","Strike_B","Strike_B","Defend_B","Defend_B","Defend_B","Defend_B","Zap+1","Dualcast","Doom and Gloom","Cold Snap","Beam Cell","Consume+1","Glacier","Tempest+1","Defragment+1","Loop","Amplify","Conserve Battery"],"relics":["Cracked Core","Shuriken","Meat on the Bone","Regal Pillow","War Paint","White Beast Statue"],"potions_floor_usage":[18],"damage_taken":[{"damage":0,"enemies":"Cultist","floor":1,"turns":4},{"damage":1,"enemies":"Jaw Worm","floor":2,"turns":4},{"damage":0,"enemies":"Small Slimes","floor":4,"turns":3},{"damage":6,"enemies":"Exordium Wildlife","floor":7,"turns":4},{"damage":16,"enemies":"3 Sentries","floor":8,"turns":5},{"damage":0,"enemies":"Exordium Thugs","floor":10,"turns":3},{"damage":18,"enemies":"Gremlin Gang","floor":13,"turns":4},{"damage":32,"enemies":"Hexaghost","floor":16,"turns":8},{"damage":30,"enemies":"2 Thieves","floor":18,"turns":3},{"damage":5,"enemies":"Chosen","floor":19,"turns":4},{"damage":0,"enemies":"Shelled Parasite and Fungi","floor":20,"turns":1}],"seed_played":"4151856984989135380","potions_obtained":[{"floor":1,"key":"Swift Potion"},{"floor":8,"key":"PowerPotion"},{"floor":16,"key":"SteroidPotion"},{"floor":18,"key":"Explosive Potion"},{"floor":19,"key":"Poison Potion"}],"is_trial":false,"path_per_floor":["M","M","?","M","?","R","M","E","T","M","$","R","M","$","R","B",null,"M","M","M"],"character_chosen":"DEFECT","items_purchased":["Defragment","Regal Pillow","War Paint","Loop"],"campfire_rested":1,"item_purchase_floors":[11,11,11,14],"current_hp_per_floor":[54,53,42,42,42,42,36,20,20,32,32,32,26,26,63,43,75,45,40,40],"gold":174,"neow_bonus":"TWO_FIFTY_GOLD","is_prod":false,"is_daily":false,"chose_seed":false,"campfire_upgraded":2,"win_rate":0,"timestamp":1546011491,"path_taken":["M","?","?","M","?","R","M","E","T","?","$","R","M","?","R","BOSS","M","?","M"],"build_version":"2018-12-25","purchased_purges":0,"victory":false,"max_hp_per_floor":[75,75,75,75,75,75,75,75,75,75,75,75,75,75,75,75,75,75,75,75],"card_choices":[{"not_picked":["Hologram","Stack"],"picked":"Doom and Gloom","floor":1},{"not_picked":["Double Energy","Steam Power"],"picked":"Cold Snap","floor":2},{"not_picked":["Rebound","Beam Cell","Turbo"],"picked":"SKIP","floor":4},{"not_picked":["Rebound","Turbo"],"picked":"Beam Cell","floor":4},{"not_picked":["Beam Cell","Compile Driver"],"picked":"Consume","floor":7},{"not_picked":["Reprogram","Ball Lightning"],"picked":"Glacier","floor":8},{"not_picked":["Hyperbeam","Stack"],"picked":"Tempest","floor":10},{"not_picked":["Hologram","Stack","Barrage"],"picked":"SKIP","floor":13},{"not_picked":["Thunder Strike","Core Surge"],"picked":"Amplify","floor":16},{"not_picked":["Reinforced Body","Chill"],"picked":"Conserve Battery","floor":18},{"not_picked":["Sunder","Rip and Tear","Barrage"],"picked":"SKIP","floor":19}],"player_experience":686419,"relics_obtained":[{"floor":8,"key":"Shuriken"},{"floor":9,"key":"Meat on the Bone"}],"event_choices":[{"damage_healed":0,"gold_gain":75,"player_choice":"Gather Gold","damage_taken":11,"max_hp_gain":0,"max_hp_loss":0,"event_name":"World of Goop","floor":3,"gold_loss":0},{"cards_removed":["Strike_B"],"damage_healed":0,"gold_gain":0,"player_choice":"Card Removal","damage_taken":0,"max_hp_gain":0,"max_hp_loss":0,"event_name":"The Cleric","floor":5,"gold_loss":50}],"is_beta":true,"boss_relics":[{"not_picked":["Coffee Dripper","Fusion Hammer"],"picked":"White Beast Statue"}],"items_purged_floors":[],"is_endless":false,"potions_floor_spawned":[1,8,16,18,19],"killed_by":"Shelled Parasite and Fungi","ascension_level":0}