{"gold_per_floor":[113,123,134,134,134,134,309,309,333,346,369,319,319,345,345,471,471,496,496,595,520,520,520],"floor_reached":23,"playtime":1398,"items_purged":[],"score":177,"play_id":"1aabf0bc-097c-40cc-96bf-3837793f4600","local_time":"20181108231057","is_ascension_mode":false,"campfire_choices":[{"data":"Genetic Algorithm","floor":6,"key":"SMITH"},{"data":"Genetic Algorithm","floor":8,"key":"SMITH"},{"data":"Conserve Battery","floor":13,"key":"SMITH"},{"data":"Stack","floor":15,"key":"SMITH"}],"neow_cost":"NONE","seed_source_timestamp":108536601940643,"circlet_count":0,"master_deck":["Strike_B","Strike_B","Strike_B","Defend_B","Defend_B","Defend_B","Defend_B","Zap","Genetic Algorithm+1","Genetic Algorithm+1","Storm","Stack+1","Conserve Battery+1","Core Surge","Skim","Blizzard","Capacitor","Compile Driver","Compile Driver","Compile Driver+1","Fission","Meteor Strike"],"relics":["Cracked Core","Bag of Marbles","Golden Idol","Vajra","Juzu Bracelet","Orrery","Strawberry"],"potions_floor_usage":[16,23,23],"damage_taken":[{"damage":0,"enemies":"Cultist","floor":1,"turns":3},{"damage":10,"enemies":"Small Slimes","floor":2,"turns":3},{"damage":7,"enemies":"Jaw Worm","floor":3,"turns":5},{"damage":10,"enemies":"3 Louse","floor":10,"turns":3},{"damage":0,"enemies":"Looter","floor":11,"turns":4},{"damage":41,"enemies":"The Guardian","floor":16,"turns":17},{"damage":16,"enemies":"Shell Parasite","floor":18,"turns":14},{"damage":67,"enemies":"Book of Stabbing","floor":23,"turns":7}],"seed_played":"5898878180980138107","potions_obtained":[{"floor":10,"key":"Block Potion"},{"floor":16,"key":"SpeedPotion"},{"floor":18,"key":"AttackPotion"}],"is_trial":false,"path_per_floor":["M","M","M","$","?","R","?","R","T","M","M","?","R","T","R","B",null,"M","?","?","?","?","E"],"character_chosen":"DEFECT","items_purchased":[],"campfire_rested":0,"item_purchase_floors":[],"current_hp_per_floor":[75,65,58,58,58,58,58,58,58,48,48,48,48,48,48,7,75,59,66,66,66,66,0],"gold":520,"neow_bonus":"RANDOM_COMMON_RELIC","is_prod":false,"is_daily":false,"chose_seed":false,"campfire_upgraded":4,"win_rate":0,"timestamp":1541736657,"path_taken":["M","M","?","$","?","R","?","R","T","M","M","?","R","?","R","BOSS","M","?","?","?","?","E"],"build_version":"2018-11-07","purchased_purges":0,"victory":false,"max_hp_per_floor":[75,75,75,75,75,75,75,75,75,75,75,75,75,75,75,75,75,75,82,82,82,82,82],"card_choices":[{"not_picked":["Compile Driver","Streamline"],"picked":"Genetic Algorithm","floor":1},{"not_picked":["Lockon","Go for the Eyes"],"picked":"Genetic Algorithm","floor":2},{"not_picked":["Tempest","Compile Driver"],"picked":"Storm","floor":3},{"not_picked":["Hologram","Hello World"],"picked":"Stack","floor":10},{"not_picked":["BootSequence","Redo"],"picked":"Conserve Battery","floor":11},{"not_picked":["Hyperbeam","Fission"],"picked":"Core Surge","floor":16},{"not_picked":["Beam Cell","Barrage"],"picked":"Skim","floor":17},{"not_picked":["Ball Lightning","Tempest"],"picked":"Blizzard","floor":17},{"not_picked":["Hologram","Cold Snap"],"picked":"Capacitor","floor":17},{"not_picked":["Barrage","Streamline"],"picked":"Compile Driver","floor":17},{"not_picked":["Turbo","Cold Snap"],"picked":"Compile Driver","floor":17},{"not_picked":["Storm","Go for the Eyes"],"picked":"Compile Driver+1","floor":18}],"player_experience":228753,"relics_obtained":[{"floor":9,"key":"Vajra"},{"floor":14,"key":"Juzu Bracelet"}],"event_choices":[{"damage_healed":0,"gold_gain":0,"player_choice":"Take Wound","damage_taken":0,"relics_obtained":["Golden Idol"],"max_hp_gain":0,"max_hp_loss":0,"event_name":"Golden Idol","floor":5,"gold_loss":0,"cards_obtained":["Injury"]},{"damage_healed":0,"gold_gain":175,"player_choice":"AGREE","damage_taken":0,"max_hp_gain":0,"max_hp_loss":0,"event_name":"Liars Game","floor":7,"gold_loss":0,"cards_obtained":["Doubt"]},{"cards_removed":["Doubt"],"damage_healed":0,"gold_gain":0,"player_choice":"Card Removal","damage_taken":0,"max_hp_gain":0,"max_hp_loss":0,"event_name":"The Cleric","floor":12,"gold_loss":50},{"damage_healed":0,"gold_gain":0,"player_choice":"Opened","damage_taken":0,"relics_obtained":["Strawberry"],"max_hp_gain":0,"max_hp_loss":0,"event_name":"The Mausoleum","floor":19,"gold_loss":0},{"damage_healed":0,"gold_gain":99,"player_choice":"Stole From Cult","damage_taken":0,"max_hp_gain":0,"max_hp_loss":0,"event_name":"Nest","floor":20,"gold_loss":0},{"cards_removed":["Injury"],"damage_healed":0,"gold_gain":0,"player_choice":"Gave Gold","damage_taken":0,"max_hp_gain":0,"max_hp_loss":0,"event_name":"Beggar","floor":21,"gold_loss":75},{"damage_healed":0,"gold_gain":0,"cards_transformed":["Dualcast","Strike_B"],"player_choice":"Became Test Subject","damage_taken":0,"max_hp_gain":0,"max_hp_loss":0,"event_name":"Drug Dealer","floor":22,"gold_loss":0,"cards_obtained":["Fission","Meteor Strike"]}],"is_beta":true,"boss_relics":[{"not_picked":["Nuclear Battery","Lizard Tail"],"picked":"Orrery"}],"items_purged_floors":[],"is_endless":false,"potions_floor_spawned":[10,16,18],"killed_by":"Book of Stabbing","ascension_level":0}