{"gold_per_floor":[118,136,46,46,60,60,79,105,105,154,154,74,87,44,44,115,115,127,177,177,177,196,196,196,196,196,196,209,259,275,275],"floor_reached":31,"playtime":905,"items_purged":[],"score":424,"play_id":"98c086b2-a4b0-4a7e-bb08-e07d570056e3","local_time":"20190205222605","is_ascension_mode":true,"campfire_choices":[{"data":"Doom and Gloom","floor":6.0,"key":"SMITH"},{"floor":11.0,"key":"REST"},{"data":"Loop","floor":15.0,"key":"SMITH"},{"floor":23.0,"key":"REST"},{"floor":25.0,"key":"REST"},{"data":"Loop","floor":27.0,"key":"SMITH"}],"neow_cost":"NONE","seed_source_timestamp":635616137091048,"circlet_count":0,"master_deck":["AscendersBane","Strike_B+1","Strike_B+1","Defend_B","Defend_B","Defend_B","Defend_B+1","Zap","Dualcast","Cold Snap","FTL+1","Doom and Gloom+1","Chill","Conserve Battery","Loop+1","Amplify","Capacitor","Core Surge","Ball Lightning","Writhe","Loop+1","White Noise","Machine Learning","Conserve Battery"],"special_seed":0,"relics":["Cracked Core","Juzu Bracelet","Odd Mushroom","Kunai","Whetstone","Empty Cage","Ornamental Fan","Blood Vial","Smiling Mask"],"potions_floor_usage":[31],"damage_taken":[{"damage":15.0,"enemies":"2 Louse","floor":1.0,"turns":2.0},{"damage":1.0,"enemies":"Cultist","floor":2.0,"turns":3.0},{"damage":5.0,"enemies":"Jaw Worm","floor":5.0,"turns":3.0},{"damage":8.0,"enemies":"Blue Slaver","floor":7.0,"turns":3.0},{"damage":0.0,"enemies":"The Mushroom Lair","floor":8.0,"turns":2.0},{"damage":1.0,"enemies":"Looter","floor":13.0,"turns":2.0},{"damage":38.0,"enemies":"The Guardian","floor":16.0,"turns":10.0},{"damage":26.0,"enemies":"2 Thieves","floor":18.0,"turns":5.0},{"damage":32.0,"enemies":"3 Byrds","floor":22.0,"turns":5.0},{"damage":24.0,"enemies":"Cultist and Chosen","floor":28.0,"turns":6.0},{"damage":19.0,"enemies":"3 Cultists","floor":30.0,"turns":5.0},{"damage":10,"enemies":"Chosen and Byrds","floor":31,"turns":3}],"seed_played":"8419546626168557920","potions_obtained":[{"floor":5.0,"key":"Strength Potion"},{"floor":7.0,"key":"GamblersBrew"},{"floor":8.0,"key":"Fire Potion"},{"floor":13.0,"key":"Ancient Potion"},{"floor":28.0,"key":"PowerPotion"}],"is_trial":false,"path_per_floor":["M","M","?","?","M","R","M","?","T","T","R","$","M","$","R","B",null,"M","?","?","?","M","R","T","R","T","R","M","?","M","M"],"character_chosen":"DEFECT","items_purchased":["Loop","Capacitor"],"campfire_rested":3,"item_purchase_floors":[12,14],"current_hp_per_floor":[56,55,55,32,27,27,19,19,19,19,42,42,41,41,41,3,59,33,33,33,33,1,24,24,47,47,47,25,25,8,0],"gold":275,"neow_bonus":"TEN_PERCENT_HP_BONUS","is_prod":false,"is_daily":false,"chose_seed":false,"campfire_upgraded":3,"win_rate":0,"timestamp":1549423565,"path_taken":["M","M","?","?","M","R","M","?","T","?","R","$","M","?","R","BOSS","M","?","?","?","M","R","?","R","T","R","M","?","M","M"],"build_version":"2019-01-23","purchased_purges":0,"victory":false,"max_hp_per_floor":[78,78,78,78,78,78,78,78,78,78,78,78,78,78,78,78,78,78,78,78,78,78,78,78,78,78,78,78,78,78,78],"card_choices":[{"not_picked":["Leap","Heatsinks"],"picked":"Cold Snap","floor":1.0},{"not_picked":["Coolheaded","Rebound"],"picked":"FTL","floor":2.0},{"not_picked":["Cold Snap","Coolheaded"],"picked":"Doom and Gloom","floor":5.0},{"not_picked":["Steam","Reinforced Body"],"picked":"Chill","floor":7.0},{"not_picked":["Compile Driver","Ball Lightning"],"picked":"Conserve Battery","floor":8.0},{"not_picked":["Melter","Rebound"],"picked":"Amplify","floor":13.0},{"not_picked":["All For One","Rainbow"],"picked":"Core Surge","floor":16.0},{"not_picked":["Barrage","Gash"],"picked":"Ball Lightning","floor":18.0},{"not_picked":["Double Energy","Undo"],"picked":"White Noise","floor":22.0},{"not_picked":["Cold Snap","Barrage"],"picked":"Machine Learning","floor":28.0},{"not_picked":["Self Repair","Darkness"],"picked":"Conserve Battery","floor":30.0}],"player_experience":918047,"relics_obtained":[{"floor":8.0,"key":"Odd Mushroom"},{"floor":9.0,"key":"Kunai"},{"floor":10.0,"key":"Whetstone"},{"floor":24.0,"key":"Blood Vial"},{"floor":26.0,"key":"Smiling Mask"}],"event_choices":[{"damage_healed":0.0,"max_hp_gain":0.0,"max_hp_loss":0.0,"gold_gain":0.0,"event_name":"WeMeetAgain","player_choice":"Paid Gold","floor":3.0,"gold_loss":90.0,"damage_taken":0.0,"relics_obtained":["Juzu Bracelet"]},{"damage_healed":0.0,"max_hp_gain":0.0,"max_hp_loss":0.0,"gold_gain":0.0,"event_name":"Shining Light","player_choice":"Entered Light","floor":4.0,"gold_loss":0.0,"damage_taken":23.0,"cards_upgraded":["Defend_B","Strike_B"]},{"damage_healed":0.0,"max_hp_gain":0.0,"max_hp_loss":0.0,"gold_gain":0.0,"event_name":"Mushrooms","player_choice":"Fought Mushrooms","floor":8.0,"gold_loss":0.0,"damage_taken":0.0},{"damage_healed":0.0,"max_hp_gain":0.0,"max_hp_loss":0.0,"gold_gain":100.0,"event_name":"The Joust","player_choice":"Bet on Murderer","floor":19.0,"gold_loss":50.0,"damage_taken":0.0},{"damage_healed":0.0,"max_hp_gain":0.0,"max_hp_loss":0.0,"gold_gain":0.0,"event_name":"The Mausoleum","player_choice":"Opened","floor":20.0,"gold_loss":0.0,"damage_taken":0.0,"relics_obtained":["Ornamental Fan"],"cards_obtained":["Writhe"]},{"damage_healed":0.0,"max_hp_gain":0.0,"max_hp_loss":0.0,"gold_gain":0.0,"event_name":"The Library","player_choice":"Read","floor":21.0,"gold_loss":0.0,"damage_taken":0.0,"cards_obtained":["Loop"]},{"damage_healed":0.0,"max_hp_gain":0.0,"max_hp_loss":0.0,"gold_gain":50.0,"event_name":"Nest","player_choice":"Stole From Cult","floor":29.0,"gold_loss":0.0,"damage_taken":0.0}],"is_beta":true,"boss_relics":[{"not_picked":["Lizard Tail","Philosopher\u0027s Stone"],"picked":"Empty Cage"}],"items_purged_floors":[],"is_endless":false,"potions_floor_spawned":[5,7,8,13,28],"killed_by":"Chosen and Byrds","ascension_level":18}