{"gold_per_floor":[211,16,16,33,49,84,84,16,16,35,50,80,91,102,102,102],"floor_reached":16,"playtime":753,"items_purged":[],"score":125,"play_id":"850bbd78-4186-4e39-8b72-26a9208340da","local_time":"20190609141824","is_ascension_mode":true,"campfire_choices":[{"floor":7,"key":"REST"},{"floor":15,"key":"REST"}],"neow_cost":"NONE","seed_source_timestamp":247713524523484,"circlet_count":0,"master_deck":["Defend_G","Defend_G","Defend_G","Defend_G","Defend_G","Strike_G","Strike_G","Strike_G","Strike_G","Strike_G","Survivor","Neutralize","Dagger Spray","Regret","Accuracy","PiercingWail","Prepared","Setup","Sucker Punch","Malaise","Blur","Outmaneuver","Endless Agony"],"relics":["Ring of the Snake","HandDrill","Ninja Scroll","Bottled Lightning","Sundial","Dream Catcher"],"potions_floor_usage":[6,12,14,16],"damage_taken":[{"damage":1,"enemies":"2 Louse","floor":1,"turns":3},{"damage":3,"enemies":"Jaw Worm","floor":4,"turns":3},{"damage":1,"enemies":"Cultist","floor":5,"turns":3},{"damage":44,"enemies":"Lagavulin","floor":6,"turns":8},{"damage":5,"enemies":"2 Fungi Beasts","floor":10,"turns":5},{"damage":0,"enemies":"3 Louse","floor":11,"turns":2},{"damage":17,"enemies":"Gremlin Nob","floor":12,"turns":4},{"damage":3,"enemies":"Exordium Wildlife","floor":13,"turns":3},{"damage":6,"enemies":"Lots of Slimes","floor":14,"turns":3},{"damage":34,"enemies":"The Guardian","floor":16,"turns":8}],"seed_played":"6870858550204870763","potions_obtained":[{"floor":5,"key":"Fire Potion"},{"floor":10,"key":"Swift Potion"},{"floor":11,"key":"Strength Potion"},{"floor":14,"key":"Weak Potion"}],"is_trial":false,"path_per_floor":["M","$","?","M","M","E","R","?","T","M","M","E","M","M","R","B"],"character_chosen":"THE_SILENT","items_purchased":["HandDrill"],"campfire_rested":2,"item_purchase_floors":[2],"current_hp_per_floor":[69,69,69,66,65,21,42,42,42,37,37,20,17,11,32,0],"gold":102,"neow_bonus":"HUNDRED_GOLD","is_prod":false,"is_daily":false,"chose_seed":false,"campfire_upgraded":0,"win_rate":0,"timestamp":1560104304,"path_taken":["M","$","?","M","M","E","R","?","T","M","M","E","M","M","R","BOSS"],"build_version":"2019-01-23","purchased_purges":0,"victory":false,"max_hp_per_floor":[70,70,70,70,70,70,70,70,70,70,70,70,70,70,70,70],"card_choices":[{"not_picked":["Dagger Throw","Slice"],"picked":"Dagger Spray","floor":1},{"not_picked":["Outmaneuver","Acrobatics"],"picked":"Accuracy","floor":4},{"not_picked":["Predator","Dodge and Roll"],"picked":"PiercingWail","floor":5},{"not_picked":["Eviscerate","PiercingWail"],"picked":"Prepared","floor":6},{"not_picked":["Bouncing Flask","Backflip"],"picked":"Setup","floor":10},{"not_picked":["Poisoned Stab","Quick Slash"],"picked":"Sucker Punch","floor":11},{"not_picked":["Masterful Stab","Acrobatics"],"picked":"Malaise","floor":12},{"not_picked":["Acrobatics","Quick Slash"],"picked":"Blur","floor":13},{"not_picked":["Noxious Fumes","Catalyst"],"picked":"Outmaneuver","floor":14},{"not_picked":["Slice","Flying Knee"],"picked":"Endless Agony","floor":15}],"player_experience":444864,"relics_obtained":[{"floor":6,"key":"Bottled Lightning"},{"floor":12,"key":"Dream Catcher"}],"event_choices":[{"damage_healed":0,"gold_gain":0,"player_choice":"Box","damage_taken":0,"relics_obtained":["Ninja Scroll"],"max_hp_gain":0,"max_hp_loss":0,"event_name":"Big Fish","floor":3,"gold_loss":0,"cards_obtained":["Regret"]},{"damage_healed":0,"gold_gain":0,"player_choice":"Paid Gold","damage_taken":0,"relics_obtained":["Sundial"],"max_hp_gain":0,"max_hp_loss":0,"event_name":"WeMeetAgain","floor":8,"gold_loss":68}],"is_beta":false,"boss_relics":[],"items_purged_floors":[],"is_endless":false,"potions_floor_spawned":[5,10,11,14],"killed_by":"The Guardian","ascension_level":2}