{"path_per_floor":["M","$","M","M","?","R","?","M","T","M","M","?","R","M","R","B",null,"M","M","M","T","?","R","?","M","T","R","T","$","M","M","R","B",null,"M","?","?","M","M","R","$","R","T","M","M","M","M","T","R","B"],"character_chosen":"IRONCLAD","items_purchased":["Bronze Scales","Toolbox"],"gold_per_floor":[12,12,28,39,39,39,39,53,106,118,135,199,199,213,213,311,311,323,334,354,354,354,354,354,373,373,373,452,53,69,85,85,180,180,196,196,0,12,29,29,29,29,29,47,67,85,98,121,121,121],"floor_reached":51,"campfire_rested":2,"playtime":4103,"current_hp_per_floor":[80,80,80,80,77,77,82,85,85,85,85,62,62,68,68,34,85,85,63,59,59,85,85,85,72,72,72,72,72,51,53,78,49,85,85,74,74,80,73,73,73,73,73,64,66,76,53,53,78,59],"items_purged":[],"gold":121,"score":595,"play_id":"7dcad896-9be6-43b4-9b21-b844a7b8f825","local_time":"20180506020424","is_prod":false,"is_daily":false,"chose_seed":false,"is_ascension_mode":false,"campfire_upgraded":7,"timestamp":1525586664,"path_taken":["M","$","M","M","?","R","?","M","T","?","?","?","R","M","R","BOSS","M","M","M","?","?","R","?","M","T","R","?","$","M","M","R","BOSS","M","?","?","M","M","R","$","R","T","M","?","M","M","?","R","BOSS"],"build_version":"2018-05-03","seed_source_timestamp":189924303095019,"purchased_purges":1,"victory":true,"master_deck":["Strike_R","Strike_R","Strike_R","Strike_R","Strike_R","Defend_R","Defend_R","Defend_R","Defend_R","Bash+1","Armaments+1","Body Slam","Body Slam+1","Fire Breathing+1","Double Tap+1","Iron Wave+1","Seeing Red","Offering+1","Shrug It Off+1","Spot Weakness","Barricade+1","Madness","Madness","Shrug It Off+1","Iron Wave+1","Metallicize+1","Fire Breathing+1"],"max_hp_per_floor":[80,80,80,80,80,80,85,85,85,85,85,85,85,85,85,85,85,85,85,85,85,85,85,85,85,85,85,85,85,85,85,85,85,85,85,85,85,85,85,85,85,85,85,85,85,85,85,85,85,85],"relics":["Burning Blood","Thread and Needle","Oddly Smooth Stone","Tiny Chest","Bag of Preparation","Runic Cube","Omamori","Paper Frog","Centennial Puzzle","Bronze Scales","Toolbox","Runic Dome","Red Mask","Gambling Chip","Whetstone"],"card_choices":[{"not_picked":["Wild Strike","Anger"],"picked":"Armaments","floor":1},{"not_picked":["Perfected Strike","Thunderclap"],"picked":"Body Slam","floor":3},{"not_picked":["Hemokinesis","Bloodletting"],"picked":"Body Slam","floor":4},{"not_picked":["Cleave","Sword Boomerang"],"picked":"Fire Breathing","floor":8},{"not_picked":["Sever Soul","Wild Strike"],"picked":"Double Tap","floor":11},{"not_picked":["Pommel Strike","Anger"],"picked":"Iron Wave","floor":12},{"not_picked":["Pommel Strike","Whirlwind"],"picked":"Seeing Red","floor":14},{"not_picked":["Reaper","Berserk"],"picked":"Offering","floor":16},{"not_picked":["Heavy Blade","Havoc"],"picked":"Spot Weakness","floor":31},{"not_picked":["Immolate","Dark Embrace"],"picked":"Barricade","floor":33},{"not_picked":["Cleave","Flex"],"picked":"Shrug It Off","floor":39},{"not_picked":["Flex","Pommel Strike"],"picked":"Iron Wave","floor":45},{"not_picked":["Carnage","Uppercut"],"picked":"Metallicize","floor":46},{"not_picked":["Anger","Pummel"],"picked":"Fire Breathing","floor":47}],"player_experience":181484,"potions_floor_usage":[12,33,33,33,50,50,50],"damage_taken":[{"damage":0,"enemies":"Jaw Worm","floor":1,"turns":5},{"damage":0,"enemies":"Small Slimes","floor":3,"turns":4},{"damage":0,"enemies":"2 Louse","floor":4,"turns":3},{"damage":0,"enemies":"Large Slime","floor":8,"turns":7},{"damage":1,"enemies":"Blue Slaver","floor":10,"turns":4},{"damage":0,"enemies":"Red Slaver","floor":11,"turns":3},{"damage":29,"enemies":"Gremlin Nob","floor":12,"turns":5},{"damage":0,"enemies":"Looter","floor":14,"turns":3},{"damage":40,"enemies":"Slime Boss","floor":16,"turns":12},{"damage":4,"enemies":"Shell Parasite","floor":18,"turns":3},{"damage":28,"enemies":"Spheric Guardian","floor":19,"turns":7},{"damage":10,"enemies":"Snecko","floor":20,"turns":5},{"damage":19,"enemies":"Centurion and Healer","floor":25,"turns":5},{"damage":27,"enemies":"Sentry and Sphere","floor":30,"turns":6},{"damage":4,"enemies":"Snecko","floor":31,"turns":5},{"damage":35,"enemies":"Collector","floor":33,"turns":9},{"damage":1,"enemies":"Orb Walker","floor":35,"turns":3},{"damage":0,"enemies":"3 Shapes","floor":38,"turns":5},{"damage":13,"enemies":"3 Darklings","floor":39,"turns":7},{"damage":15,"enemies":"Sphere and 2 Shapes","floor":44,"turns":6},{"damage":4,"enemies":"Maw","floor":45,"turns":6},{"damage":0,"enemies":"4 Shapes","floor":46,"turns":16},{"damage":29,"enemies":"3 Darklings","floor":47,"turns":7},{"damage":25,"enemies":"Time Eater","floor":50,"turns":11}],"event_choices":[{"event_name":"Scrap Ooze","player_choice":"success","floor":5,"damage_taken":3},{"event_name":"Big Fish","player_choice":"Donut","floor":7,"damage_taken":0},{"event_name":"Dead Adventurer","player_choice":"Searched \u00271\u0027 times","floor":12,"damage_taken":0},{"event_name":"Wheel of Change","player_choice":"Full Heal","floor":22,"damage_taken":0},{"event_name":"The Library","player_choice":"Read","floor":24,"damage_taken":0},{"event_name":"Winding Halls","player_choice":"Embrace Madness","floor":36,"damage_taken":0},{"event_name":"Tomb of Lord Red Mask","player_choice":"Paid","floor":37,"damage_taken":0}],"boss_relics":[{"not_picked":["Black Star","Sozu"],"picked":"Runic Cube"},{"not_picked":["Snecko Eye","Black Blood"],"picked":"Runic Dome"}],"potions_floor_spawned":[3,4,8,11,20,31,35,39,44,45],"seed_played":"3845580560933203607","ascension_level":0,"is_trial":false}