{"gold_per_floor":[111,128,147,167,180,214,214,214,214,47,12,12],"floor_reached":12,"playtime":549,"items_purged":["Strike_B"],"score":99,"play_id":"1099cb6c-4920-47d3-b874-12f5c3392e86","local_time":"20190721160844","is_ascension_mode":true,"campfire_choices":[],"neow_cost":"NONE","seed_source_timestamp":830283685801100,"circlet_count":0,"master_deck":["Strike_B","Strike_B","Strike_B","Defend_B","Defend_B","Defend_B","Defend_B","Zap+1","Dualcast","Leap","Sweeping Beam","Forethought"],"relics":["Cracked Core","Dead Branch"],"potions_floor_usage":[8],"damage_taken":[{"damage":1,"enemies":"Cultist","floor":1,"turns":3},{"damage":0,"enemies":"2 Louse","floor":2,"turns":2},{"damage":0,"enemies":"Small Slimes","floor":3,"turns":3},{"damage":19,"enemies":"Exordium Thugs","floor":4,"turns":4},{"damage":2,"enemies":"3 Louse","floor":5,"turns":4},{"damage":19,"enemies":"Lagavulin","floor":6,"turns":10},{"damage":0,"enemies":"3 Sentries","floor":8,"turns":1},{"damage":0,"enemies":"Gremlin Gang","floor":12,"turns":1}],"seed_played":"5643750728093818447","potions_obtained":[{"floor":1,"key":"SmokeBomb"}],"is_trial":false,"path_per_floor":["M","M","M","M","M","E","?","E","T","$","?","M"],"character_chosen":"DEFECT","items_purchased":["Forethought"],"campfire_rested":0,"item_purchase_floors":[10],"current_hp_per_floor":[74,74,74,55,53,34,34,34,34,34,52,52],"gold":12,"neow_bonus":"UPGRADE_CARD","is_prod":false,"is_daily":false,"chose_seed":false,"campfire_upgraded":0,"win_rate":0,"timestamp":1563739724,"path_taken":["M","M","M","M","?","E","?","E","T","$","?","M"],"build_version":"2019-07-17","purchased_purges":1,"victory":false,"max_hp_per_floor":[75,75,75,75,75,75,75,75,75,75,75,75],"card_choices":[{"not_picked":["Undo","Steam"],"picked":"Leap","floor":1},{"not_picked":["Barrage","Streamline","Hello World"],"picked":"SKIP","floor":2},{"not_picked":["Beam Cell","Streamline","Rebound"],"picked":"SKIP","floor":3},{"not_picked":["Recycle","Redo","Rip and Tear"],"picked":"SKIP","floor":4},{"not_picked":["Redo","Steam","Go for the Eyes"],"picked":"SKIP","floor":5},{"not_picked":["Buffer","Rebound"],"picked":"Sweeping Beam","floor":6}],"player_experience":787567,"relics_obtained":[{"floor":6,"key":"Dead Branch"}],"event_choices":[{"damage_healed":0,"gold_gain":0,"player_choice":"Ignored","damage_taken":0,"max_hp_gain":0,"max_hp_loss":0,"event_name":"Shining Light","floor":7,"gold_loss":0},{"damage_healed":18,"gold_gain":0,"player_choice":"Healed","damage_taken":0,"max_hp_gain":0,"max_hp_loss":0,"event_name":"The Cleric","floor":11,"gold_loss":35}],"is_beta":false,"boss_relics":[],"items_purged_floors":[10],"is_endless":false,"potions_floor_spawned":[1],"killed_by":"Gremlin Gang","ascension_level":2}