{"gold_per_floor":[115,133,5,5,21,50,50,63,87,87,87,120,134,153,153,274,274,292,317,332,25,49,49,62,75,145,60,84,84,84,99,99,227,227,245,0,13,43,43],"floor_reached":39,"playtime":3588,"items_purged":["Strike_G"],"score":417,"play_id":"3a682aad-4dbe-44ff-a78d-616755260e03","local_time":"20190703201134","is_ascension_mode":true,"campfire_choices":[{"data":"Setup","floor":7.0,"key":"SMITH"},{"data":"Neutralize","floor":11.0,"key":"SMITH"},{"data":"Dagger Spray","floor":15.0,"key":"SMITH"},{"floor":23.0,"key":"REST"},{"floor":30.0,"key":"REST"},{"floor":32.0,"key":"REST"}],"neow_cost":"NONE","seed_source_timestamp":0,"circlet_count":0,"master_deck":["Strike_G","Strike_G","Strike_G","Strike_G","Defend_G","Defend_G","Defend_G","Defend_G","Defend_G","Survivor","Neutralize+1","Flechettes+1","Sucker Punch","Setup+1","Deflect","Dagger Spray","Die Die Die","Outmaneuver","Dagger Spray+1","Heel Hook","After Image","Dagger Throw","Finisher","Finisher","Sucker Punch","Dash","Endless Agony+1","Outmaneuver+1","Quick Slash","Prepared","Glass Knife","Dagger Spray+1","Tactician"],"special_seed":0,"relics":["Runic Pyramid","Potion Belt","Oddly Smooth Stone","Golden Idol","Pen Nib","Fusion Hammer","Sling","Pear","Omamori","Nilry\u0027s Codex","HoveringKite","Red Mask","Tiny Chest"],"potions_floor_usage":[],"damage_taken":[{"damage":0.0,"enemies":"Small Slimes","floor":1.0,"turns":4.0},{"damage":1.0,"enemies":"Cultist","floor":2.0,"turns":3.0},{"damage":0.0,"enemies":"Jaw Worm","floor":5.0,"turns":3.0},{"damage":25.0,"enemies":"Gremlin Nob","floor":6.0,"turns":4.0},{"damage":0.0,"enemies":"2 Fungi Beasts","floor":8.0,"turns":3.0},{"damage":4.0,"enemies":"Lagavulin","floor":12.0,"turns":5.0},{"damage":0.0,"enemies":"3 Louse","floor":13.0,"turns":1.0},{"damage":7.0,"enemies":"Exordium Thugs","floor":14.0,"turns":3.0},{"damage":27.0,"enemies":"Slime Boss","floor":16.0,"turns":11.0},{"damage":6.0,"enemies":"3 Byrds","floor":18.0,"turns":5.0},{"damage":1.0,"enemies":"Chosen","floor":19.0,"turns":5.0},{"damage":7.0,"enemies":"Centurion and Healer","floor":20.0,"turns":3.0},{"damage":6.0,"enemies":"Chosen and Byrds","floor":22.0,"turns":5.0},{"damage":0.0,"enemies":"3 Cultists","floor":24.0,"turns":3.0},{"damage":0.0,"enemies":"Centurion and Healer","floor":25.0,"turns":4.0},{"damage":5.0,"enemies":"Sentry and Sphere","floor":28.0,"turns":4.0},{"damage":0.0,"enemies":"3 Cultists","floor":31.0,"turns":4.0},{"damage":62.0,"enemies":"Champ","floor":33.0,"turns":10.0},{"damage":7.0,"enemies":"Orb Walker","floor":35.0,"turns":5.0},{"damage":0.0,"enemies":"3 Shapes","floor":37.0,"turns":6.0},{"damage":0,"enemies":"Spire Growth","floor":39,"turns":1}],"seed_played":"-6121538930805050069","potions_obtained":[{"floor":1.0,"key":"EssenceOfSteel"},{"floor":2.0,"key":"SkillPotion"},{"floor":8.0,"key":"Block Potion"},{"floor":14.0,"key":"Energy Potion"},{"floor":19.0,"key":"SteroidPotion"},{"floor":25.0,"key":"Weak Potion"},{"floor":28.0,"key":"Block Potion"},{"floor":31.0,"key":"AttackPotion"}],"is_trial":false,"path_per_floor":["M","M","$","?","M","E","R","M","T","?","R","E","M","M","R","B",null,"M","M","M","$","M","R","M","M","T","?","M","?","R","M","R","B",null,"M","?","M","T","M"],"character_chosen":"THE_SILENT","items_purchased":["Setup","Deflect","Sling","Sucker Punch"],"campfire_rested":3,"item_purchase_floors":[3,3,21,21],"current_hp_per_floor":[70,69,69,69,69,44,44,44,44,44,44,40,40,33,33,6,65,59,58,51,51,45,64,64,64,74,74,69,53,75,75,75,13,75,68,68,68,68,68],"gold":43,"neow_bonus":"BOSS_RELIC","is_prod":false,"is_daily":false,"chose_seed":false,"campfire_upgraded":3,"win_rate":0,"timestamp":1562199094,"path_taken":["M","M","$","?","M","E","R","?","T","?","R","E","M","M","R","BOSS","M","M","M","$","M","R","M","M","T","?","M","?","R","M","R","BOSS","M","?","M","?","M"],"build_version":"2019-07-01","purchased_purges":1,"victory":false,"max_hp_per_floor":[70,70,70,70,70,70,70,70,70,65,65,65,65,65,65,65,65,65,65,65,65,65,65,65,65,75,75,75,75,75,75,75,75,75,75,75,75,75,75],"card_choices":[{"not_picked":["Distraction","Blade Dance"],"picked":"Flechettes","floor":1.0},{"not_picked":["PiercingWail","Quick Slash"],"picked":"Sucker Punch","floor":2.0},{"not_picked":["Escape Plan","Poisoned Stab"],"picked":"Dagger Spray","floor":5.0},{"not_picked":["Dodge and Roll","Poisoned Stab","Eviscerate"],"picked":"SKIP","floor":6.0},{"not_picked":["Deflect","Slice"],"picked":"Die Die Die","floor":8.0},{"not_picked":["PiercingWail","Caltrops"],"picked":"Outmaneuver","floor":12.0},{"not_picked":["Poisoned Stab","Outmaneuver"],"picked":"Dagger Spray","floor":13.0},{"not_picked":["Dagger Throw","Poisoned Stab"],"picked":"Heel Hook","floor":14.0},{"not_picked":["Envenom","Burst"],"picked":"After Image","floor":16.0},{"not_picked":["Blade Dance","Bane"],"picked":"Dagger Throw","floor":18.0},{"not_picked":["Underhanded Strike","Bane"],"picked":"Finisher","floor":19.0},{"not_picked":["Blade Dance","Outmaneuver"],"picked":"Finisher","floor":20.0},{"not_picked":["Outmaneuver","Prepared+1"],"picked":"Dash","floor":22.0},{"not_picked":["PiercingWail","Slice"],"picked":"Endless Agony+1","floor":24.0},{"not_picked":["Eviscerate","Dodge and Roll"],"picked":"Outmaneuver+1","floor":25.0},{"not_picked":["Storm of Steel","Dagger Spray"],"picked":"Quick Slash","floor":28.0},{"not_picked":["Quick Slash","Caltrops"],"picked":"Prepared","floor":31.0},{"not_picked":["Storm of Steel","Die Die Die"],"picked":"Glass Knife","floor":33.0},{"not_picked":["Blade Dance+1","Poisoned Stab"],"picked":"Dagger Spray+1","floor":35.0},{"not_picked":["PiercingWail+1","Deadly Poison"],"picked":"Tactician","floor":37.0}],"player_experience":564744,"relics_obtained":[{"floor":6.0,"key":"Potion Belt"},{"floor":9.0,"key":"Oddly Smooth Stone"},{"floor":12.0,"key":"Pen Nib"},{"floor":26.0,"key":"Pear"},{"floor":29.0,"key":"Nilry\u0027s Codex"},{"floor":38.0,"key":"Tiny Chest"}],"event_choices":[{"damage_healed":0.0,"max_hp_gain":0.0,"max_hp_loss":0.0,"gold_gain":0.0,"event_name":"Accursed Blacksmith","player_choice":"Forge","floor":4.0,"gold_loss":0.0,"damage_taken":0.0,"cards_upgraded":["Flechettes"]},{"damage_healed":0.0,"max_hp_gain":0.0,"max_hp_loss":5.0,"gold_gain":0.0,"event_name":"Golden Idol","player_choice":"Lose Max HP","floor":10.0,"gold_loss":0.0,"damage_taken":0.0,"relics_obtained":["Golden Idol"]},{"damage_healed":0.0,"max_hp_gain":0.0,"max_hp_loss":0.0,"gold_gain":0.0,"event_name":"Addict","player_choice":"Obtained Relic","floor":27.0,"gold_loss":85.0,"damage_taken":0.0,"relics_obtained":["Omamori"]},{"damage_healed":0.0,"max_hp_gain":0.0,"max_hp_loss":0.0,"gold_gain":0.0,"event_name":"Cursed Tome","player_choice":"Obtained Book","floor":29.0,"gold_loss":0.0,"damage_taken":16.0},{"damage_healed":0.0,"max_hp_gain":0.0,"max_hp_loss":0.0,"gold_gain":0.0,"event_name":"Tomb of Lord Red Mask","player_choice":"Paid","floor":36.0,"gold_loss":245.0,"damage_taken":0.0,"relics_obtained":["Red Mask"]}],"is_beta":false,"boss_relics":[{"not_picked":["Busted Crown","Cursed Key"],"picked":"Fusion Hammer"},{"not_picked":["Snecko Eye","Lizard Tail"],"picked":"HoveringKite"}],"items_purged_floors":[21],"is_endless":false,"potions_floor_spawned":[1,2,8,14,19,25,28,31],"killed_by":"Spire Growth","ascension_level":1}