{"gold_per_floor":[99,99,99,73,73,73,73,73,73,0,0,0,0,0,0,0,0,0,0,0,0,0,0,0,0,0,0,0,0,0,0,0,0,0,0,0,0,0,0,0,0,0,0,0,0,0,0,0,0,0,0,0,0,0,0],"floor_reached":55,"playtime":3281,"items_purged":[],"score":689,"play_id":"20bc8dfe-5731-4df0-b2f0-3b5dd04542a9","local_time":"20190716234412","is_ascension_mode":false,"campfire_choices":[{"data":"Deflect","floor":6,"key":"SMITH"},{"data":"Noxious Fumes","floor":11,"key":"SMITH"},{"data":"Poisoned Stab","floor":15,"key":"SMITH"},{"data":"Bane","floor":23,"key":"SMITH"},{"floor":25,"key":"REST"},{"floor":29,"key":"REST"},{"floor":32,"key":"REST"},{"floor":40,"key":"RECALL"},{"data":"Night Terror","floor":42,"key":"SMITH"},{"floor":45,"key":"REST"},{"data":"Neutralize","floor":49,"key":"SMITH"},{"data":"Flash of Steel","floor":52,"key":"SMITH"}],"neow_cost":"NONE","seed_source_timestamp":457414198313444,"circlet_count":0,"master_deck":["Strike_G+1","Strike_G+1","Strike_G+1","Strike_G+1","Defend_G+1","Defend_G+1","Defend_G+1","Defend_G+1","Defend_G+1","Survivor","Neutralize+1","Blade Dance","Leg Sweep+1","Deflect+1","Poisoned Stab+1","Noxious Fumes+1","Night Terror+1","Bane+1","Deadly Poison+1","Slice+1","Well Laid Plans+1","After Image","Crippling Poison+1","Flash of Steel+1","PiercingWail+1","Backflip+1","Masterful Stab+1"],"relics":["Ectoplasm","The Specimen","Snake Skull","Black Star","Centennial Puzzle","Pantograph","Torii","Vajra","Bag of Marbles","Bronze Scales","Mercury Hourglass","Question Card","Empty Cage","Regal Pillow","Toxic Egg 2","Red Mask","Ninja Scroll","Thread and Needle"],"potions_floor_usage":[38,41,44,55],"damage_taken":[{"damage":2,"enemies":"Small Slimes","floor":1,"turns":5},{"damage":0,"enemies":"2 Louse","floor":8,"turns":3},{"damage":0,"enemies":"Cultist","floor":14,"turns":3},{"damage":5,"enemies":"Hexaghost","floor":16,"turns":9},{"damage":11,"enemies":"Spheric Guardian","floor":18,"turns":4},{"damage":16,"enemies":"3 Byrds","floor":20,"turns":5},{"damage":23,"enemies":"Slavers","floor":24,"turns":5},{"damage":4,"enemies":"Book of Stabbing","floor":27,"turns":6},{"damage":14,"enemies":"Centurion and Healer","floor":28,"turns":5},{"damage":20,"enemies":"Slavers","floor":30,"turns":4},{"damage":1,"enemies":"Chosen and Byrds","floor":31,"turns":3},{"damage":11,"enemies":"Champ","floor":33,"turns":11},{"damage":3,"enemies":"3 Shapes","floor":35,"turns":5},{"damage":19,"enemies":"3 Darklings","floor":37,"turns":3},{"damage":0,"enemies":"Transient","floor":38,"turns":5},{"damage":1,"enemies":"4 Shapes","floor":39,"turns":4},{"damage":7,"enemies":"Maw","floor":41,"turns":8},{"damage":35,"enemies":"Reptomancer","floor":44,"turns":6},{"damage":27,"enemies":"Donu and Deca","floor":50,"turns":8},{"damage":40,"enemies":"Shield and Spear","floor":54,"turns":7},{"damage":69,"enemies":"The Heart","floor":55,"turns":11}],"seed_played":"-4182131299511502810","potions_obtained":[{"floor":14,"key":"Fire Potion"},{"floor":18,"key":"Block Potion"},{"floor":27,"key":"GhostInAJar"},{"floor":37,"key":"Regen Potion"},{"floor":41,"key":"Weak Potion"}],"is_trial":false,"path_per_floor":["M","$","?","$","?","R","?","M","T","$","R","?","$","M","R","B",null,"M","?","M","?","?","R","E","R","T","E","M","R","E","M","R","B",null,"M","?","M","M","M","R","M","R","T","E","R","?","$","?","R","B",null,"R","$","E","B"],"character_chosen":"THE_SILENT","items_purchased":["Deflect","Noxious Fumes"],"campfire_rested":4,"item_purchase_floors":[4,10],"current_hp_per_floor":[68,68,68,68,61,61,47,47,47,47,47,70,70,70,70,65,70,59,59,43,43,43,43,20,41,41,37,23,44,24,23,44,58,70,67,67,48,48,47,47,55,55,55,20,56,56,56,56,56,39,66,66,66,26,0],"gold":0,"neow_bonus":"BOSS_RELIC","is_prod":false,"is_daily":false,"chose_seed":false,"campfire_upgraded":7,"win_rate":0,"timestamp":1563338652,"path_taken":["M","$","?","$","?","R","?","M","T","$","R","?","?","?","R","BOSS","M","?","?","?","?","R","E","R","T","E","?","R","E","M","R","BOSS","M","?","M","M","M","R","M","R","T","E","R","?","$","?","R","BOSS","R","$","E","BOSS"],"build_version":"2019-07-05","purchased_purges":0,"victory":false,"max_hp_per_floor":[70,70,70,70,70,70,70,70,70,70,70,70,70,70,70,70,70,70,70,70,70,70,70,70,70,70,70,70,70,70,70,70,70,70,70,70,70,70,70,70,70,70,70,70,70,70,70,66,66,66,66,66,66,66,66],"card_choices":[{"not_picked":["Calculated Gamble","Catalyst"],"picked":"Blade Dance","floor":1},{"not_picked":["Prepared","Bane"],"picked":"Poisoned Stab","floor":8},{"not_picked":["Predator","Tactician"],"picked":"Deadly Poison","floor":14},{"not_picked":["Storm of Steel","Phantasmal Killer"],"picked":"Night Terror","floor":16},{"not_picked":["Backflip","Dodge and Roll"],"picked":"Bane","floor":18},{"not_picked":["Quick Slash","Dagger Spray","Flying Knee"],"picked":"SKIP","floor":20},{"not_picked":["Flying Knee","Distraction"],"picked":"Bane","floor":24},{"not_picked":["Quick Slash+1","Dodge and Roll+1"],"picked":"Deadly Poison+1","floor":27},{"not_picked":["Choke+1","All Out Attack"],"picked":"Slice+1","floor":28},{"not_picked":["Deadly Poison","Malaise","Predator"],"picked":"SKIP","floor":30},{"not_picked":["Riddle With Holes","Slice","Dagger Throw"],"picked":"Well Laid Plans+1","floor":31},{"not_picked":["Envenom","Burst","Venomology"],"picked":"After Image","floor":33},{"not_picked":["Finisher","Choke+1","Prepared+1"],"picked":"Crippling Poison+1","floor":35},{"not_picked":["Violence","Impatience","PanicButton"],"picked":"Flash of Steel","floor":36},{"not_picked":["Bane","Deflect+1","Underhanded Strike","Eviscerate"],"picked":"SKIP","floor":37},{"not_picked":["Cloak And Dagger","Dodge and Roll+1","Flying Knee","Acrobatics"],"picked":"SKIP","floor":38},{"not_picked":["Tactician+1","Dagger Throw","Bouncing Flask+1"],"picked":"PiercingWail+1","floor":39},{"not_picked":["Heel Hook","Underhanded Strike","Well Laid Plans"],"picked":"Backflip+1","floor":41},{"not_picked":["PiercingWail","Storm of Steel","Endless Agony+1"],"picked":"Masterful Stab+1","floor":44},{"not_picked":["Leg Sweep+1","Crippling Poison+1","Backflip+1","Acrobatics+1"],"picked":"SKIP","floor":54}],"player_experience":137043,"relics_obtained":[{"floor":9,"key":"Snake Skull"},{"floor":24,"key":"Pantograph"},{"floor":24,"key":"Torii"},{"floor":26,"key":"Vajra"},{"floor":27,"key":"Bag of Marbles"},{"floor":27,"key":"Bronze Scales"},{"floor":30,"key":"Mercury Hourglass"},{"floor":30,"key":"Question Card"},{"floor":44,"key":"Regal Pillow"},{"floor":44,"key":"Toxic Egg 2"},{"floor":54,"key":"Ninja Scroll"},{"floor":54,"key":"Thread and Needle"}],"event_choices":[{"damage_healed":0,"gold_gain":0,"cards_transformed":["Strike_G"],"player_choice":"Change","damage_taken":0,"max_hp_gain":0,"max_hp_loss":0,"event_name":"Living Wall","floor":3,"gold_loss":0,"cards_obtained":["Leg Sweep"]},{"damage_healed":0,"gold_gain":0,"player_choice":"Success","damage_taken":7,"relics_obtained":["The Specimen"],"max_hp_gain":0,"max_hp_loss":0,"event_name":"Scrap Ooze","floor":5,"gold_loss":0},{"damage_healed":0,"gold_gain":0,"player_choice":"Entered Light","damage_taken":14,"max_hp_gain":0,"max_hp_loss":0,"event_name":"Shining Light","floor":7,"gold_loss":0,"cards_upgraded":["Leg Sweep","Defend_G"]},{"damage_healed":23,"gold_gain":0,"player_choice":"Banana","damage_taken":0,"max_hp_gain":0,"max_hp_loss":0,"event_name":"Big Fish","floor":12,"gold_loss":0},{"damage_healed":0,"gold_gain":0,"player_choice":"Ignored","damage_taken":0,"max_hp_gain":0,"max_hp_loss":0,"event_name":"N\u0027loth","floor":19,"gold_loss":0},{"damage_healed":0,"gold_gain":0,"player_choice":"Simplicity","damage_taken":0,"max_hp_gain":0,"max_hp_loss":0,"event_name":"Back to Basics","floor":21,"gold_loss":0,"cards_upgraded":["Strike_G","Strike_G","Strike_G","Strike_G","Defend_G","Defend_G","Defend_G","Defend_G"]},{"damage_healed":0,"gold_gain":0,"player_choice":"Gave Potion","damage_taken":0,"relics_obtained":["Centennial Puzzle"],"max_hp_gain":0,"max_hp_loss":0,"event_name":"WeMeetAgain","floor":22,"gold_loss":0},{"damage_healed":0,"gold_gain":0,"player_choice":"Memory 1","damage_taken":0,"max_hp_gain":0,"max_hp_loss":0,"event_name":"SensoryStone","floor":36,"gold_loss":0},{"damage_healed":0,"gold_gain":0,"player_choice":"Paid","damage_taken":0,"relics_obtained":["Red Mask"],"max_hp_gain":0,"max_hp_loss":0,"event_name":"Tomb of Lord Red Mask","floor":46,"gold_loss":0},{"damage_healed":0,"gold_gain":0,"player_choice":"Max HP","damage_taken":0,"max_hp_gain":0,"max_hp_loss":4,"event_name":"Winding Halls","floor":48,"gold_loss":0}],"is_beta":false,"boss_relics":[{"not_picked":["Velvet Choker","Philosopher\u0027s Stone"],"picked":"Black Star"},{"not_picked":["HoveringKite","Tiny House"],"picked":"Empty Cage"}],"items_purged_floors":[],"is_endless":false,"potions_floor_spawned":[14,18,27,37,41],"killed_by":"The Heart","ascension_level":0}