{"gold_per_floor":[118,134,99,113,133,133,133,133,133,213,228,244,244,257,257,334,334,354,354,354,372,389,389,73,73,73,89,102,102,102],"floor_reached":30,"playtime":1352,"items_purged":[],"score":414,"play_id":"e4fe9cac-9587-421e-a282-dc0e6539ec3b","local_time":"20190129144327","is_ascension_mode":true,"campfire_choices":[{"data":"Go for the Eyes","floor":6,"key":"SMITH"},{"data":"Zap","floor":8,"key":"SMITH"},{"data":"Leap","floor":13,"key":"SMITH"},{"data":"Reprogram","floor":15,"key":"SMITH"},{"data":"Defragment","floor":23,"key":"SMITH"},{"data":"Coolheaded","floor":25,"key":"SMITH"}],"neow_cost":"NONE","seed_source_timestamp":2717047242979,"circlet_count":0,"master_deck":["AscendersBane","Strike_B","Strike_B","Strike_B","Strike_B","Defend_B","Defend_B","Defend_B","Defend_B","Zap+1","Dualcast","Self Repair","Go for the Eyes+1","Coolheaded+1","Leap+1","Ball Lightning","Sweeping Beam","Reprogram+1","Glacier+1","Defragment+1","Fusion+1","Static Discharge"],"special_seed":0,"relics":["Cracked Core","Gremlin Horn","Letter Opener","White Beast Statue","Thread and Needle","Matryoshka","MutagenicStrength"],"potions_floor_usage":[14,16,22,27,28,30,30],"damage_taken":[{"damage":4.0,"enemies":"Jaw Worm","floor":1.0,"turns":4.0},{"damage":5,"enemies":"2 Louse","floor":2,"turns":2},{"damage":2,"enemies":"Small Slimes","floor":4,"turns":3},{"damage":2,"enemies":"Blue Slaver","floor":5,"turns":5},{"damage":2,"enemies":"Red Slaver","floor":11,"turns":5},{"damage":7,"enemies":"Large Slime","floor":12,"turns":7},{"damage":1,"enemies":"3 Louse","floor":14,"turns":2},{"damage":61,"enemies":"Hexaghost","floor":16,"turns":13},{"damage":22,"enemies":"2 Thieves","floor":18,"turns":3},{"damage":28,"enemies":"Colosseum Slavers","floor":19,"turns":3},{"damage":37,"enemies":"Chosen","floor":21,"turns":6},{"damage":8,"enemies":"Snake Plant","floor":22,"turns":5},{"damage":9,"enemies":"Chosen and Byrds","floor":27,"turns":6},{"damage":46,"enemies":"Centurion and Healer","floor":28,"turns":12},{"damage":19,"enemies":"3 Cultists","floor":30,"turns":4}],"seed_played":"4276864541473059557","potions_obtained":[{"floor":2,"key":"Fire Potion"},{"floor":4,"key":"Regen Potion"},{"floor":18,"key":"SpeedPotion"},{"floor":21,"key":"Poison Potion"},{"floor":22,"key":"FocusPotion"},{"floor":27,"key":"Ancient Potion"},{"floor":28,"key":"Weak Potion"}],"is_trial":false,"path_per_floor":["M","M","?","M","M","R","?","R","T","T","M","M","R","M","R","B",null,"M","?","?","M","M","R","$","R","T","M","M","?","M"],"character_chosen":"DEFECT","items_purchased":["Thread and Needle"],"campfire_rested":0,"item_purchase_floors":[24],"current_hp_per_floor":[67,62,78,78,78,78,78,78,78,78,78,78,78,78,78,39,68,53,32,88,58,57,57,57,57,57,55,16,16,0],"gold":102,"neow_bonus":"TEN_PERCENT_HP_BONUS","is_prod":false,"is_daily":false,"chose_seed":false,"campfire_upgraded":6,"win_rate":0,"timestamp":1548791007,"path_taken":["M","M","?","M","M","R","?","R","T","?","M","M","R","M","R","BOSS","M","?","?","?","M","R","?","R","T","M","M","?","M"],"build_version":"2019-01-23","purchased_purges":0,"victory":false,"max_hp_per_floor":[78,78,78,78,78,78,78,78,78,78,78,78,78,78,78,78,78,78,78,88,88,88,88,88,88,88,88,88,88,88],"card_choices":[{"not_picked":["Ball Lightning","Capacitor"],"picked":"Self Repair","floor":1.0},{"not_picked":["Auto Shields","Doom and Gloom"],"picked":"Go for the Eyes","floor":2},{"not_picked":["Go for the Eyes","Streamline"],"picked":"Coolheaded","floor":4},{"not_picked":["Rip and Tear","Hologram"],"picked":"Leap","floor":5},{"not_picked":["Tempest","Hello World"],"picked":"Ball Lightning","floor":11},{"not_picked":["Redo","Reprogram"],"picked":"Sweeping Beam","floor":12},{"not_picked":["Consume","Beam Cell"],"picked":"Reprogram","floor":14},{"not_picked":["Reboot","Rainbow"],"picked":"Electrodynamics","floor":16},{"not_picked":["FTL","Fusion"],"picked":"Glacier+1","floor":18},{"not_picked":["Skim","Coolheaded+1"],"picked":"Defragment","floor":21},{"not_picked":["Streamline","Compile Driver","Sunder"],"picked":"SKIP","floor":22},{"not_picked":["Barrage","Beam Cell"],"picked":"Fusion+1","floor":27},{"not_picked":["Steam","Storm"],"picked":"Static Discharge","floor":28}],"player_experience":903561,"relics_obtained":[{"floor":9,"key":"Gremlin Horn"},{"floor":10,"key":"Letter Opener"},{"floor":26,"key":"Matryoshka"}],"event_choices":[{"damage_healed":19,"gold_gain":0,"player_choice":"Healed","damage_taken":0,"max_hp_gain":0,"max_hp_loss":0,"event_name":"The Cleric","floor":3,"gold_loss":35},{"damage_healed":0,"gold_gain":0,"player_choice":"Ignored","damage_taken":0,"max_hp_gain":0,"max_hp_loss":0,"event_name":"Liars Game","floor":7,"gold_loss":0},{"damage_healed":0,"gold_gain":0,"player_choice":"Fight","damage_taken":0,"max_hp_gain":0,"max_hp_loss":0,"event_name":"Colosseum","floor":19,"gold_loss":0},{"damage_healed":0,"gold_gain":0,"player_choice":"Fled From Nobs","damage_taken":0,"max_hp_gain":0,"max_hp_loss":0,"event_name":"Colosseum","floor":19,"gold_loss":0},{"cards_removed":["Electrodynamics"],"damage_healed":46,"gold_gain":0,"player_choice":"Offered Rare","damage_taken":0,"max_hp_gain":10,"max_hp_loss":0,"event_name":"Bonfire Elementals","floor":20,"gold_loss":0},{"damage_healed":0,"gold_gain":0,"player_choice":"Inject Mutagens","damage_taken":0,"relics_obtained":["MutagenicStrength"],"max_hp_gain":0,"max_hp_loss":0,"event_name":"Drug Dealer","floor":29,"gold_loss":0}],"is_beta":true,"boss_relics":[{"not_picked":["Cursed Key","Black Star"],"picked":"White Beast Statue"}],"items_purged_floors":[],"is_endless":false,"potions_floor_spawned":[2,4,12,18,19,21,22,27,28],"killed_by":"3 Cultists","ascension_level":17}