{"gold_per_floor":[214,214,54,204,101,101,119,137,137,102,152,166,166,178,178,250,250,205,205],"floor_reached":19,"playtime":844,"items_purged":["Doubt"],"score":298,"play_id":"ede6ab18-e9b3-4630-8113-89cfd0fe77a5","local_time":"20190207141805","is_ascension_mode":true,"campfire_choices":[{"data":"Go for the Eyes","floor":6.0,"key":"SMITH"},{"data":"Hologram","floor":13.0,"key":"SMITH"},{"data":"Defend_B","floor":15.0,"key":"SMITH"}],"neow_cost":"NONE","seed_source_timestamp":779309608819531,"circlet_count":0,"master_deck":["AscendersBane","Strike_B","Strike_B","Strike_B","Defend_B","Defend_B","Defend_B","Defend_B+1","Zap","Dualcast","Capacitor","Go for the Eyes+1","Hologram+1","FTL","Melter","Gash","Creative AI","Leap"],"special_seed":0,"relics":["Cracked Core","Art of War","Oddly Smooth Stone","Inserter"],"potions_floor_usage":[18,18],"damage_taken":[{"damage":8.0,"enemies":"2 Louse","floor":1.0,"turns":3.0},{"damage":4.0,"enemies":"Cultist","floor":7.0,"turns":4.0},{"damage":14.0,"enemies":"Jaw Worm","floor":8.0,"turns":4.0},{"damage":9.0,"enemies":"Blue Slaver","floor":12.0,"turns":4.0},{"damage":24.0,"enemies":"Gremlin Gang","floor":14.0,"turns":4.0},{"damage":20,"enemies":"The Guardian","floor":16,"turns":13},{"damage":15,"enemies":"2 Thieves","floor":18,"turns":5},{"damage":40,"enemies":"Chosen","floor":19,"turns":7}],"seed_played":"-5889159401055026966","potions_obtained":[{"floor":1.0,"key":"LiquidBronze"},{"floor":14.0,"key":"Weak Potion"},{"floor":16,"key":"Fire Potion"}],"is_trial":false,"path_per_floor":["M","?","$","?","$","R","M","M","T","?","?","M","R","M","R","B",null,"M","M"],"character_chosen":"DEFECT","items_purchased":["Art of War","Go for the Eyes"],"campfire_rested":0,"item_purchase_floors":[3,5],"current_hp_per_floor":[56,56,56,56,56,56,52,38,38,55,55,46,46,22,22,2,54,39,0],"gold":205,"neow_bonus":"HUNDRED_GOLD","is_prod":false,"is_daily":false,"chose_seed":false,"campfire_upgraded":3,"win_rate":0,"timestamp":1549567085,"path_taken":["M","?","?","?","?","R","?","M","T","?","?","?","R","M","R","BOSS","M","M"],"build_version":"2019-02-06","purchased_purges":1,"victory":false,"max_hp_per_floor":[71,71,71,71,71,71,71,71,71,71,71,71,71,71,71,71,71,71,71],"card_choices":[{"not_picked":["Beam Cell","Sweeping Beam"],"picked":"Capacitor","floor":1.0},{"not_picked":["Rebound","Turbo"],"picked":"Hologram","floor":7.0},{"not_picked":["Steam","Rebound"],"picked":"FTL","floor":8.0},{"not_picked":["Rebound","Ball Lightning"],"picked":"Melter","floor":12.0},{"not_picked":["Skim","Steam Power"],"picked":"Gash","floor":14.0},{"not_picked":["Fission","Buffer"],"picked":"Creative AI","floor":16},{"not_picked":["Redo","Beam Cell"],"picked":"Leap","floor":18}],"player_experience":926919,"relics_obtained":[{"floor":9.0,"key":"Oddly Smooth Stone"}],"event_choices":[{"cards_removed":["Strike_B"],"damage_healed":0.0,"max_hp_gain":0.0,"max_hp_loss":0.0,"gold_gain":0.0,"event_name":"Purifier","player_choice":"Purged","floor":2.0,"gold_loss":0.0,"damage_taken":0.0},{"damage_healed":0.0,"max_hp_gain":0.0,"max_hp_loss":0.0,"gold_gain":150.0,"event_name":"Liars Game","player_choice":"AGREE","floor":4.0,"gold_loss":0.0,"damage_taken":0.0,"cards_obtained":["Doubt"]},{"damage_healed":17.0,"max_hp_gain":0.0,"max_hp_loss":0.0,"gold_gain":0.0,"event_name":"The Cleric","player_choice":"Healed","floor":10.0,"gold_loss":35.0,"damage_taken":0.0},{"damage_healed":0.0,"max_hp_gain":0.0,"max_hp_loss":0.0,"gold_gain":50.0,"event_name":"Golden Shrine","player_choice":"Pray","floor":11.0,"gold_loss":0.0,"damage_taken":0.0}],"is_beta":true,"boss_relics":[{"not_picked":["Runic Dome","Philosopher\u0027s Stone"],"picked":"Inserter"}],"items_purged_floors":[5],"is_endless":false,"potions_floor_spawned":[1,14,16],"killed_by":"Chosen","ascension_level":18}