{"gold_per_floor":[363,375,385,385,385,419,442,465,492,492,492,513,544,13,13,13],"floor_reached":16,"playtime":1004,"items_purged":[],"score":112,"play_id":"da1429ec-e579-4579-98c1-ddba40a71813","local_time":"20190623215720","is_ascension_mode":false,"campfire_choices":[{"data":"Fire Breathing","floor":11,"key":"SMITH"},{"data":"Searing Blow","floor":15,"key":"SMITH"}],"neow_cost":"PERCENT_DAMAGE","seed_source_timestamp":157386425590097,"circlet_count":0,"master_deck":["Strike_R","Strike_R","Strike_R","Strike_R","Strike_R","Defend_R","Defend_R","Defend_R","Defend_R","Bash","Armaments","Fire Breathing+1","Fire Breathing","Injury","Shrug It Off","Fire Breathing","Metallicize","Thunderclap","Searing Blow+1"],"relics":["Burning Blood","Golden Idol","Bag of Marbles","Ancient Tea Set","Potion Belt","Thread and Needle","Red Skull"],"potions_floor_usage":[6,8,13,13],"damage_taken":[{"damage":4,"enemies":"2 Louse","floor":1,"turns":4},{"damage":5,"enemies":"Cultist","floor":2,"turns":4},{"damage":3,"enemies":"Small Slimes","floor":3,"turns":3},{"damage":32,"enemies":"Gremlin Nob","floor":6,"turns":5},{"damage":17,"enemies":"Exordium Thugs","floor":7,"turns":6},{"damage":5,"enemies":"Lots of Slimes","floor":8,"turns":2},{"damage":0,"enemies":"Red Slaver","floor":12,"turns":6},{"damage":22,"enemies":"3 Sentries","floor":13,"turns":6},{"damage":14,"enemies":"Hexaghost","floor":16,"turns":8}],"seed_played":"4368293798837562355","potions_obtained":[{"floor":3,"key":"Weak Potion"},{"floor":6,"key":"Explosive Potion"},{"floor":7,"key":"Fire Potion"},{"floor":8,"key":"Strength Potion"}],"is_trial":false,"path_per_floor":["M","M","M","?","?","E","M","M","T","?","R","M","E","$","R","B"],"character_chosen":"IRONCLAD","items_purchased":["Searing Blow","Thread and Needle","Red Skull"],"campfire_rested":0,"item_purchase_floors":[14,14,14],"current_hp_per_floor":[58,59,62,67,67,41,30,31,31,23,23,29,13,13,13,0],"gold":13,"neow_bonus":"TWO_FIFTY_GOLD","is_prod":false,"is_daily":false,"chose_seed":false,"campfire_upgraded":2,"win_rate":0,"timestamp":1561345040,"path_taken":["M","M","M","?","?","E","M","M","T","?","R","?","E","$","R","BOSS"],"build_version":"2019-01-23","purchased_purges":0,"victory":false,"max_hp_per_floor":[80,80,80,85,85,85,85,85,85,85,85,85,85,85,85,85],"card_choices":[{"not_picked":["Clash","Flex"],"picked":"Armaments","floor":1},{"not_picked":["Power Through","Armaments"],"picked":"Fire Breathing","floor":2},{"not_picked":["Anger","Iron Wave"],"picked":"Fire Breathing","floor":3},{"not_picked":["Havoc","Sword Boomerang"],"picked":"Shrug It Off","floor":6},{"not_picked":["Dark Embrace","Clash"],"picked":"Fire Breathing","floor":7},{"not_picked":["Flex","Thunderclap"],"picked":"Metallicize","floor":8},{"not_picked":["Twin Strike","Flame Barrier"],"picked":"Thunderclap","floor":12},{"not_picked":["Twin Strike","Clothesline","Sever Soul"],"picked":"SKIP","floor":13}],"player_experience":85305,"relics_obtained":[{"floor":6,"key":"Bag of Marbles"},{"floor":9,"key":"Ancient Tea Set"},{"floor":13,"key":"Potion Belt"}],"event_choices":[{"damage_healed":0,"gold_gain":0,"player_choice":"Donut","damage_taken":0,"max_hp_gain":5,"max_hp_loss":0,"event_name":"Big Fish","floor":4,"gold_loss":0},{"damage_healed":0,"gold_gain":0,"player_choice":"Take Wound","damage_taken":0,"relics_obtained":["Golden Idol"],"max_hp_gain":0,"max_hp_loss":0,"event_name":"Golden Idol","floor":5,"gold_loss":0,"cards_obtained":["Injury"]},{"damage_healed":0,"gold_gain":0,"player_choice":"Damaged","damage_taken":8,"max_hp_gain":0,"max_hp_loss":0,"event_name":"Wheel of Change","floor":10,"gold_loss":0}],"is_beta":false,"boss_relics":[],"items_purged_floors":[],"is_endless":false,"potions_floor_spawned":[3,6,7,8],"killed_by":"Hexaghost","ascension_level":0}