{"gold_per_floor":[113,132,92,104,122,122,122,132,208,223,223,241,241,251,251,251],"floor_reached":16,"playtime":725,"items_purged":[],"score":182,"play_id":"692dd394-1768-4459-b268-d6faf5e29d09","local_time":"20190213141902","is_ascension_mode":true,"campfire_choices":[{"data":"Caltrops","floor":6.0,"key":"SMITH"},{"floor":11.0,"key":"REST"},{"floor":13.0,"key":"REST"},{"floor":15.0,"key":"REST"}],"neow_cost":"PERCENT_DAMAGE","seed_source_timestamp":1297729144091191,"circlet_count":0,"master_deck":["AscendersBane","Defend_G","Defend_G","Defend_G","Defend_G","Defend_G","Strike_G","Strike_G","Strike_G","Strike_G","Strike_G","Survivor","Neutralize","Sucker Punch","Terror","Acrobatics","Caltrops+1","Neutralize","Grand Finale","Quick Slash","Backflip","Flechettes","PiercingWail"],"special_seed":0,"relics":["Ring of the Snake","Sundial"],"potions_floor_usage":[16,16],"damage_taken":[{"damage":0.0,"enemies":"2 Louse","floor":1.0,"turns":4.0},{"damage":2.0,"enemies":"Cultist","floor":2.0,"turns":5.0},{"damage":1.0,"enemies":"Small Slimes","floor":4.0,"turns":5.0},{"damage":5.0,"enemies":"Blue Slaver","floor":5.0,"turns":5.0},{"damage":38.0,"enemies":"Gremlin Gang","floor":8.0,"turns":4.0},{"damage":6.0,"enemies":"3 Louse","floor":10.0,"turns":5.0},{"damage":3.0,"enemies":"Looter","floor":12.0,"turns":3.0},{"damage":39.0,"enemies":"Large Slime","floor":14.0,"turns":8.0},{"damage":31,"enemies":"Slime Boss","floor":16,"turns":8}],"seed_played":"516795158230327766","potions_obtained":[{"floor":2.0,"key":"PowerPotion"},{"floor":3.0,"key":"Strength Potion"},{"floor":12.0,"key":"Ancient Potion"},{"floor":14.0,"key":"GhostInAJar"}],"is_trial":false,"path_per_floor":["M","M","?","M","M","R","?","M","T","M","R","M","R","M","R","B"],"character_chosen":"THE_SILENT","items_purchased":[],"campfire_rested":3,"item_purchase_floors":[],"current_hp_per_floor":[56,54,54,53,48,48,48,10,10,4,27,24,47,8,31,0],"gold":251,"neow_bonus":"TWENTY_PERCENT_HP_BONUS","is_prod":false,"is_daily":false,"chose_seed":false,"campfire_upgraded":1,"win_rate":0,"timestamp":1550085542,"path_taken":["M","M","?","?","M","R","?","M","T","M","R","?","R","M","R","BOSS"],"build_version":"2019-02-06","purchased_purges":0,"victory":false,"max_hp_per_floor":[78,78,78,78,78,78,78,78,78,78,78,78,78,78,78,78],"card_choices":[{"not_picked":["Acrobatics","Endless Agony"],"picked":"Sucker Punch","floor":1.0},{"not_picked":["Prepared","Sucker Punch"],"picked":"Terror","floor":2.0},{"not_picked":["Sucker Punch","Blade Dance"],"picked":"Acrobatics","floor":4.0},{"not_picked":["Terror","Cloak And Dagger"],"picked":"Caltrops","floor":5.0},{"not_picked":["Poisoned Stab","Endless Agony","Finisher"],"picked":"SKIP","floor":8.0},{"not_picked":["Accuracy","PiercingWail"],"picked":"Backflip","floor":10.0},{"not_picked":["Terror","Storm of Steel"],"picked":"Flechettes","floor":12.0},{"not_picked":["Underhanded Strike","Dagger Spray"],"picked":"PiercingWail","floor":14.0}],"player_experience":948556,"relics_obtained":[{"floor":9.0,"key":"Sundial"}],"event_choices":[{"damage_healed":0.0,"max_hp_gain":0.0,"max_hp_loss":0.0,"gold_gain":0.0,"event_name":"The Woman in Blue","player_choice":"Bought 3 Potions","floor":3.0,"gold_loss":0.0,"damage_taken":0.0},{"damage_healed":0.0,"max_hp_gain":0.0,"max_hp_loss":0.0,"gold_gain":0.0,"event_name":"Match and Keep!","player_choice":"3 cards matched","floor":7.0,"gold_loss":0.0,"damage_taken":0.0,"cards_obtained":["Neutralize","Grand Finale","Quick Slash"]}],"is_beta":true,"boss_relics":[],"items_purged_floors":[],"is_endless":false,"potions_floor_spawned":[2,12,14],"killed_by":"Slime Boss","ascension_level":18}