{"gold_per_floor":[111,186,336,355,355,368,391,452,477,489,17,17],"floor_reached":12,"playtime":574,"items_purged":[],"score":129,"play_id":"20724503-ced9-40d9-8825-6a6dea303bf4","local_time":"20190207152416","is_ascension_mode":true,"campfire_choices":[{"data":"Defragment","floor":10,"key":"SMITH"}],"neow_cost":"NONE","seed_source_timestamp":783552216230551,"circlet_count":0,"master_deck":["AscendersBane","Strike_B","Strike_B","Strike_B","Strike_B","Defend_B","Defend_B","Defend_B","Defend_B","Zap","Dualcast","White Noise","Doubt","Chaos","Injury","FTL","Coolheaded","Defragment+1"],"special_seed":0,"relics":["Cracked Core","Blood Vial","Golden Idol","Bronze Scales","MawBank","Matryoshka","Strange Spoon"],"potions_floor_usage":[8,8],"damage_taken":[{"damage":8,"enemies":"Small Slimes","floor":1,"turns":4},{"damage":1,"enemies":"2 Louse","floor":4,"turns":3},{"damage":9,"enemies":"Jaw Worm","floor":6,"turns":4},{"damage":11,"enemies":"Blue Slaver","floor":7,"turns":6},{"damage":16,"enemies":"3 Sentries","floor":8,"turns":6},{"damage":31,"enemies":"Exordium Wildlife","floor":12,"turns":3}],"seed_played":"8330181939238404916","potions_obtained":[{"floor":1,"key":"Explosive Potion"},{"floor":6,"key":"Fire Potion"}],"is_trial":false,"path_per_floor":["M","?","?","M","?","M","M","?","T","R","$","M"],"character_chosen":"DEFECT","items_purchased":["Matryoshka","Strange Spoon"],"campfire_rested":0,"item_purchase_floors":[11,11],"current_hp_per_floor":[58,47,47,48,48,41,32,18,18,18,18,0],"gold":17,"neow_bonus":"RANDOM_COMMON_RELIC","is_prod":false,"is_daily":false,"chose_seed":false,"campfire_upgraded":1,"win_rate":0,"timestamp":1549571056,"path_taken":["M","?","?","M","?","M","M","?","T","R","$","M"],"build_version":"2019-02-06","purchased_purges":0,"victory":false,"max_hp_per_floor":[71,71,71,71,71,71,71,71,71,71,71,71],"card_choices":[{"not_picked":["Scrape","Tempest"],"picked":"White Noise","floor":1},{"not_picked":["Ball Lightning","Leap"],"picked":"Chaos","floor":4},{"not_picked":["Ball Lightning","Undo"],"picked":"FTL","floor":6},{"not_picked":["Rebound","Turbo"],"picked":"Coolheaded","floor":7},{"not_picked":["Beam Cell","Hologram"],"picked":"Defragment","floor":8}],"player_experience":930252,"relics_obtained":[{"floor":8,"key":"Bronze Scales"},{"floor":9,"key":"MawBank"}],"event_choices":[{"damage_healed":0,"gold_gain":75,"player_choice":"Gather Gold","damage_taken":11,"max_hp_gain":0,"max_hp_loss":0,"event_name":"World of Goop","floor":2,"gold_loss":0},{"damage_healed":0,"gold_gain":150,"player_choice":"AGREE","damage_taken":0,"max_hp_gain":0,"max_hp_loss":0,"event_name":"Liars Game","floor":3,"gold_loss":0,"cards_obtained":["Doubt"]},{"damage_healed":0,"gold_gain":0,"player_choice":"Take Wound","damage_taken":0,"relics_obtained":["Golden Idol"],"max_hp_gain":0,"max_hp_loss":0,"event_name":"Golden Idol","floor":5,"gold_loss":0,"cards_obtained":["Injury"]},{"damage_healed":0,"gold_gain":30,"player_choice":"Searched \u00273\u0027 times","damage_taken":0,"max_hp_gain":0,"max_hp_loss":0,"event_name":"Dead Adventurer","floor":8,"gold_loss":0}],"is_beta":true,"boss_relics":[],"items_purged_floors":[],"is_endless":false,"potions_floor_spawned":[1,6],"killed_by":"Exordium Wildlife","ascension_level":18}