{"gold_per_floor":[112,112,112,122,133,133,152,152,152,170,170,195,195,210,210,210],"floor_reached":16,"playtime":996,"items_purged":[],"score":163,"play_id":"0e836fb8-9c41-4cb3-a9a4-6d36dbf8d713","local_time":"20190111013027","is_ascension_mode":true,"campfire_choices":[{"data":"Reflex","floor":6.0,"key":"SMITH"},{"data":"Dash","floor":8.0,"key":"SMITH"},{"data":"Malaise","floor":11.0,"key":"SMITH"},{"data":"Neutralize","floor":13.0,"key":"SMITH"},{"data":"Dodge and Roll","floor":15.0,"key":"SMITH"}],"neow_cost":"NONE","seed_source_timestamp":21544034693140,"circlet_count":0,"master_deck":["AscendersBane","Defend_G","Defend_G","Defend_G","Defend_G","Defend_G","Strike_G","Strike_G","Strike_G","Strike_G","Survivor","Neutralize+1","Tools of the Trade","Reflex+1","Malaise+1","Cloak And Dagger","Cloak And Dagger","Dash+1","Dodge and Roll+1","Blur","Backflip"],"special_seed":0,"relics":["Ring of the Snake","Torii","The Courier","Bottled Flame"],"potions_floor_usage":[16],"damage_taken":[{"damage":0.0,"enemies":"2 Louse","floor":1.0,"turns":4.0},{"damage":6.0,"enemies":"Jaw Worm","floor":4.0,"turns":9.0},{"damage":0.0,"enemies":"Cultist","floor":5.0,"turns":7.0},{"damage":2.0,"enemies":"Gremlin Gang","floor":7.0,"turns":8.0},{"damage":0.0,"enemies":"2 Fungi Beasts","floor":10.0,"turns":4.0},{"damage":11.0,"enemies":"Gremlin Nob","floor":12.0,"turns":6.0},{"damage":7.0,"enemies":"Exordium Wildlife","floor":14.0,"turns":8.0},{"damage":34,"enemies":"Hexaghost","floor":16,"turns":23}],"seed_played":"-8215614366838929674","potions_obtained":[{"floor":1.0,"key":"Fire Potion"},{"floor":7.0,"key":"Block Potion"}],"is_trial":false,"path_per_floor":["M","?","?","M","M","R","M","R","T","M","R","E","R","M","R","B"],"character_chosen":"THE_SILENT","items_purchased":[],"campfire_rested":0,"item_purchase_floors":[],"current_hp_per_floor":[63,60,60,54,54,54,52,52,52,52,52,41,41,34,34,0],"gold":210,"neow_bonus":"ONE_RANDOM_RARE_CARD","is_prod":false,"is_daily":false,"chose_seed":false,"campfire_upgraded":5,"win_rate":0,"timestamp":1547188227,"path_taken":["M","?","?","?","M","R","M","R","T","M","R","E","R","?","R","BOSS"],"build_version":"2019-01-10","purchased_purges":0,"victory":false,"max_hp_per_floor":[70,70,70,70,70,70,70,70,70,70,70,70,70,70,70,70],"card_choices":[{"not_picked":["Skewer","Poisoned Stab"],"picked":"Reflex","floor":1.0},{"not_picked":["Sucker Punch","Prepared"],"picked":"Cloak And Dagger","floor":4.0},{"not_picked":["Slice","Blade Dance"],"picked":"Cloak And Dagger","floor":5.0},{"not_picked":["Bane","Deflect"],"picked":"Dash","floor":7.0},{"not_picked":["Masterful Stab","Choke"],"picked":"Dodge and Roll","floor":10.0},{"not_picked":["Choke","Slice"],"picked":"Blur","floor":12.0},{"not_picked":["Flying Knee","Envenom"],"picked":"Backflip","floor":14.0}],"player_experience":781030,"relics_obtained":[{"floor":9.0,"key":"The Courier"},{"floor":12.0,"key":"Bottled Flame"}],"event_choices":[{"damage_healed":0.0,"max_hp_gain":0.0,"max_hp_loss":0.0,"gold_gain":0.0,"event_name":"Scrap Ooze","player_choice":"Success","floor":2.0,"gold_loss":0.0,"damage_taken":3.0,"relics_obtained":["Torii"]},{"damage_healed":0.0,"max_hp_gain":0.0,"max_hp_loss":0.0,"gold_gain":0.0,"cards_transformed":["Strike_G"],"event_name":"Transmorgrifier","player_choice":"Transformed","floor":3.0,"gold_loss":0.0,"damage_taken":0.0,"cards_obtained":["Malaise"]}],"is_beta":true,"boss_relics":[],"items_purged_floors":[],"is_endless":false,"potions_floor_spawned":[1,7],"killed_by":"Hexaghost","ascension_level":12}