{"gold_per_floor":[111,130,130,148,159,159,159,178,178,192,212,212,226,226,226,330,380,398,497,497,497,497,497,480,480,552,42,42,42,42,42,42,146,146,165,165,175,175,9,9],"floor_reached":40,"playtime":2003,"items_purged":[],"score":779,"play_id":"5c3c5420-67b9-4f3f-8cc1-6170680a632e","local_time":"20181130134233","is_ascension_mode":true,"campfire_choices":[{"data":"Armaments","floor":6,"key":"SMITH"},{"data":"Spot Weakness","floor":12,"key":"SMITH"},{"floor":15,"key":"REST"},{"floor":23,"key":"REST"},{"floor":25,"key":"REST"},{"data":"Demon Form","floor":28,"key":"SMITH"},{"data":"Disarm","floor":32,"key":"SMITH"}],"neow_cost":"TEN_PERCENT_HP_LOSS","seed_source_timestamp":0,"circlet_count":0,"master_deck":["Strike_R","Strike_R","Strike_R","Strike_R","Defend_R","Defend_R","Defend_R","Defend_R","Bash","Violence","Finesse","Armaments+1","Whirlwind","True Grit","Spot Weakness+1","Dark Embrace","Clothesline","Evolve+1","Impervious","Demon Form+1","Disarm+1","Power Through","Writhe","Exhume","Pain","Doubt","Parasite","True Grit+1","Armaments+1"],"special_seed":0,"relics":["Burning Blood","Blue Candle","Dodecahedron","Tiny House","MutagenicStrength","Nilry\u0027s Codex","Self Forming Clay","Incense Burner","Toolbox","Question Card","Calling Bell","Juzu Bracelet","The Courier","Ginger","Medical Kit"],"potions_floor_usage":[16,18,18,20,35],"damage_taken":[{"damage":4,"enemies":"Cultist","floor":1,"turns":4},{"damage":1,"enemies":"2 Louse","floor":2,"turns":3},{"damage":7,"enemies":"Jaw Worm","floor":4,"turns":3},{"damage":15,"enemies":"2 Fungi Beasts","floor":5,"turns":3},{"damage":23,"enemies":"3 Louse","floor":8,"turns":3},{"damage":15,"enemies":"Looter","floor":10,"turns":4},{"damage":0,"enemies":"Gremlin Gang","floor":11,"turns":1},{"damage":1,"enemies":"2 Fungi Beasts","floor":13,"turns":3},{"damage":0,"enemies":"Slime Boss","floor":16,"turns":11},{"damage":9,"enemies":"Chosen","floor":18,"turns":7},{"damage":34,"enemies":"Colosseum Slavers","floor":20,"turns":7},{"damage":35,"enemies":"2 Thieves","floor":24,"turns":4},{"damage":26,"enemies":"Champ","floor":33,"turns":19},{"damage":15,"enemies":"Orb Walker","floor":35,"turns":6},{"damage":42,"enemies":"3 Darklings","floor":37,"turns":13},{"damage":28,"enemies":"Nemesis","floor":40,"turns":2}],"seed_played":"-2655809455764816494","potions_obtained":[{"floor":2,"key":"Weak Potion"},{"floor":4,"key":"GamblersBrew"},{"floor":13,"key":"FearPotion"},{"floor":16,"key":"BloodPotion"},{"floor":17,"key":"SkillPotion"},{"floor":18,"key":"Ancient Potion"},{"floor":24,"key":"Fire Potion"},{"floor":33,"key":"FearPotion"}],"is_trial":false,"path_per_floor":["M","M","$","M","M","R","?","M","T","M","M","R","M","?","R","B",null,"M","?","?","?","?","R","M","R","T","$","R","$","?","$","R","B",null,"M","?","M","?","$","E"],"character_chosen":"IRONCLAD","items_purchased":["Incense Burner","Toolbox","Medical Kit"],"campfire_rested":3,"item_purchase_floors":[27,27,39],"current_hp_per_floor":[72,72,72,71,62,62,62,45,45,36,42,42,47,40,61,67,76,73,73,45,45,29,52,23,46,46,46,46,46,46,46,46,26,64,55,55,19,19,19,0],"gold":9,"neow_bonus":"RANDOM_COLORLESS_2","is_prod":false,"is_daily":false,"chose_seed":false,"campfire_upgraded":4,"win_rate":0,"timestamp":1543603353,"path_taken":["M","M","$","M","M","R","?","M","T","M","?","R","M","?","R","BOSS","M","?","?","?","?","R","M","R","T","$","R","$","?","?","R","BOSS","M","?","M","?","$","E"],"build_version":"2018-11-15","purchased_purges":0,"victory":false,"max_hp_per_floor":[72,72,72,72,72,72,72,72,72,72,72,72,72,72,72,72,77,77,77,77,77,77,77,77,77,77,77,77,77,77,77,77,77,77,77,77,77,77,77,77],"card_choices":[{"not_picked":["Twin Strike","Havoc"],"picked":"Armaments","floor":1},{"not_picked":["Havoc","Armaments"],"picked":"Whirlwind","floor":2},{"not_picked":["Pommel Strike","Twin Strike"],"picked":"True Grit","floor":4},{"not_picked":["Ghostly Armor","Rampage"],"picked":"Spot Weakness","floor":5},{"not_picked":["Twin Strike","Headbutt","Iron Wave"],"picked":"SKIP","floor":8},{"not_picked":["Havoc","Twin Strike"],"picked":"Clothesline","floor":10},{"not_picked":["Iron Wave","Corruption"],"picked":"Evolve","floor":11},{"not_picked":["Armaments","Heavy Blade"],"picked":"Impervious","floor":13},{"not_picked":["Exhume","Brutality"],"picked":"Demon Form","floor":16},{"not_picked":["Sword Boomerang","Heavy Blade"],"picked":"Disarm","floor":17},{"not_picked":["Cleave","Iron Wave"],"picked":"Power Through","floor":18},{"not_picked":["Cleave","Clothesline","Anger"],"picked":"SKIP","floor":24},{"not_picked":["Juggernaut","Berserk","Double Tap"],"picked":"Exhume","floor":33},{"not_picked":["Heavy Blade+1","Flex+1","Body Slam+1"],"picked":"True Grit+1","floor":35},{"not_picked":["Twin Strike+1","Sever Soul+1","Anger+1","Cleave"],"picked":"SKIP","floor":37}],"player_experience":550356,"relics_obtained":[{"floor":9,"key":"Blue Candle"},{"floor":22,"key":"Nilry\u0027s Codex"},{"floor":26,"key":"Self Forming Clay"},{"floor":34,"key":"Juzu Bracelet"},{"floor":34,"key":"The Courier"},{"floor":34,"key":"Ginger"}],"event_choices":[{"damage_healed":0,"gold_gain":0,"player_choice":"1 cards matched","damage_taken":0,"max_hp_gain":0,"max_hp_loss":0,"event_name":"Match and Keep!","floor":7,"gold_loss":0,"cards_obtained":["Dark Embrace"]},{"damage_healed":0,"gold_gain":0,"player_choice":"Success","damage_taken":7,"relics_obtained":["Dodecahedron"],"max_hp_gain":0,"max_hp_loss":0,"event_name":"Scrap Ooze","floor":14,"gold_loss":0},{"damage_healed":0,"gold_gain":99,"player_choice":"Stole From Cult","damage_taken":0,"max_hp_gain":0,"max_hp_loss":0,"event_name":"Nest","floor":19,"gold_loss":0},{"damage_healed":0,"gold_gain":0,"player_choice":"Fight","damage_taken":0,"max_hp_gain":0,"max_hp_loss":0,"event_name":"Colosseum","floor":20,"gold_loss":0},{"damage_healed":0,"gold_gain":0,"player_choice":"Fled From Nobs","damage_taken":0,"max_hp_gain":0,"max_hp_loss":0,"event_name":"Colosseum","floor":20,"gold_loss":0},{"damage_healed":0,"gold_gain":0,"player_choice":"Inject Mutagens","damage_taken":0,"relics_obtained":["MutagenicStrength"],"max_hp_gain":0,"max_hp_loss":0,"event_name":"Drug Dealer","floor":21,"gold_loss":0},{"damage_healed":0,"gold_gain":0,"player_choice":"Obtained Book","damage_taken":16,"max_hp_gain":0,"max_hp_loss":0,"event_name":"Cursed Tome","floor":22,"gold_loss":0},{"damage_healed":0,"gold_gain":0,"player_choice":"Opened","damage_taken":0,"relics_obtained":["Question Card"],"max_hp_gain":0,"max_hp_loss":0,"event_name":"The Mausoleum","floor":30,"gold_loss":0,"cards_obtained":["Writhe"]},{"damage_healed":0,"gold_gain":0,"player_choice":"Copied","damage_taken":0,"max_hp_gain":0,"max_hp_loss":0,"event_name":"Duplicator","floor":36,"gold_loss":0,"cards_obtained":["Armaments"]},{"cards_removed":["Strike_R"],"damage_healed":0,"gold_gain":0,"player_choice":"Removed Attack","damage_taken":0,"max_hp_gain":0,"max_hp_loss":0,"event_name":"Falling","floor":38,"gold_loss":0}],"is_beta":true,"boss_relics":[{"not_picked":["Lizard Tail","Mark of Pain"],"picked":"Tiny House"},{"not_picked":["Coffee Dripper","Empty Cage"],"picked":"Calling Bell"}],"items_purged_floors":[],"is_endless":false,"potions_floor_spawned":[2,4,13,16,18,24,33],"killed_by":"Nemesis","ascension_level":6}