{"gold_per_floor":[113,113,126,138,148,148,168,168,168,198,198,213,53,53,53,151,151,169,169,169,187,187],"floor_reached":22,"playtime":836,"items_purged":[],"score":372,"play_id":"92738212-1770-4b75-af9b-74b145254ab8","local_time":"20190403194806","is_ascension_mode":true,"campfire_choices":[{"data":"Cold Snap","floor":6.0,"key":"SMITH"},{"floor":8.0,"key":"REST"},{"data":"Go for the Eyes","floor":11.0,"key":"SMITH"},{"floor":15.0,"key":"REST"}],"neow_cost":"NONE","seed_source_timestamp":981284621460518,"circlet_count":0,"master_deck":["AscendersBane","Strike_B+1","Strike_B","Strike_B","Defend_B","Defend_B","Defend_B+1","Defend_B","Zap","Dualcast","Cold Snap+1","Cold Snap","Skim","Chill","Go for the Eyes+1","White Noise","Chill","Seek","Aggregate+1","Steam+1"],"special_seed":0,"relics":["Cracked Core","Strawberry","Blood Vial","Bronze Scales","Oddly Smooth Stone","Golden Idol","Empty Cage"],"potions_floor_usage":[19],"damage_taken":[{"damage":9.0,"enemies":"2 Louse","floor":1.0,"turns":3.0},{"damage":0.0,"enemies":"Jaw Worm","floor":3.0,"turns":4.0},{"damage":3.0,"enemies":"Small Slimes","floor":4.0,"turns":3.0},{"damage":15.0,"enemies":"2 Fungi Beasts","floor":5.0,"turns":4.0},{"damage":6.0,"enemies":"3 Louse","floor":7.0,"turns":4.0},{"damage":23.0,"enemies":"Lagavulin","floor":10.0,"turns":6.0},{"damage":10.0,"enemies":"Exordium Wildlife","floor":12.0,"turns":2.0},{"damage":14.0,"enemies":"The Guardian","floor":16.0,"turns":12.0},{"damage":12.0,"enemies":"3 Byrds","floor":18.0,"turns":3.0},{"damage":42,"enemies":"Colosseum Slavers","floor":19,"turns":4},{"damage":13,"enemies":"Chosen","floor":21,"turns":6},{"damage":15,"enemies":"3 Cultists","floor":22,"turns":5}],"seed_played":"-8352672864581707563","potions_obtained":[{"floor":3.0,"key":"FairyPotion"},{"floor":4.0,"key":"FearPotion"},{"floor":10.0,"key":"LiquidBronze"},{"floor":18.0,"key":"LiquidBronze"}],"is_trial":false,"path_per_floor":["M","?","M","M","M","R","M","R","T","E","R","M","$","?","R","B",null,"M","?","?","M","M"],"character_chosen":"DEFECT","items_purchased":["Oddly Smooth Stone"],"campfire_rested":2,"item_purchase_floors":[13],"current_hp_per_floor":[62,39,39,36,21,21,15,38,38,17,17,9,9,9,32,20,64,54,14,14,3,0],"gold":187,"neow_bonus":"RANDOM_COMMON_RELIC","is_prod":false,"is_daily":false,"chose_seed":false,"campfire_upgraded":2,"win_rate":0,"timestamp":1554335286,"path_taken":["M","?","M","M","M","R","M","R","T","E","R","M","?","?","R","BOSS","M","?","?","M","M"],"build_version":"2019-03-15","purchased_purges":0,"victory":false,"max_hp_per_floor":[78,78,78,78,78,78,78,78,78,78,78,78,78,78,78,78,78,78,78,78,78,78],"card_choices":[{"not_picked":["Sweeping Beam","Melter"],"picked":"Cold Snap","floor":1.0},{"not_picked":["Barrage","Compile Driver"],"picked":"Cold Snap","floor":3.0},{"not_picked":["Gash","Streamline"],"picked":"Skim","floor":4.0},{"not_picked":["Go for the Eyes","Rebound"],"picked":"Chill","floor":5.0},{"not_picked":["Rebound","Ball Lightning"],"picked":"Go for the Eyes","floor":7.0},{"not_picked":["Amplify","Conserve Battery"],"picked":"White Noise","floor":10.0},{"not_picked":["Cold Snap","Melter"],"picked":"Chill","floor":12.0},{"not_picked":["Meteor Strike","Reboot"],"picked":"Seek","floor":16.0},{"not_picked":["Rebound","Coolheaded"],"picked":"Aggregate+1","floor":18.0},{"not_picked":["Ball Lightning","Hologram"],"picked":"Steam+1","floor":21}],"player_experience":1055877,"relics_obtained":[{"floor":9.0,"key":"Blood Vial"},{"floor":10.0,"key":"Bronze Scales"}],"event_choices":[{"damage_healed":0.0,"max_hp_gain":0.0,"max_hp_loss":0.0,"gold_gain":0.0,"event_name":"Shining Light","player_choice":"Entered Light","floor":2.0,"gold_loss":0.0,"damage_taken":23.0,"cards_upgraded":["Defend_B","Strike_B"]},{"damage_healed":0.0,"max_hp_gain":0.0,"max_hp_loss":0.0,"gold_gain":0.0,"event_name":"Golden Idol","player_choice":"Take Wound","floor":14.0,"gold_loss":0.0,"damage_taken":0.0,"relics_obtained":["Golden Idol"],"cards_obtained":["Injury"]},{"damage_healed":0,"gold_gain":0,"player_choice":"Fight","damage_taken":0,"max_hp_gain":0,"max_hp_loss":0,"event_name":"Colosseum","floor":19,"gold_loss":0},{"damage_healed":0,"gold_gain":0,"player_choice":"Fled From Nobs","damage_taken":0,"max_hp_gain":0,"max_hp_loss":0,"event_name":"Colosseum","floor":19,"gold_loss":0},{"damage_healed":0,"gold_gain":0,"player_choice":"Ignored","damage_taken":0,"max_hp_gain":0,"max_hp_loss":0,"event_name":"Vampires","floor":20,"gold_loss":0}],"is_beta":true,"boss_relics":[{"not_picked":["Fusion Hammer","Philosopher\u0027s Stone"],"picked":"Empty Cage"}],"items_purged_floors":[],"is_endless":false,"potions_floor_spawned":[3,4,10,18],"killed_by":"3 Cultists","ascension_level":20}