{"gold_per_floor":[115,115,6,26,40,40,52,52,52,66,83,101,101,112,112,213,213,233,233,332,361,361,361,361,361,361,387,399,423,435,175,175,175],"floor_reached":33,"playtime":1243,"items_purged":["Pain"],"score":237,"play_id":"ad6b9cb4-d249-4cc0-bf7b-bd43994e30ff","local_time":"20190716131801","is_ascension_mode":false,"campfire_choices":[{"data":"Infernal Blade","floor":6,"key":"SMITH"},{"data":"Disarm","floor":8,"key":"SMITH"},{"data":"Thunderclap","floor":15,"key":"SMITH"},{"data":"Limit Break","floor":23,"key":"SMITH"},{"data":"Spot Weakness","floor":25,"key":"SMITH"},{"data":"Carnage","floor":28,"key":"SMITH"},{"data":"Demon Form","floor":32,"key":"SMITH"}],"neow_cost":"NONE","seed_source_timestamp":421878925228210,"circlet_count":0,"master_deck":["Strike_R+1","Strike_R+1","Strike_R+1","Strike_R+1","Strike_R+1","Defend_R+1","Defend_R+1","Defend_R+1","Defend_R+1","Bash+1","Iron Wave","Infernal Blade+1","Thunderclap+1","Pommel Strike","Disarm+1","Shrug It Off+1","Shrug It Off","Limit Break+1","Spot Weakness+1","Double Tap","Carnage+1","Bloodletting","Demon Form+1","Flex","Dropkick"],"relics":["Burning Blood","Dream Catcher","WarpedTongs","Meat on the Bone","Eternal Feather","Red Mask","MawBank"],"potions_floor_usage":[14,16,33],"damage_taken":[{"damage":10,"enemies":"Small Slimes","floor":1,"turns":3},{"damage":0,"enemies":"Cultist","floor":4,"turns":3},{"damage":3,"enemies":"2 Louse","floor":5,"turns":2},{"damage":14,"enemies":"Blue Slaver","floor":7,"turns":3},{"damage":0,"enemies":"Large Slime","floor":10,"turns":4},{"damage":18,"enemies":"3 Louse","floor":11,"turns":3},{"damage":7,"enemies":"Looter","floor":12,"turns":3},{"damage":1,"enemies":"Red Slaver","floor":14,"turns":3},{"damage":67,"enemies":"Slime Boss","floor":16,"turns":12},{"damage":1,"enemies":"Chosen","floor":18,"turns":5},{"damage":39,"enemies":"Masked Bandits","floor":21,"turns":5},{"damage":11,"enemies":"Spheric Guardian","floor":27,"turns":4},{"damage":28,"enemies":"Chosen and Byrds","floor":29,"turns":5},{"damage":71,"enemies":"Automaton","floor":33,"turns":6}],"seed_played":"6608078995800434046","potions_obtained":[{"floor":5,"key":"Poison Potion"},{"floor":11,"key":"BloodPotion"},{"floor":12,"key":"Fire Potion"},{"floor":27,"key":"Dexterity Potion"}],"is_trial":false,"path_per_floor":["M","?","$","M","M","R","M","R","T","M","M","M","?","M","R","B",null,"M","$","?","?","?","R","T","R","T","M","R","M","?","$","R","B"],"character_chosen":"IRONCLAD","items_purchased":["Infernal Blade","Demon Form","Flex","Dropkick"],"campfire_rested":0,"item_purchase_floors":[3,31,31,31],"current_hp_per_floor":[76,76,76,80,80,80,72,72,72,78,66,65,49,74,74,25,80,80,80,80,47,47,59,59,71,71,66,78,56,56,56,71,0],"gold":175,"neow_bonus":"RANDOM_COMMON_RELIC","is_prod":false,"is_daily":false,"chose_seed":false,"campfire_upgraded":7,"win_rate":0,"timestamp":1563301081,"path_taken":["M","?","$","M","M","R","M","R","T","?","M","?","?","M","R","BOSS","M","$","?","?","?","R","?","R","T","M","R","?","?","$","R","BOSS"],"build_version":"2019-07-05","purchased_purges":1,"victory":false,"max_hp_per_floor":[80,80,80,80,80,80,80,80,80,80,80,80,80,80,80,80,80,80,80,80,80,80,80,80,80,80,80,80,80,80,80,80,80],"card_choices":[{"not_picked":["True Grit","Blood for Blood"],"picked":"Iron Wave","floor":1},{"not_picked":["Body Slam","Anger"],"picked":"Thunderclap","floor":4},{"not_picked":["Headbutt","Clothesline"],"picked":"Pommel Strike","floor":5},{"not_picked":["Evolve","Warcry"],"picked":"Disarm","floor":7},{"not_picked":["Pommel Strike","Anger"],"picked":"Shrug It Off","floor":10},{"not_picked":["Armaments","Headbutt"],"picked":"Shrug It Off","floor":11},{"not_picked":["Body Slam","True Grit"],"picked":"Limit Break","floor":12},{"not_picked":["Metallicize","Rage"],"picked":"Spot Weakness","floor":14},{"not_picked":["Juggernaut","Berserk"],"picked":"Double Tap","floor":16},{"not_picked":["Warcry","Havoc+1","Twin Strike"],"picked":"SKIP","floor":18},{"not_picked":["Sentinel+1","Battle Trance+1"],"picked":"Carnage","floor":27},{"not_picked":["Warcry+1","Armaments"],"picked":"Bloodletting","floor":29}],"player_experience":135800,"relics_obtained":[{"floor":9,"key":"Meat on the Bone"},{"floor":21,"key":"Red Mask"},{"floor":26,"key":"MawBank"}],"event_choices":[{"damage_healed":0,"gold_gain":0,"player_choice":"Rummage","damage_taken":0,"relics_obtained":["WarpedTongs"],"max_hp_gain":0,"max_hp_loss":0,"event_name":"Accursed Blacksmith","floor":2,"gold_loss":0,"cards_obtained":["Pain"]},{"damage_healed":0,"gold_gain":0,"player_choice":"Entered Light","damage_taken":16,"max_hp_gain":0,"max_hp_loss":0,"event_name":"Shining Light","floor":13,"gold_loss":0,"cards_upgraded":["Shrug It Off","Bash"]},{"damage_healed":0,"gold_gain":99,"player_choice":"Stole From Cult","damage_taken":0,"max_hp_gain":0,"max_hp_loss":0,"event_name":"Nest","floor":20,"gold_loss":0},{"damage_healed":0,"gold_gain":0,"player_choice":"Fought Bandits","damage_taken":0,"max_hp_gain":0,"max_hp_loss":0,"event_name":"Masked Bandits","floor":21,"gold_loss":0},{"damage_healed":0,"gold_gain":0,"player_choice":"Simplicity","damage_taken":0,"max_hp_gain":0,"max_hp_loss":0,"event_name":"Back to Basics","floor":22,"gold_loss":0,"cards_upgraded":["Strike_R","Strike_R","Strike_R","Strike_R","Strike_R","Defend_R","Defend_R","Defend_R","Defend_R"]},{"damage_healed":0,"gold_gain":0,"player_choice":"Ignored","damage_taken":0,"max_hp_gain":0,"max_hp_loss":0,"event_name":"Vampires","floor":30,"gold_loss":0}],"is_beta":false,"boss_relics":[{"not_picked":["Snecko Eye","Astrolabe"],"picked":"Eternal Feather"}],"items_purged_floors":[3],"is_endless":false,"potions_floor_spawned":[5,11,12,27],"killed_by":"Automaton","ascension_level":0}