{"gold_per_floor":[111,111,36,47,58,88,100,112,169,206,231,243],"floor_reached":12,"playtime":407,"items_purged":["Pain"],"score":97,"play_id":"5b1115f3-e3b9-4b61-b4c9-fb30a1e1b656","local_time":"20190621223040","is_ascension_mode":true,"campfire_choices":[{"floor":8.0,"key":"RECALL"}],"neow_cost":"NONE","seed_source_timestamp":0,"circlet_count":0,"master_deck":["Strike_B","Strike_B","Strike_B","Strike_B","Defend_B","Defend_B","Defend_B","Defend_B","Zap","Dualcast","Auto Shields","Zap","Echo Form","Self Repair","Redo","Defragment","Ball Lightning+1","Loop"],"special_seed":0,"relics":["Cracked Core","NeowsBlessing","MawBank","Molten Egg 2"],"potions_floor_usage":[],"damage_taken":[{"damage":0.0,"enemies":"2 Louse","floor":1.0,"turns":1.0},{"damage":0.0,"enemies":"Cultist","floor":4.0,"turns":1.0},{"damage":0.0,"enemies":"Small Slimes","floor":5.0,"turns":1.0},{"damage":33.0,"enemies":"Lagavulin","floor":6.0,"turns":7.0},{"damage":44.0,"enemies":"3 Sentries","floor":10.0,"turns":9.0},{"damage":16,"enemies":"Exordium Thugs","floor":11,"turns":5},{"damage":10,"enemies":"Gremlin Gang","floor":12,"turns":1}],"seed_played":"-1082569298021248564","potions_obtained":[{"floor":4.0,"key":"Weak Potion"},{"floor":6.0,"key":"Block Potion"}],"is_trial":false,"path_per_floor":["M","?","$","M","M","E","$","R","T","E","M","M"],"character_chosen":"DEFECT","items_purchased":[],"campfire_rested":0,"item_purchase_floors":[],"current_hp_per_floor":[75,75,75,75,75,49,49,49,49,19,10,0],"gold":243,"neow_bonus":"THREE_ENEMY_KILL","is_prod":false,"is_daily":false,"chose_seed":false,"campfire_upgraded":0,"win_rate":0,"timestamp":1561170640,"path_taken":["M","?","$","?","M","E","$","R","T","E","M","M"],"build_version":"2019-01-23","purchased_purges":1,"victory":false,"max_hp_per_floor":[75,75,75,75,75,75,75,75,75,75,75,75],"card_choices":[{"not_picked":["Redo","Sweeping Beam"],"picked":"Auto Shields","floor":1.0},{"not_picked":["Stack","Sweeping Beam"],"picked":"Self Repair","floor":4.0},{"not_picked":["Steam Power","Hologram"],"picked":"Redo","floor":5.0},{"not_picked":["Fusion","Stack"],"picked":"Defragment","floor":6.0},{"not_picked":["Reinforced Body","Barrage"],"picked":"Ball Lightning","floor":10.0},{"not_picked":["Ball Lightning+1","Sweeping Beam+1"],"picked":"Loop","floor":11}],"player_experience":488159,"relics_obtained":[{"floor":6.0,"key":"MawBank"},{"floor":10.0,"key":"Molten Egg 2"}],"event_choices":[{"damage_healed":0.0,"max_hp_gain":0.0,"max_hp_loss":0.0,"gold_gain":0.0,"event_name":"Match and Keep!","player_choice":"3 cards matched","floor":2.0,"gold_loss":0.0,"damage_taken":0.0,"cards_obtained":["Zap","Echo Form","Pain"]}],"is_beta":false,"boss_relics":[],"items_purged_floors":[3],"is_endless":false,"potions_floor_spawned":[4,6],"killed_by":"Gremlin Gang","ascension_level":2}