{"gold_per_floor":[117,130,140,87,103,103,115,142,194,205,205,130,130,142,142,247,247,262,162,180,199,210,210,225,225,225,239,254,289,289,304,304,304],"floor_reached":33,"playtime":3917,"items_purged":["Strike_R","Strike_R"],"score":268,"play_id":"c06dde9f-74dd-4d36-ae6d-bc302175c3d0","local_time":"20190706220241","is_ascension_mode":true,"campfire_choices":[{"data":"Entrench","floor":6,"key":"SMITH"},{"data":"Body Slam","floor":11,"key":"SMITH"},{"data":"Flame Barrier","floor":13,"key":"SMITH"},{"floor":15,"key":"REST"},{"data":"Warcry","floor":23,"key":"SMITH"},{"data":"Shrug It Off","floor":25,"key":"SMITH"},{"data":"Bloodletting","floor":32,"key":"SMITH"}],"neow_cost":"NONE","seed_source_timestamp":0,"circlet_count":0,"master_deck":["Strike_R","Defend_R","Defend_R","Defend_R","Bash","Dropkick","Entrench+1","Shrug It Off+1","Body Slam+1","Impervious","Flame Barrier+1","Impervious","Warcry+1","Shrug It Off+1","Rampage+1","Bloodletting+1"],"special_seed":0,"relics":["Burning Blood","Sundial","PreservedInsect","Empty Cage","Ice Cream","Red Mask","MutagenicStrength"],"potions_floor_usage":[5,16,20,31,33,33],"damage_taken":[{"damage":4,"enemies":"Cultist","floor":1,"turns":4},{"damage":2,"enemies":"Small Slimes","floor":2,"turns":3},{"damage":0,"enemies":"2 Louse","floor":3,"turns":4},{"damage":10,"enemies":"Large Slime","floor":5,"turns":9},{"damage":0,"enemies":"Exordium Wildlife","floor":7,"turns":6},{"damage":49,"enemies":"3 Sentries","floor":8,"turns":15},{"damage":3,"enemies":"3 Louse","floor":10,"turns":6},{"damage":4,"enemies":"Large Slime","floor":14,"turns":9},{"damage":28,"enemies":"The Guardian","floor":16,"turns":12},{"damage":0,"enemies":"3 Byrds","floor":18,"turns":4},{"damage":0,"enemies":"2 Thieves","floor":20,"turns":5},{"damage":0,"enemies":"Snake Plant","floor":21,"turns":4},{"damage":28,"enemies":"Chosen and Byrds","floor":22,"turns":8},{"damage":0,"enemies":"Sentry and Sphere","floor":24,"turns":9},{"damage":0,"enemies":"Snecko","floor":27,"turns":5},{"damage":0,"enemies":"Snake Plant","floor":28,"turns":2},{"damage":16,"enemies":"Masked Bandits","floor":29,"turns":6},{"damage":6,"enemies":"Centurion and Healer","floor":31,"turns":9},{"damage":79,"enemies":"Champ","floor":33,"turns":12}],"seed_played":"6124138227222179309","potions_obtained":[{"floor":2,"key":"Strength Potion"},{"floor":3,"key":"SkillPotion"},{"floor":7,"key":"Strength Potion"},{"floor":14,"key":"Poison Potion"},{"floor":16,"key":"Swift Potion"},{"floor":18,"key":"Block Potion"},{"floor":22,"key":"Regen Potion"},{"floor":31,"key":"Dexterity Potion"}],"is_trial":false,"path_per_floor":["M","M","M","$","M","R","M","E","T","M","R","$","R","M","R","B",null,"M","$","M","M","M","R","M","R","T","M","M","?","?","M","R","B"],"character_chosen":"IRONCLAD","items_purchased":["Shrug It Off"],"campfire_rested":1,"item_purchase_floors":[4],"current_hp_per_floor":[80,80,80,80,76,76,80,37,37,40,40,40,40,42,66,44,80,80,80,80,80,58,58,64,64,64,70,76,66,66,66,66,0],"gold":304,"neow_bonus":"REMOVE_CARD","is_prod":false,"is_daily":false,"chose_seed":false,"campfire_upgraded":6,"win_rate":0,"timestamp":1562475761,"path_taken":["M","M","M","$","M","R","?","E","T","M","R","$","R","M","R","BOSS","M","?","M","M","M","R","M","R","T","M","M","?","?","M","R","BOSS"],"build_version":"2019-07-05","purchased_purges":2,"victory":false,"max_hp_per_floor":[80,80,80,80,80,80,80,80,80,80,80,80,80,80,80,80,80,80,80,80,80,80,80,80,80,80,80,80,80,80,80,80,80],"card_choices":[{"not_picked":["Pommel Strike","Bloodletting"],"picked":"Dropkick","floor":1},{"not_picked":["Hemokinesis","Cleave"],"picked":"Entrench","floor":2},{"not_picked":["Disarm","Dual Wield","Rupture"],"picked":"SKIP","floor":3},{"not_picked":["Sentinel","Cleave","Bloodletting"],"picked":"SKIP","floor":5},{"not_picked":["Sentinel","Cleave","Bloodletting"],"picked":"SKIP","floor":5},{"not_picked":["True Grit","Havoc"],"picked":"Body Slam","floor":7},{"not_picked":["Burning Pact","Flex"],"picked":"Impervious","floor":8},{"not_picked":["Rampage","Flex"],"picked":"Flame Barrier","floor":10},{"not_picked":["Shrug It Off","Armaments","Perfected Strike"],"picked":"SKIP","floor":14},{"not_picked":["Feed","Limit Break"],"picked":"Impervious","floor":16},{"not_picked":["Anger","Armaments+1"],"picked":"Warcry","floor":18},{"not_picked":["Cleave","Intimidate","Clash+1"],"picked":"SKIP","floor":20},{"not_picked":["Feel No Pain","Cleave"],"picked":"Shrug It Off+1","floor":21},{"not_picked":["Dual Wield","Shrug It Off"],"picked":"Rampage+1","floor":22},{"not_picked":["Havoc","Pommel Strike+1","Heavy Blade+1"],"picked":"SKIP","floor":24},{"not_picked":["Shrug It Off","Twin Strike"],"picked":"Bloodletting","floor":27},{"not_picked":["Limit Break","Twin Strike","Dropkick"],"picked":"SKIP","floor":28},{"not_picked":["Cleave","Heavy Blade+1","Havoc+1"],"picked":"SKIP","floor":31}],"player_experience":86484,"relics_obtained":[{"floor":8,"key":"Sundial"},{"floor":9,"key":"PreservedInsect"},{"floor":26,"key":"Ice Cream"},{"floor":29,"key":"Red Mask"}],"event_choices":[{"damage_healed":0,"gold_gain":0,"player_choice":"Fought Bandits","damage_taken":0,"max_hp_gain":0,"max_hp_loss":0,"event_name":"Masked Bandits","floor":29,"gold_loss":0},{"damage_healed":0,"gold_gain":0,"player_choice":"Inject Mutagens","damage_taken":0,"relics_obtained":["MutagenicStrength"],"max_hp_gain":0,"max_hp_loss":0,"event_name":"Drug Dealer","floor":30,"gold_loss":0}],"is_beta":false,"boss_relics":[{"not_picked":["Orrery","Astrolabe"],"picked":"Empty Cage"}],"items_purged_floors":[12,19],"is_endless":false,"potions_floor_spawned":[2,3,7,14,16,18,22,28,31],"killed_by":"Champ","ascension_level":1}