{"gold_per_floor":[110,124,143,143,113,133,133,164,164,164,199,212,268,295,295,393,393,403,502,520,534,534,534],"floor_reached":23,"playtime":1553,"items_purged":[],"score":211,"play_id":"244a907d-1d14-4be1-82d7-020a59db9ea2","local_time":"20190613214416","is_ascension_mode":true,"campfire_choices":[{"floor":7,"key":"REST"},{"floor":10,"key":"REST"},{"floor":15,"key":"REST"}],"neow_cost":"NONE","seed_source_timestamp":77975990229300,"circlet_count":0,"master_deck":["Strike_B","Strike_B","Defend_B","Defend_B","Zap","Dualcast","Defragment","Coolheaded","Defragment","Chaos","Auto Shields","Go for the Eyes","Conserve Battery","Barrage","Go for the Eyes","Electrodynamics","Cold Snap+1","Amplify+1","Buffer+1","Melter","Redo+1","Darkness+1"],"relics":["Cracked Core","Bag of Marbles","Centennial Puzzle","Bird Faced Urn","Omamori","Happy Flower","Astrolabe"],"potions_floor_usage":[5,11,13,13,18,23],"damage_taken":[{"damage":6,"enemies":"Jaw Worm","floor":1,"turns":3},{"damage":5,"enemies":"Small Slimes","floor":2,"turns":3},{"damage":0,"enemies":"Cultist","floor":3,"turns":3},{"damage":2,"enemies":"Looter","floor":5,"turns":4},{"damage":21,"enemies":"3 Louse","floor":6,"turns":4},{"damage":29,"enemies":"Lagavulin","floor":8,"turns":9},{"damage":14,"enemies":"3 Sentries","floor":11,"turns":6},{"damage":0,"enemies":"Exordium Thugs","floor":12,"turns":5},{"damage":24,"enemies":"Gremlin Nob","floor":13,"turns":5},{"damage":27,"enemies":"Slime Boss","floor":16,"turns":15},{"damage":7,"enemies":"Spheric Guardian","floor":18,"turns":6},{"damage":13,"enemies":"3 Byrds","floor":20,"turns":3},{"damage":31,"enemies":"Centurion and Healer","floor":21,"turns":6},{"damage":42,"enemies":"Slavers","floor":23,"turns":6}],"seed_played":"3913553842660388555","potions_obtained":[{"floor":2,"key":"Dexterity Potion"},{"floor":3,"key":"FearPotion"},{"floor":8,"key":"AttackPotion"},{"floor":12,"key":"Fire Potion"},{"floor":13,"key":"Swift Potion"},{"floor":16,"key":"Poison Potion"},{"floor":21,"key":"SpeedPotion"}],"is_trial":false,"path_per_floor":["M","M","M","?","M","M","R","E","T","R","E","M","?","T","R","B",null,"M","?","M","M","?","E"],"character_chosen":"DEFECT","items_purchased":[],"campfire_rested":3,"item_purchase_floors":[],"current_hp_per_floor":[69,64,64,64,62,41,63,34,34,56,42,46,26,26,48,25,75,72,72,62,39,39,0],"gold":534,"neow_bonus":"RANDOM_COMMON_RELIC","is_prod":false,"is_daily":false,"chose_seed":false,"campfire_upgraded":0,"win_rate":0,"timestamp":1560476656,"path_taken":["M","M","M","?","M","M","R","E","T","R","E","M","?","?","R","BOSS","M","?","M","M","?","E"],"build_version":"2019-01-23","purchased_purges":0,"victory":false,"max_hp_per_floor":[75,75,75,75,75,75,75,75,75,75,75,75,75,75,75,75,75,75,75,75,75,75,75],"card_choices":[{"not_picked":["Coolheaded","Tempest"],"picked":"Defragment","floor":1},{"not_picked":["Leap","Streamline"],"picked":"Coolheaded","floor":2},{"not_picked":["Coolheaded","Stack"],"picked":"Defragment","floor":3},{"not_picked":["Steam","Go for the Eyes"],"picked":"Chaos","floor":5},{"not_picked":["Lockon","Rebound"],"picked":"Auto Shields","floor":6},{"not_picked":["Steam","Rip and Tear"],"picked":"Go for the Eyes","floor":8},{"not_picked":["Compile Driver","Coolheaded"],"picked":"Conserve Battery","floor":11},{"not_picked":["Leap","Sweeping Beam"],"picked":"Barrage","floor":12},{"not_picked":["Compile Driver","Loop"],"picked":"Go for the Eyes","floor":13},{"not_picked":["Reboot","All For One"],"picked":"Electrodynamics","floor":16},{"not_picked":["Barrage","Recycle"],"picked":"Melter","floor":18},{"not_picked":["Steam Power","Hologram"],"picked":"Redo+1","floor":20},{"not_picked":["Rebound+1","Gash"],"picked":"Darkness+1","floor":21}],"player_experience":476653,"relics_obtained":[{"floor":8,"key":"Centennial Puzzle"},{"floor":11,"key":"Bird Faced Urn"},{"floor":13,"key":"Omamori"},{"floor":14,"key":"Happy Flower"}],"event_choices":[{"damage_healed":0,"gold_gain":0,"player_choice":"Ignored","damage_taken":0,"max_hp_gain":0,"max_hp_loss":0,"event_name":"Golden Wing","floor":4,"gold_loss":0},{"damage_healed":0,"gold_gain":0,"player_choice":"Searched \u00271\u0027 times","damage_taken":0,"max_hp_gain":0,"max_hp_loss":0,"event_name":"Dead Adventurer","floor":13,"gold_loss":0},{"damage_healed":0,"gold_gain":99,"player_choice":"Stole From Cult","damage_taken":0,"max_hp_gain":0,"max_hp_loss":0,"event_name":"Nest","floor":19,"gold_loss":0},{"cards_removed":["Defend_B"],"damage_healed":0,"gold_gain":0,"player_choice":"Purged","damage_taken":0,"max_hp_gain":0,"max_hp_loss":0,"event_name":"Purifier","floor":22,"gold_loss":0}],"is_beta":false,"boss_relics":[{"not_picked":["Philosopher\u0027s Stone","Empty Cage"],"picked":"Astrolabe"}],"items_purged_floors":[],"is_endless":false,"potions_floor_spawned":[2,3,8,12,13,16,21],"killed_by":"Slavers","ascension_level":1}