{"gold_per_floor":[115,115,115,131,149,149,161,191,191,210,241,255,267,43,43,148,148,158,158,10,27,27,27,60,60],"floor_reached":25,"playtime":1089,"items_purged":[],"score":256,"play_id":"b3752020-79ca-49ca-9a6f-e5def073d017","local_time":"20190621224935","is_ascension_mode":true,"campfire_choices":[{"floor":6,"key":"RECALL"},{"floor":15,"key":"REST"},{"floor":23,"key":"REST"}],"neow_cost":"NONE","seed_source_timestamp":1039997096699,"circlet_count":0,"master_deck":["Strike_B","Strike_B","Strike_B","Strike_B","Defend_B","Defend_B","Defend_B","Defend_B","Zap","Dualcast","Chaos","FTL","Doom and Gloom","Static Discharge","Seek","Steam+1","Conserve Battery+1","Gash","Storm","Metamorphosis+1","Defragment","Electrodynamics","Leap+1","Cold Snap","FTL+1"],"relics":["Cracked Core","NeowsBlessing","Regal Pillow","Toxic Egg 2","Peace Pipe","Black Star","Bag of Marbles","Strawberry","Du-Vu Doll"],"potions_floor_usage":[7,8,13,16,24],"damage_taken":[{"damage":0,"enemies":"Cultist","floor":1,"turns":1},{"damage":0,"enemies":"Jaw Worm","floor":4,"turns":1},{"damage":0,"enemies":"2 Louse","floor":5,"turns":1},{"damage":2,"enemies":"Blue Slaver","floor":7,"turns":4},{"damage":26,"enemies":"3 Sentries","floor":8,"turns":4},{"damage":12,"enemies":"Exordium Wildlife","floor":10,"turns":3},{"damage":13,"enemies":"Gremlin Nob","floor":11,"turns":4},{"damage":1,"enemies":"Red Slaver","floor":12,"turns":4},{"damage":10,"enemies":"3 Louse","floor":13,"turns":2},{"damage":25,"enemies":"Slime Boss","floor":16,"turns":7},{"damage":28,"enemies":"Spheric Guardian","floor":18,"turns":3},{"damage":38,"enemies":"Shell Parasite","floor":21,"turns":6},{"damage":47,"enemies":"Book of Stabbing","floor":24,"turns":6},{"damage":29,"enemies":"Centurion and Healer","floor":25,"turns":3}],"seed_played":"-6993097410488300116","potions_obtained":[{"floor":4,"key":"PowerPotion"},{"floor":7,"key":"PowerPotion"},{"floor":11,"key":"Explosive Potion"},{"floor":13,"key":"LiquidBronze"},{"floor":16,"key":"Ancient Potion"},{"floor":21,"key":"Regen Potion"}],"is_trial":false,"path_per_floor":["M","$","?","M","M","R","M","E","T","M","E","M","M","$","R","B",null,"M","?","$","M","?","R","E","M"],"character_chosen":"DEFECT","items_purchased":["Metamorphosis+1","Defragment","Bag of Marbles"],"campfire_rested":2,"item_purchase_floors":[14,14,20],"current_hp_per_floor":[75,75,75,75,75,75,73,47,47,35,22,21,11,11,48,23,75,47,47,47,9,9,46,20,0],"gold":60,"neow_bonus":"THREE_ENEMY_KILL","is_prod":false,"is_daily":false,"chose_seed":false,"campfire_upgraded":0,"win_rate":0,"timestamp":1561171775,"path_taken":["M","?","?","?","M","R","M","E","T","M","E","M","M","$","R","BOSS","M","?","$","M","?","R","E","M"],"build_version":"2019-01-23","purchased_purges":0,"victory":false,"max_hp_per_floor":[75,75,75,75,75,75,75,75,75,75,75,75,75,75,75,75,75,75,75,75,75,75,75,82,82],"card_choices":[{"not_picked":["Leap","Go for the Eyes"],"picked":"Chaos","floor":1},{"not_picked":["Hologram","Sweeping Beam"],"picked":"FTL","floor":4},{"not_picked":["Hologram","Stack"],"picked":"Doom and Gloom","floor":5},{"not_picked":["Conserve Battery","Rip and Tear"],"picked":"Static Discharge","floor":7},{"not_picked":["Glacier","Rebound"],"picked":"Seek","floor":8},{"not_picked":["Streamline","Rip and Tear"],"picked":"Steam+1","floor":10},{"not_picked":["Steam+1","Capacitor"],"picked":"Conserve Battery+1","floor":11},{"not_picked":["Hologram+1","Force Field+1"],"picked":"Gash","floor":12},{"not_picked":["Cold Snap","Static Discharge"],"picked":"Storm","floor":13},{"not_picked":["Amplify+1","Rainbow+1"],"picked":"Electrodynamics","floor":16},{"not_picked":["Go for the Eyes+1","Tempest+1"],"picked":"Leap+1","floor":18},{"not_picked":["Go for the Eyes","Stack+1"],"picked":"Cold Snap","floor":21},{"not_picked":["Sweeping Beam+1","Steam Power+1"],"picked":"FTL+1","floor":24}],"player_experience":488566,"relics_obtained":[{"floor":8,"key":"Regal Pillow"},{"floor":9,"key":"Toxic Egg 2"},{"floor":11,"key":"Peace Pipe"},{"floor":24,"key":"Strawberry"},{"floor":24,"key":"Du-Vu Doll"}],"event_choices":[{"damage_healed":0,"gold_gain":0,"player_choice":"Ignored","damage_taken":0,"max_hp_gain":0,"max_hp_loss":0,"event_name":"Purifier","floor":3,"gold_loss":0},{"damage_healed":0,"gold_gain":0,"player_choice":"Ignored","damage_taken":0,"max_hp_gain":0,"max_hp_loss":0,"event_name":"Ghosts","floor":19,"gold_loss":0},{"damage_healed":0,"gold_gain":0,"player_choice":"Ignored","damage_taken":0,"max_hp_gain":0,"max_hp_loss":0,"event_name":"The Mausoleum","floor":22,"gold_loss":0}],"is_beta":false,"boss_relics":[{"not_picked":["Runic Dome","Eternal Feather"],"picked":"Black Star"}],"items_purged_floors":[],"is_endless":false,"potions_floor_spawned":[4,7,11,13,16,21],"killed_by":"Centurion and Healer","ascension_level":2}