{"gold_per_floor":[209,227,242,261,271,303,378,396,396,396,429,448,78,97,97,195,195,209,209,219,237,261,288,301,331,331,331,331,331,345,362,362,467,467,480,480,480,1479,0,16,16,16,87,105,120,120,21,41,41,41],"floor_reached":51,"playtime":2247,"items_purged":[],"score":1088,"play_id":"fa4f8010-cd12-43b6-9493-9c2040c5d2e2","local_time":"20190727150010","is_ascension_mode":true,"campfire_choices":[{"data":"All Out Attack","floor":10,"key":"SMITH"},{"data":"Terror","floor":15,"key":"SMITH"},{"data":"After Image","floor":32,"key":"SMITH"},{"data":"After Image","floor":41,"key":"SMITH"},{"floor":46,"key":"REST"},{"floor":49,"key":"REST"}],"neow_cost":"NONE","seed_source_timestamp":0,"circlet_count":0,"master_deck":["Strike_G+1","Strike_G+1","Defend_G+1","Defend_G+1","Defend_G+1","Defend_G+1","Defend_G+1","Survivor","Neutralize","Endless Agony","Reflex","Flying Knee","PiercingWail","All Out Attack+1","Dash","Dash","Well Laid Plans","Calculated Gamble","Terror+1","Footwork","Leg Sweep","Glass Knife+1","Cloak And Dagger+1","Finisher+1","Blade Dance+1","Predator+1","Backflip","Cloak And Dagger+1","After Image+1","Backflip+1","Backstab+1","All Out Attack+1","PiercingWail+1","Sucker Punch+1","After Image+1","Accuracy","Madness","Madness","Normality","Normality","Dodge and Roll","Blade Dance","Deflect","Cloak And Dagger","Tactician","Acrobatics","Backflip","Distraction","Blur","Catalyst","Catalyst","Deflect","Cloak And Dagger","PiercingWail","Bouncing Flask","Adrenaline","Prepared","Deflect","PiercingWail","Escape Plan","Cloak And Dagger","Expertise","Distraction","Concentrate","Dodge and Roll","Leg Sweep","PiercingWail","Acrobatics","Deflect","Blur","Blade Dance","Cloak And Dagger","Blur","Bouncing Flask","Outmaneuver","Calculated Gamble","Blade Dance","Deflect","Concentrate","Terror","Bouncing Flask","Acrobatics","Acrobatics","Backflip","Deadly Poison","Dodge and Roll","Concentrate","Reflex","Terror","Cloak And Dagger","Acrobatics","Doppelganger","Dodge and Roll","Dodge and Roll","PiercingWail","Outmaneuver","Distraction","Acrobatics","Terror","Deflect","Underhanded Strike+1","Discovery","Dark Shackles","Apotheosis","Backflip+1","Sucker Punch+1","Blade Dance","Terror","Distraction","Backflip","Quick Slash+1"],"special_seed":0,"relics":["Ring of the Snake","The Courier","PreservedInsect","Anchor","Membership Card","Blood Vial","Molten Egg 2","Astrolabe","War Paint","Happy Flower","Kunai","Snake Skull","Sozu","Sundial"],"potions_floor_usage":[6,18,50],"damage_taken":[{"damage":0.0,"enemies":"Small Slimes","floor":1.0,"turns":3.0},{"damage":0.0,"enemies":"Jaw Worm","floor":2.0,"turns":5.0},{"damage":0.0,"enemies":"Cultist","floor":3.0,"turns":4.0},{"damage":0.0,"enemies":"Blue Slaver","floor":4.0,"turns":4.0},{"damage":0.0,"enemies":"3 Louse","floor":5.0,"turns":5.0},{"damage":16,"enemies":"Lagavulin","floor":6,"turns":8},{"damage":0,"enemies":"Large Slime","floor":8,"turns":5},{"damage":8,"enemies":"Gremlin Nob","floor":11,"turns":3},{"damage":0,"enemies":"Exordium Wildlife","floor":12,"turns":4},{"damage":1,"enemies":"Lots of Slimes","floor":14,"turns":3},{"damage":17,"enemies":"Hexaghost","floor":16,"turns":10},{"damage":6,"enemies":"Spheric Guardian","floor":18,"turns":5},{"damage":5,"enemies":"2 Thieves","floor":20,"turns":3},{"damage":8,"enemies":"Snecko","floor":21,"turns":3},{"damage":0,"enemies":"Gremlin Leader","floor":23,"turns":4},{"damage":0,"enemies":"Chosen and Byrds","floor":24,"turns":3},{"damage":11,"enemies":"Book of Stabbing","floor":25,"turns":4},{"damage":1,"enemies":"Snake Plant","floor":30,"turns":4},{"damage":0,"enemies":"Centurion and Healer","floor":31,"turns":6},{"damage":22,"enemies":"Collector","floor":33,"turns":11},{"damage":0,"enemies":"3 Shapes","floor":35,"turns":5},{"damage":5,"enemies":"Orb Walker","floor":40,"turns":4},{"damage":21,"enemies":"4 Shapes","floor":44,"turns":8},{"damage":0,"enemies":"Maw","floor":45,"turns":6},{"damage":0,"enemies":"Spire Growth","floor":48,"turns":7},{"damage":61,"enemies":"Time Eater","floor":50,"turns":17}],"seed_played":"9092864519539314820","potions_obtained":[{"floor":1.0,"key":"SteroidPotion"},{"floor":3.0,"key":"Block Potion"},{"floor":4.0,"key":"SkillPotion"},{"floor":14,"key":"Weak Potion"},{"floor":20,"key":"EssenceOfSteel"},{"floor":21,"key":"SmokeBomb"}],"is_trial":false,"path_per_floor":["M","M","M","M","M","E","?","M","T","R","E","M","$","M","R","B",null,"M","?","M","M","T","E","M","E","T","?","?","?","M","M","R","B",null,"M","?","?","?","$","M","R","?","T","M","M","R","$","M","R","B",null],"character_chosen":"THE_SILENT","items_purchased":["Membership Card","Blood Vial","Molten Egg 2","Terror","Footwork","Dodge and Roll","Blade Dance","Deflect","Cloak And Dagger","Tactician","Acrobatics","Backflip","Distraction","Blur","Catalyst","Catalyst","Deflect","Cloak And Dagger","PiercingWail","Bouncing Flask","Adrenaline","Prepared","Deflect","PiercingWail","Escape Plan","Cloak And Dagger","Expertise","Distraction","Concentrate","Dodge and Roll","Leg Sweep","PiercingWail","Acrobatics","Deflect","Blur","Blade Dance","Cloak And Dagger","Blur","Bouncing Flask","Outmaneuver","Calculated Gamble","Blade Dance","Deflect","Concentrate","Terror","Bouncing Flask","Acrobatics","Acrobatics","Backflip","Deadly Poison","Dodge and Roll","Concentrate","Reflex","Terror","Cloak And Dagger","Acrobatics","Doppelganger","Dodge and Roll","Dodge and Roll","PiercingWail","Outmaneuver","Distraction","Acrobatics","Terror","Deflect","Blade Dance","Terror","Distraction","Backflip"],"campfire_rested":2,"item_purchase_floors":[13,13,13,13,13,39,39,39,39,39,39,39,39,39,39,39,39,39,39,39,39,39,39,39,39,39,39,39,39,39,39,39,39,39,39,39,39,39,39,39,39,39,39,39,39,39,39,39,39,39,39,39,39,39,39,39,39,39,39,39,39,39,39,39,39,47,47,47,47],"current_hp_per_floor":[70,70,70,70,70,54,43,43,43,43,35,35,35,36,36,21,70,64,64,61,55,55,57,59,50,50,50,50,50,51,53,53,33,70,70,61,61,61,61,58,58,48,48,29,31,52,52,54,70,9],"gold":41,"neow_bonus":"HUNDRED_GOLD","is_prod":false,"is_daily":false,"chose_seed":false,"campfire_upgraded":4,"win_rate":0,"timestamp":1564207210,"path_taken":["M","M","M","M","M","E","?","M","T","R","E","M","$","M","R","BOSS","M","?","M","M","?","E","?","E","T","?","?","?","M","M","R","BOSS","M","?","?","?","$","M","R","?","T","M","?","R","$","M","R","BOSS"],"build_version":"2019-07-17","purchased_purges":0,"victory":true,"max_hp_per_floor":[70,70,70,70,70,70,70,70,70,70,70,70,70,70,70,70,70,70,70,70,70,70,70,70,70,70,70,70,70,70,70,70,70,70,70,70,70,70,70,70,70,70,70,70,70,70,70,70,70,70],"card_choices":[{"not_picked":["Setup","Outmaneuver"],"picked":"Endless Agony","floor":1.0},{"not_picked":["Quick Slash","Setup"],"picked":"Reflex","floor":2.0},{"not_picked":["Slice","Bane"],"picked":"Flying Knee","floor":3.0},{"not_picked":["Slice","Infinite Blades"],"picked":"PiercingWail","floor":4.0},{"not_picked":["Blade Dance","Bane"],"picked":"All Out Attack","floor":5.0},{"not_picked":["Finisher","Escape Plan"],"picked":"Dash","floor":6},{"not_picked":["Slice","Underhanded Strike"],"picked":"Dash","floor":8},{"not_picked":["Dodge and Roll","Acrobatics"],"picked":"Well Laid Plans","floor":11},{"not_picked":["Wraith Form v2","Dash"],"picked":"Calculated Gamble","floor":12},{"not_picked":["Poisoned Stab+1","Escape Plan"],"picked":"Leg Sweep","floor":14},{"not_picked":["Phantasmal Killer","A Thousand Cuts"],"picked":"Glass Knife+1","floor":16},{"not_picked":["Well Laid Plans","Slice+1"],"picked":"Predator+1","floor":18},{"not_picked":["Deadly Poison","Quick Slash+1"],"picked":"Cloak And Dagger","floor":20},{"not_picked":["Blur","Bane+1"],"picked":"After Image","floor":21},{"not_picked":["Well Laid Plans","Flying Knee+1"],"picked":"Backflip+1","floor":23},{"not_picked":["Setup+1","Distraction"],"picked":"Backstab+1","floor":24},{"not_picked":["Leg Sweep","Underhanded Strike+1"],"picked":"All Out Attack+1","floor":25},{"not_picked":["Acrobatics","Slice+1"],"picked":"PiercingWail+1","floor":30},{"not_picked":["Quick Slash+1","Acrobatics"],"picked":"Sucker Punch+1","floor":31},{"not_picked":["Tools of the Trade","Wraith Form v2"],"picked":"After Image","floor":33},{"not_picked":["Slice+1","Outmaneuver"],"picked":"Accuracy","floor":35},{"not_picked":["Eviscerate+1","Concentrate"],"picked":"Underhanded Strike+1","floor":40},{"not_picked":["PanicButton","Jack Of All Trades"],"picked":"Discovery","floor":42},{"not_picked":["Master of Strategy","Good Instincts"],"picked":"Dark Shackles","floor":42},{"not_picked":["Trip","Swift Strike+1"],"picked":"Apotheosis","floor":42},{"not_picked":["Flying Knee+1","Dagger Spray+1"],"picked":"Backflip+1","floor":44},{"not_picked":["Backstab+1","Distraction"],"picked":"Sucker Punch+1","floor":45},{"not_picked":["Underhanded Strike+1","Flying Knee+1"],"picked":"Quick Slash+1","floor":48}],"player_experience":1050602,"relics_obtained":[{"floor":6,"key":"The Courier"},{"floor":9,"key":"PreservedInsect"},{"floor":11,"key":"Anchor"},{"floor":22,"key":"War Paint"},{"floor":23,"key":"Happy Flower"},{"floor":25,"key":"Kunai"},{"floor":43,"key":"Sundial"}],"event_choices":[{"damage_healed":0,"gold_gain":75,"player_choice":"Gather Gold","damage_taken":11,"max_hp_gain":0,"max_hp_loss":0,"event_name":"World of Goop","floor":7,"gold_loss":0},{"damage_healed":0,"gold_gain":0,"player_choice":"Read","damage_taken":0,"max_hp_gain":0,"max_hp_loss":0,"event_name":"The Library","floor":19,"gold_loss":0,"cards_obtained":["Backflip"]},{"damage_healed":0,"gold_gain":0,"player_choice":"Ignored","damage_taken":0,"max_hp_gain":0,"max_hp_loss":0,"event_name":"Beggar","floor":27,"gold_loss":0},{"damage_healed":0,"gold_gain":0,"player_choice":"Simplicity","damage_taken":0,"max_hp_gain":0,"max_hp_loss":0,"event_name":"Back to Basics","floor":28,"gold_loss":0,"cards_upgraded":["Strike_G","Strike_G","Defend_G","Defend_G","Defend_G","Defend_G"]},{"damage_healed":0,"gold_gain":0,"player_choice":"Opened","damage_taken":0,"relics_obtained":["Snake Skull"],"max_hp_gain":0,"max_hp_loss":0,"event_name":"The Mausoleum","floor":29,"gold_loss":0},{"damage_healed":0,"gold_gain":0,"player_choice":"Embrace Madness","damage_taken":9,"max_hp_gain":0,"max_hp_loss":0,"event_name":"Winding Halls","floor":36,"gold_loss":0,"cards_obtained":["Madness","Madness"]},{"damage_healed":0,"gold_gain":0,"player_choice":"Ignored","damage_taken":0,"max_hp_gain":0,"max_hp_loss":0,"event_name":"Tomb of Lord Red Mask","floor":37,"gold_loss":0},{"damage_healed":0,"gold_gain":999,"player_choice":"Gold","damage_taken":0,"max_hp_gain":0,"max_hp_loss":0,"event_name":"MindBloom","floor":38,"gold_loss":0,"cards_obtained":["Normality","Normality"]},{"damage_healed":0,"gold_gain":0,"player_choice":"Memory 3","damage_taken":10,"max_hp_gain":0,"max_hp_loss":0,"event_name":"SensoryStone","floor":42,"gold_loss":0}],"is_beta":false,"boss_relics":[{"not_picked":["Empty Cage","Eternal Feather"],"picked":"Astrolabe"},{"not_picked":["Busted Crown","HoveringKite"],"picked":"Sozu"}],"items_purged_floors":[],"is_endless":false,"potions_floor_spawned":[1,3,4,14,20,21,33,40,44,48],"ascension_level":1}