{"gold_per_floor":[113,133,98,43,54,79,79,4,4,17,17,17,36,36,36,109,109,125,14,14,14,28,28,28,28,28,28,44,44,60,73,73,147,147,166,166,2,2,0,20,35,35,35,47,47,58,58,69,69,69],"floor_reached":50,"playtime":2963,"items_purged":["Strike_B"],"score":884,"play_id":"ed7222e9-aa82-48fb-a5ad-dfac4d4da09a","local_time":"20190714124942","is_ascension_mode":true,"campfire_choices":[{"data":"Defragment","floor":7.0,"key":"SMITH"},{"data":"Reinforced Body","floor":12.0,"key":"SMITH"},{"data":"Cold Snap","floor":15.0,"key":"SMITH"},{"data":"Go for the Eyes","floor":23.0,"key":"SMITH"},{"data":"Electrodynamics","floor":25.0,"key":"SMITH"},{"data":"Glacier","floor":29.0,"key":"SMITH"},{"data":"Defragment","floor":32.0,"key":"SMITH"},{"data":"Buffer","floor":42.0,"key":"SMITH"},{"data":"Defragment","floor":45.0,"key":"SMITH"},{"data":"Heatsinks","floor":49.0,"key":"SMITH"}],"neow_cost":"NONE","seed_source_timestamp":7495128360200,"circlet_count":0,"master_deck":["AscendersBane","Strike_B","Strike_B","Defend_B+1","Defend_B","Defend_B","Zap+1","Dualcast","Defragment+1","FTL","Reinforced Body+1","Heatsinks+1","Coolheaded","Cold Snap","Biased Cognition","Cold Snap+1","Electrodynamics+1","Glacier+1","Go for the Eyes+1","White Noise","Self Repair","Defragment+1","Defragment+1","Buffer+1","Chill","Glacier+1","FTL","Stack+1","White Noise"],"special_seed":0,"relics":["Cracked Core","Smiling Mask","Ornamental Fan","Question Card","War Paint","Unceasing Top","Coffee Dripper","Mango","Vajra","Empty Cage","Art of War","Red Mask","Bag of Marbles"],"potions_floor_usage":[50],"damage_taken":[{"damage":0.0,"enemies":"Cultist","floor":1.0,"turns":4.0},{"damage":10.0,"enemies":"2 Louse","floor":2.0,"turns":3.0},{"damage":5.0,"enemies":"Jaw Worm","floor":5.0,"turns":3.0},{"damage":25.0,"enemies":"Lagavulin","floor":6.0,"turns":7.0},{"damage":2.0,"enemies":"Looter","floor":10.0,"turns":3.0},{"damage":0.0,"enemies":"2 Fungi Beasts","floor":13.0,"turns":4.0},{"damage":11.0,"enemies":"Hexaghost","floor":16.0,"turns":11.0},{"damage":5.0,"enemies":"Shell Parasite","floor":18.0,"turns":4.0},{"damage":14.0,"enemies":"2 Thieves","floor":22.0,"turns":2.0},{"damage":8.0,"enemies":"Snake Plant","floor":28.0,"turns":4.0},{"damage":8.0,"enemies":"Sentry and Sphere","floor":30.0,"turns":5.0},{"damage":1.0,"enemies":"Cultist and Chosen","floor":31.0,"turns":6.0},{"damage":38.0,"enemies":"Collector","floor":33.0,"turns":16.0},{"damage":0.0,"enemies":"Orb Walker","floor":35.0,"turns":3.0},{"damage":9.0,"enemies":"3 Darklings","floor":40.0,"turns":5.0},{"damage":31.0,"enemies":"Jaw Worm Horde","floor":41.0,"turns":5.0},{"damage":0.0,"enemies":"4 Shapes","floor":44.0,"turns":3.0},{"damage":17.0,"enemies":"3 Darklings","floor":46.0,"turns":5.0},{"damage":25.0,"enemies":"Jaw Worm Horde","floor":48.0,"turns":3.0},{"damage":39,"enemies":"Awakened One","floor":50,"turns":6}],"seed_played":"959429393943429038","potions_obtained":[{"floor":1.0,"key":"LiquidBronze"},{"floor":5.0,"key":"Strength Potion"},{"floor":16.0,"key":"Block Potion"},{"floor":28.0,"key":"SteroidPotion"},{"floor":33.0,"key":"Strength Potion"},{"floor":40.0,"key":"AttackPotion"},{"floor":44.0,"key":"Regen Potion"}],"is_trial":false,"path_per_floor":["M","M","?","?","M","E","R","$","T","M","?","R","M","?","R","B",null,"M","$","?","?","M","R","$","R","T","?","M","R","M","M","R","B",null,"M","?","$","$","?","M","M","R","T","M","R","M","?","M","R","B"],"character_chosen":"DEFECT","items_purchased":["Coolheaded","Go for the Eyes","PowerPotion","Art of War"],"campfire_rested":0,"item_purchase_floors":[8,19,19,37],"current_hp_per_floor":[64,54,71,71,66,41,41,41,41,39,39,39,39,34,34,23,59,54,54,68,85,71,71,71,71,71,71,63,63,62,68,68,37,73,73,73,73,73,73,71,47,47,47,47,47,51,51,26,26,0],"gold":69,"neow_bonus":"RANDOM_COMMON_RELIC","is_prod":false,"is_daily":false,"chose_seed":false,"campfire_upgraded":10,"win_rate":0,"timestamp":1563122982,"path_taken":["M","M","?","?","?","E","R","$","T","M","?","R","M","?","R","BOSS","M","$","?","?","M","R","$","R","T","?","M","R","M","?","R","BOSS","M","?","?","$","?","M","M","R","T","M","R","M","?","M","R","BOSS"],"build_version":"2019-07-10","purchased_purges":1,"victory":false,"max_hp_per_floor":[71,71,71,71,71,71,71,71,71,71,71,71,71,71,71,71,71,71,71,85,85,85,85,85,85,85,85,85,85,85,85,85,85,85,85,85,85,85,85,85,85,85,85,85,85,85,85,85,85,85],"card_choices":[{"not_picked":["Capacitor","Lockon"],"picked":"Defragment","floor":1.0},{"not_picked":["Hologram","Redo"],"picked":"FTL","floor":2.0},{"not_picked":["Aggregate","Turbo"],"picked":"Reinforced Body","floor":5.0},{"not_picked":["Streamline","Sunder"],"picked":"Heatsinks","floor":6.0},{"not_picked":["Gash","Streamline","Skim"],"picked":"Cold Snap","floor":10.0},{"not_picked":["Hologram","Scrape","Skim"],"picked":"Cold Snap","floor":13.0},{"not_picked":["Echo Form","Biased Cognition","Hyperbeam"],"picked":"Electrodynamics","floor":16.0},{"not_picked":["Darkness","Coolheaded","Go for the Eyes"],"picked":"Glacier","floor":18.0},{"not_picked":["Reinforced Body+1","Turbo","Beam Cell"],"picked":"White Noise","floor":22.0},{"not_picked":["Chaos","Turbo","Coolheaded"],"picked":"Self Repair","floor":28.0},{"not_picked":["Capacitor","Sweeping Beam","Reprogram"],"picked":"Defragment","floor":30.0},{"not_picked":["Rebound","Reprogram","Sweeping Beam"],"picked":"Defragment","floor":31.0},{"not_picked":["Multi-Cast","Core Surge","Creative AI"],"picked":"Buffer","floor":33.0},{"not_picked":["Sweeping Beam","Rebound+1","Ball Lightning+1"],"picked":"Chill","floor":35.0},{"not_picked":["Conserve Battery","Go for the Eyes","Hello World+1"],"picked":"FTL","floor":40.0},{"not_picked":["Double Energy","Auto Shields","Undo"],"picked":"Stack+1","floor":41.0},{"not_picked":["Barrage","Biased Cognition","Steam","Coolheaded+1"],"picked":"SKIP","floor":44.0},{"not_picked":["Redo","Coolheaded","Tempest","Rebound"],"picked":"SKIP","floor":46.0},{"not_picked":["Cold Snap","Stack","Steam+1"],"picked":"White Noise","floor":48.0}],"player_experience":1087272,"relics_obtained":[{"floor":6.0,"key":"Question Card"},{"floor":9.0,"key":"War Paint"},{"floor":26.0,"key":"Vajra"},{"floor":43.0,"key":"Bag of Marbles"}],"event_choices":[{"damage_healed":17.0,"max_hp_gain":0.0,"max_hp_loss":0.0,"gold_gain":0.0,"event_name":"The Cleric","player_choice":"Healed","floor":3.0,"gold_loss":35.0,"damage_taken":0.0},{"damage_healed":0.0,"max_hp_gain":0.0,"max_hp_loss":0.0,"gold_gain":0.0,"event_name":"WeMeetAgain","player_choice":"Paid Gold","floor":4.0,"gold_loss":55.0,"damage_taken":0.0,"relics_obtained":["Ornamental Fan"]},{"damage_healed":0.0,"max_hp_gain":0.0,"max_hp_loss":0.0,"gold_gain":0.0,"cards_transformed":["Strike_B"],"event_name":"Living Wall","player_choice":"Change","floor":11.0,"gold_loss":0.0,"damage_taken":0.0,"cards_obtained":["Biased Cognition"]},{"damage_healed":0.0,"max_hp_gain":0.0,"max_hp_loss":0.0,"gold_gain":0.0,"event_name":"Scrap Ooze","player_choice":"Success","floor":14.0,"gold_loss":0.0,"damage_taken":5.0,"relics_obtained":["Unceasing Top"]},{"damage_healed":0.0,"max_hp_gain":0.0,"max_hp_loss":0.0,"gold_gain":0.0,"event_name":"The Mausoleum","player_choice":"Opened","floor":20.0,"gold_loss":0.0,"damage_taken":0.0,"relics_obtained":["Mango"],"cards_obtained":["Writhe"]},{"damage_healed":17.0,"max_hp_gain":0.0,"max_hp_loss":0.0,"gold_gain":0.0,"event_name":"The Library","player_choice":"Heal","floor":21.0,"gold_loss":0.0,"damage_taken":0.0},{"damage_healed":0.0,"max_hp_gain":0.0,"max_hp_loss":0.0,"gold_gain":0.0,"event_name":"Match and Keep!","player_choice":"0 cards matched","floor":27.0,"gold_loss":0.0,"damage_taken":0.0,"cards_obtained":[]},{"damage_healed":0.0,"max_hp_gain":0.0,"max_hp_loss":0.0,"gold_gain":0.0,"event_name":"Duplicator","player_choice":"Copied","floor":36.0,"gold_loss":0.0,"damage_taken":0.0,"cards_obtained":["Glacier"]},{"damage_healed":0.0,"max_hp_gain":0.0,"max_hp_loss":0.0,"gold_gain":0.0,"event_name":"Tomb of Lord Red Mask","player_choice":"Paid","floor":39.0,"gold_loss":2.0,"damage_taken":0.0,"relics_obtained":["Red Mask"]},{"damage_healed":0.0,"max_hp_gain":0.0,"max_hp_loss":0.0,"gold_gain":0.0,"event_name":"Mysterious Sphere","player_choice":"Ignored","floor":47.0,"gold_loss":0.0,"damage_taken":0.0}],"is_beta":true,"boss_relics":[{"not_picked":["Calling Bell","Tiny House"],"picked":"Coffee Dripper"},{"not_picked":["Eternal Feather","Snecko Eye"],"picked":"Empty Cage"}],"items_purged_floors":[8],"is_endless":false,"potions_floor_spawned":[1,5,16,28,33,40,44],"killed_by":"Awakened One","ascension_level":20}