{"gold_per_floor":[119,194,194,174,184,184,195,195,244,53,68,85,85,105,105,105],"floor_reached":16,"playtime":386,"items_purged":[],"score":179,"play_id":"84dfe507-8a79-42a0-8bcf-31dc6a880e63","local_time":"20190304143145","is_ascension_mode":true,"campfire_choices":[{"data":"Iron Wave","floor":6.0,"key":"SMITH"},{"data":"Rampage","floor":8.0,"key":"SMITH"},{"data":"Feel No Pain","floor":13.0,"key":"SMITH"},{"floor":15.0,"key":"REST"}],"neow_cost":"PERCENT_DAMAGE","seed_source_timestamp":12477483301375,"circlet_count":0,"master_deck":["AscendersBane","Strike_R","Strike_R","Strike_R","Strike_R","Defend_R","Defend_R","Defend_R","Defend_R","Bash","Feel No Pain+1","Perfected Strike","Iron Wave+1","Rampage+1","Cleave","Iron Wave","Flex","Disarm"],"special_seed":0,"relics":["Burning Blood","Bird Faced Urn","PreservedInsect","Art of War"],"potions_floor_usage":[16,16],"damage_taken":[{"damage":8.0,"enemies":"2 Louse","floor":1.0,"turns":2.0},{"damage":6.0,"enemies":"Small Slimes","floor":5.0,"turns":4.0},{"damage":1.0,"enemies":"Cultist","floor":7.0,"turns":4.0},{"damage":9.0,"enemies":"2 Fungi Beasts","floor":11.0,"turns":3.0},{"damage":9.0,"enemies":"Blue Slaver","floor":12.0,"turns":4.0},{"damage":5.0,"enemies":"Looter","floor":14.0,"turns":3.0},{"damage":66,"enemies":"Slime Boss","floor":16,"turns":9}],"seed_played":"-4982641104940808914","potions_obtained":[{"floor":1.0,"key":"Ancient Potion"},{"floor":4.0,"key":"SneckoOil"},{"floor":11.0,"key":"Poison Potion"},{"floor":12.0,"key":"FearPotion"}],"is_trial":false,"path_per_floor":["M","?","?","?","M","R","M","R","T","$","M","M","R","M","R","B"],"character_chosen":"IRONCLAD","items_purchased":["Art of War","Cleave"],"campfire_rested":1,"item_purchase_floors":[10,10],"current_hp_per_floor":[48,37,37,37,39,39,46,46,46,46,43,40,40,41,63,0],"gold":105,"neow_bonus":"ONE_RARE_RELIC","is_prod":false,"is_daily":false,"chose_seed":false,"campfire_upgraded":3,"win_rate":0,"timestamp":1551727905,"path_taken":["M","?","?","?","M","R","M","R","T","$","?","M","R","M","R","BOSS"],"build_version":"2019-02-06","purchased_purges":0,"victory":false,"max_hp_per_floor":[75,75,75,75,75,75,75,75,75,75,75,75,75,75,75,75],"card_choices":[{"not_picked":["Ghostly Armor","Pummel"],"picked":"Feel No Pain","floor":1.0},{"not_picked":["Anger","Thunderclap"],"picked":"Iron Wave","floor":5.0},{"not_picked":["Sword Boomerang","Armaments"],"picked":"Rampage","floor":7.0},{"not_picked":["Anger","Power Through"],"picked":"Iron Wave","floor":11.0},{"not_picked":["Wild Strike","Clash"],"picked":"Flex","floor":12.0},{"not_picked":["Thunderclap","Headbutt"],"picked":"Disarm","floor":14.0}],"player_experience":1029195,"relics_obtained":[{"floor":9.0,"key":"PreservedInsect"}],"event_choices":[{"damage_healed":0.0,"max_hp_gain":0.0,"max_hp_loss":0.0,"gold_gain":75.0,"event_name":"World of Goop","player_choice":"Gather Gold","floor":2.0,"gold_loss":0.0,"damage_taken":11.0},{"damage_healed":0.0,"max_hp_gain":0.0,"max_hp_loss":0.0,"gold_gain":0.0,"cards_transformed":["Strike_R"],"event_name":"Living Wall","player_choice":"Change","floor":3.0,"gold_loss":0.0,"damage_taken":0.0,"cards_obtained":["Perfected Strike"]},{"damage_healed":0.0,"max_hp_gain":0.0,"max_hp_loss":0.0,"gold_gain":0.0,"event_name":"The Woman in Blue","player_choice":"Bought 1 Potion","floor":4.0,"gold_loss":0.0,"damage_taken":0.0}],"is_beta":true,"boss_relics":[],"items_purged_floors":[],"is_endless":false,"potions_floor_spawned":[1,11,12],"killed_by":"Slime Boss","ascension_level":19}