{"gold_per_floor":[121,143,171,197,209,221,252,264,299,322,24,41,61,61,61,61],"floor_reached":16,"playtime":590,"items_purged":[],"score":178,"play_id":"3104c914-2d66-43f8-985d-460ded8f04e2","local_time":"20190213152741","is_ascension_mode":true,"campfire_choices":[{"data":"Bash","floor":6,"key":"SMITH"},{"data":"Spot Weakness","floor":8,"key":"SMITH"},{"data":"Limit Break","floor":15,"key":"SMITH"}],"neow_cost":"NONE","seed_source_timestamp":1302178459454536,"circlet_count":0,"master_deck":["AscendersBane","Strike_R","Strike_R","Strike_R","Strike_R","Strike_R","Defend_R","Defend_R","Defend_R","Defend_R","Bash+1","Iron Wave","Hemokinesis+1","Ghostly Armor","Spot Weakness+1","Iron Wave","Armaments","Limit Break+1","Berserk","Flex"],"relics":["Burning Blood","MawBank","PreservedInsect","Membership Card","Bronze Scales"],"potions_floor_usage":[13,16],"damage_taken":[{"damage":5,"enemies":"Small Slimes","floor":1,"turns":4},{"damage":1,"enemies":"Cultist","floor":2,"turns":3},{"damage":9,"enemies":"Jaw Worm","floor":3,"turns":5},{"damage":22,"enemies":"Large Slime","floor":4,"turns":9},{"damage":10,"enemies":"Blue Slaver","floor":7,"turns":2},{"damage":3,"enemies":"Looter","floor":10,"turns":3},{"damage":25,"enemies":"Red Slaver","floor":12,"turns":4},{"damage":17,"enemies":"Gremlin Gang","floor":13,"turns":5},{"damage":26,"enemies":"The Guardian","floor":16,"turns":7}],"seed_played":"-5539238861203456011","potions_obtained":[{"floor":3,"key":"LiquidBronze"},{"floor":4,"key":"Poison Potion"}],"is_trial":false,"path_per_floor":["M","M","M","M","?","R","M","R","T","M","$","M","M","T","R","B"],"character_chosen":"IRONCLAD","items_purchased":["Membership Card","Limit Break"],"campfire_rested":0,"item_purchase_floors":[11,11],"current_hp_per_floor":[69,74,71,55,55,55,51,51,51,54,54,35,24,24,24,0],"gold":61,"neow_bonus":"RANDOM_COMMON_RELIC","is_prod":false,"is_daily":false,"chose_seed":false,"campfire_upgraded":3,"win_rate":0,"timestamp":1550089661,"path_taken":["M","M","M","M","?","R","M","R","T","M","?","M","M","?","R","BOSS"],"build_version":"2019-02-06","purchased_purges":0,"victory":false,"max_hp_per_floor":[75,75,75,75,75,75,75,75,75,75,75,75,75,75,75,75],"card_choices":[{"not_picked":["Wild Strike","Twin Strike"],"picked":"Iron Wave","floor":1},{"not_picked":["Sword Boomerang","Havoc"],"picked":"Hemokinesis","floor":2},{"not_picked":["Twin Strike","Perfected Strike"],"picked":"Ghostly Armor","floor":3},{"not_picked":["Twin Strike","Reckless Charge"],"picked":"Spot Weakness","floor":4},{"not_picked":["Headbutt","Combust"],"picked":"Iron Wave","floor":7},{"not_picked":["Havoc","Ghostly Armor"],"picked":"Armaments","floor":10},{"not_picked":["Perfected Strike","Sword Boomerang"],"picked":"Berserk","floor":12},{"not_picked":["Sword Boomerang","Bloodletting"],"picked":"Flex","floor":13}],"player_experience":951860,"relics_obtained":[{"floor":9,"key":"PreservedInsect"},{"floor":14,"key":"Bronze Scales"}],"event_choices":[{"damage_healed":0,"gold_gain":0,"player_choice":"Forge","damage_taken":0,"max_hp_gain":0,"max_hp_loss":0,"event_name":"Accursed Blacksmith","floor":5,"gold_loss":0,"cards_upgraded":["Hemokinesis"]}],"is_beta":true,"boss_relics":[],"items_purged_floors":[],"is_endless":false,"potions_floor_spawned":[3,4,10,12],"killed_by":"The Guardian","ascension_level":17}