{"gold_per_floor":[12,23,36,46,1,1,31,31,55,68,95,20,39,39,39,39],"floor_reached":16,"playtime":1070,"items_purged":["Strike_R"],"score":134,"play_id":"c7cb16f4-eb84-44b6-95a1-f046246987b2","local_time":"20190720161326","is_ascension_mode":true,"campfire_choices":[{"data":"Body Slam","floor":6,"key":"SMITH"},{"data":"Bash","floor":8,"key":"SMITH"},{"floor":15,"key":"REST"}],"neow_cost":"NO_GOLD","seed_source_timestamp":743645022043900,"circlet_count":0,"master_deck":["Strike_R+1","Strike_R+1","Defend_R","Defend_R","Defend_R","Bash+1","Shrug It Off","Body Slam+1","Shrug It Off","True Grit","Sentinel"],"relics":["Burning Blood","Potion Belt","Whetstone","Oddly Smooth Stone"],"potions_floor_usage":[7,16],"damage_taken":[{"damage":0,"enemies":"Small Slimes","floor":1,"turns":3},{"damage":6,"enemies":"Cultist","floor":2,"turns":3},{"damage":4,"enemies":"Jaw Worm","floor":3,"turns":3},{"damage":10,"enemies":"Large Slime","floor":4,"turns":7},{"damage":58,"enemies":"3 Sentries","floor":7,"turns":11},{"damage":14,"enemies":"Red Slaver","floor":10,"turns":2},{"damage":15,"enemies":"Lagavulin","floor":11,"turns":7},{"damage":11,"enemies":"Exordium Thugs","floor":13,"turns":7},{"damage":25,"enemies":"Slime Boss","floor":16,"turns":7}],"seed_played":"-7294250271762345966","potions_obtained":[{"floor":1,"key":"Regen Potion"},{"floor":10,"key":"Ancient Potion"},{"floor":13,"key":"LiquidBronze"}],"is_trial":false,"path_per_floor":["M","M","M","M","$","R","E","R","T","M","E","$","M","?","R","B"],"character_chosen":"IRONCLAD","items_purchased":["Body Slam"],"campfire_rested":1,"item_purchase_floors":[5],"current_hp_per_floor":[80,80,80,76,76,76,39,39,39,31,22,22,17,17,41,16],"gold":39,"neow_bonus":"REMOVE_TWO","is_prod":false,"is_daily":false,"chose_seed":false,"campfire_upgraded":2,"win_rate":0,"timestamp":1563653606,"path_taken":["M","M","M","M","$","R","E","R","T","M","E","$","M","?","R","BOSS"],"build_version":"2019-07-17","purchased_purges":1,"victory":false,"max_hp_per_floor":[80,80,80,80,80,80,80,80,80,80,80,80,80,80,80,80],"card_choices":[{"not_picked":["Seeing Red","Clothesline","Warcry"],"picked":"SKIP","floor":1},{"not_picked":["Thunderclap","Seeing Red"],"picked":"Shrug It Off","floor":2},{"not_picked":["Blood for Blood","Second Wind","Iron Wave"],"picked":"SKIP","floor":3},{"not_picked":["Thunderclap","Perfected Strike","Clothesline"],"picked":"SKIP","floor":4},{"not_picked":["Sever Soul","Sentinel"],"picked":"Shrug It Off","floor":7},{"not_picked":["Sword Boomerang","Bloodletting"],"picked":"True Grit","floor":10},{"not_picked":["True Grit","Power Through"],"picked":"Sentinel","floor":11},{"not_picked":["Combust","True Grit","Dropkick"],"picked":"SKIP","floor":13}],"player_experience":782604,"relics_obtained":[{"floor":7,"key":"Potion Belt"},{"floor":9,"key":"Whetstone"},{"floor":11,"key":"Oddly Smooth Stone"}],"event_choices":[{"cards_removed":["Strike_R"],"damage_healed":0,"gold_gain":0,"player_choice":"Purged","damage_taken":0,"max_hp_gain":0,"max_hp_loss":0,"event_name":"Purifier","floor":14,"gold_loss":0}],"is_beta":false,"boss_relics":[],"items_purged_floors":[12],"is_endless":false,"potions_floor_spawned":[1,10,13],"killed_by":"Slime Boss","ascension_level":4}