{"gold_per_floor":[99,99,99,99,99,99,99,99,99,99,54,54,54,54,54,54,54,54,54,28,28,28,28,28,28,28,28,28,28,28],"floor_reached":30,"playtime":1541,"items_purged":[],"score":260,"play_id":"c6591e44-c8f3-4104-b4d5-d0c9bc8f9a3d","local_time":"20190523225632","is_ascension_mode":true,"campfire_choices":[{"floor":6,"key":"RECALL"},{"floor":8,"key":"REST"},{"data":"Catalyst","floor":15,"key":"SMITH"},{"floor":23,"key":"REST"},{"floor":28,"key":"REST"}],"neow_cost":"NONE","seed_source_timestamp":340347694679,"circlet_count":0,"master_deck":["Defend_G","Defend_G","Defend_G","Defend_G","Defend_G","Strike_G","Strike_G","Strike_G","Strike_G","Strike_G","Survivor","Neutralize","Catalyst+1","Outmaneuver","Injury","Noxious Fumes+1","Deflect","Dash","Bouncing Flask","Dash","Bullet Time","Deflect+1","PiercingWail","Poisoned Stab","PiercingWail","Well Laid Plans"],"relics":["Ectoplasm","Bloody Idol","Incense Burner","WristBlade","MutagenicStrength","Tiny Chest","Gremlin Horn"],"potions_floor_usage":[7,11,18,18,22,25,27,27],"damage_taken":[{"damage":5,"enemies":"Small Slimes","floor":1,"turns":4},{"damage":2,"enemies":"Jaw Worm","floor":3,"turns":4},{"damage":1,"enemies":"2 Louse","floor":5,"turns":3},{"damage":39,"enemies":"3 Sentries","floor":7,"turns":9},{"damage":7,"enemies":"Looter","floor":11,"turns":5},{"damage":0,"enemies":"Exordium Wildlife","floor":13,"turns":5},{"damage":2,"enemies":"Blue Slaver","floor":14,"turns":4},{"damage":10,"enemies":"Hexaghost","floor":16,"turns":8},{"damage":6,"enemies":"3 Byrds","floor":18,"turns":4},{"damage":27,"enemies":"Spheric Guardian","floor":22,"turns":7},{"damage":39,"enemies":"Book of Stabbing","floor":25,"turns":7},{"damage":19,"enemies":"3 Cultists","floor":27,"turns":6},{"damage":51,"enemies":"Slavers","floor":30,"turns":4}],"seed_played":"3919369681641660256","potions_obtained":[{"floor":1,"key":"Explosive Potion"},{"floor":3,"key":"AttackPotion"},{"floor":5,"key":"LiquidBronze"},{"floor":14,"key":"Energy Potion"},{"floor":16,"key":"AttackPotion"},{"floor":18,"key":"SkillPotion"},{"floor":22,"key":"Swift Potion"},{"floor":25,"key":"Regen Potion"}],"is_trial":false,"path_per_floor":["M","?","M","?","M","R","E","R","T","?","M","?","M","M","R","B",null,"M","?","$","?","M","R","?","E","T","M","R","?","E"],"character_chosen":"THE_SILENT","items_purchased":["PiercingWail"],"campfire_rested":3,"item_purchase_floors":[20],"current_hp_per_floor":[65,65,63,63,62,62,23,44,44,49,42,42,42,40,40,30,75,69,69,69,69,42,64,64,25,25,21,43,43,0],"gold":28,"neow_bonus":"BOSS_RELIC","is_prod":false,"is_daily":false,"chose_seed":false,"campfire_upgraded":1,"win_rate":0,"timestamp":1558666592,"path_taken":["M","?","M","?","M","R","E","R","T","?","M","?","M","?","R","BOSS","M","?","$","?","M","R","?","E","T","?","R","?","E"],"build_version":"2019-01-23","purchased_purges":0,"victory":false,"max_hp_per_floor":[70,70,70,70,70,70,70,70,70,75,75,75,75,75,75,75,75,75,75,75,75,75,75,75,75,75,75,75,75,75],"card_choices":[{"not_picked":["Calculated Gamble","Well Laid Plans"],"picked":"Catalyst","floor":1},{"not_picked":["Dodge and Roll","Underhanded Strike"],"picked":"Outmaneuver","floor":3},{"not_picked":["Sucker Punch","Deflect"],"picked":"Noxious Fumes","floor":5},{"not_picked":["Accuracy","Distraction"],"picked":"Deflect","floor":7},{"not_picked":["Slice","Riddle With Holes"],"picked":"Dash","floor":11},{"not_picked":["Finisher","PiercingWail"],"picked":"Bouncing Flask","floor":13},{"not_picked":["Well Laid Plans","Outmaneuver"],"picked":"Dash","floor":14},{"not_picked":["After Image","Wraith Form v2"],"picked":"Bullet Time","floor":16},{"not_picked":["Backflip","Dagger Spray"],"picked":"Deflect+1","floor":18},{"not_picked":["Reflex","Accuracy"],"picked":"Poisoned Stab","floor":22},{"not_picked":["Accuracy","Night Terror"],"picked":"PiercingWail","floor":25},{"not_picked":["PiercingWail","Outmaneuver"],"picked":"Well Laid Plans","floor":27}],"player_experience":364522,"relics_obtained":[{"floor":7,"key":"Incense Burner"},{"floor":25,"key":"Tiny Chest"},{"floor":26,"key":"Gremlin Horn"}],"event_choices":[{"damage_healed":0,"gold_gain":0,"player_choice":"Leave","damage_taken":0,"max_hp_gain":0,"max_hp_loss":0,"event_name":"The Cleric","floor":2,"gold_loss":0},{"damage_healed":0,"gold_gain":0,"player_choice":"Take Wound","damage_taken":0,"relics_obtained":["Golden Idol"],"max_hp_gain":0,"max_hp_loss":0,"event_name":"Golden Idol","floor":4,"gold_loss":0,"cards_obtained":["Injury"]},{"damage_healed":0,"gold_gain":0,"player_choice":"Donut","damage_taken":0,"max_hp_gain":5,"max_hp_loss":0,"event_name":"Big Fish","floor":10,"gold_loss":0},{"damage_healed":0,"gold_gain":0,"player_choice":"Grow","damage_taken":0,"max_hp_gain":0,"max_hp_loss":0,"event_name":"Living Wall","floor":12,"gold_loss":0,"cards_upgraded":["Noxious Fumes"]},{"damage_healed":0,"gold_gain":0,"player_choice":"Inject Mutagens","damage_taken":0,"relics_obtained":["MutagenicStrength"],"max_hp_gain":0,"max_hp_loss":0,"event_name":"Drug Dealer","floor":19,"gold_loss":0},{"damage_healed":0,"gold_gain":0,"player_choice":"Gave Idol","damage_taken":0,"relics_obtained":["Bloody Idol"],"max_hp_gain":0,"max_hp_loss":0,"event_name":"Forgotten Altar","floor":21,"relics_lost":["Golden Idol"],"gold_loss":0},{"damage_healed":0,"gold_gain":0,"player_choice":"Ignored","damage_taken":0,"max_hp_gain":0,"max_hp_loss":0,"event_name":"The Mausoleum","floor":24,"gold_loss":0},{"damage_healed":0,"gold_gain":0,"player_choice":"Ignored","damage_taken":0,"max_hp_gain":0,"max_hp_loss":0,"event_name":"Ghosts","floor":29,"gold_loss":0}],"is_beta":false,"boss_relics":[{"not_picked":["Runic Dome","Snecko Eye"],"picked":"WristBlade"}],"items_purged_floors":[],"is_endless":false,"potions_floor_spawned":[1,3,5,14,16,18,22,25],"killed_by":"Slavers","ascension_level":1}