{"gold_per_floor":[113,288,300,300,319,319,333,333,358,358,376,112,130,144,144,246,246,265,137,150,167,197,197,197],"floor_reached":24,"playtime":1730,"items_purged":["Strike_B","Strike_B"],"score":189,"play_id":"3ddec910-33c4-4e29-a52d-566a20cebfe1","local_time":"20181110144711","is_ascension_mode":false,"campfire_choices":[{"data":"Loop","floor":6,"key":"SMITH"},{"data":"Glacier","floor":8,"key":"SMITH"},{"data":"Loop","floor":15,"key":"SMITH"},{"floor":23,"key":"REST"}],"neow_cost":"NONE","seed_source_timestamp":250780365524102,"circlet_count":0,"master_deck":["Strike_B","Strike_B","Defend_B","Defend_B","Defend_B","Defend_B","Zap","Dualcast","Glacier+1","Loop+1","Static Discharge","Loop+1","Coolheaded","Echo Form","Conserve Battery","Amplify","White Noise","Seek"],"relics":["Cracked Core","Smiling Mask","DataDisk","Lantern","Spirit Poop","Pen Nib","Orrery","Red Mask"],"potions_floor_usage":[16,22,24,24,24],"damage_taken":[{"damage":1,"enemies":"Jaw Worm","floor":1,"turns":4},{"damage":0,"enemies":"Cultist","floor":3,"turns":3},{"damage":5,"enemies":"Small Slimes","floor":5,"turns":3},{"damage":12,"enemies":"Gremlin Gang","floor":7,"turns":6},{"damage":2,"enemies":"Blue Slaver","floor":11,"turns":3},{"damage":1,"enemies":"3 Louse","floor":13,"turns":3},{"damage":0,"enemies":"Exordium Thugs","floor":14,"turns":4},{"damage":23,"enemies":"Hexaghost","floor":16,"turns":10},{"damage":11,"enemies":"Spheric Guardian","floor":18,"turns":6},{"damage":3,"enemies":"Shell Parasite","floor":20,"turns":8},{"damage":9,"enemies":"Snake Plant","floor":21,"turns":10},{"damage":41,"enemies":"Masked Bandits","floor":22,"turns":5},{"damage":42,"enemies":"Slavers","floor":24,"turns":3}],"seed_played":"-200784108208814683","potions_obtained":[{"floor":1,"key":"FocusPotion"},{"floor":5,"key":"Weak Potion"},{"floor":7,"key":"Swift Potion"},{"floor":21,"key":"GamblersBrew"},{"floor":22,"key":"GamblersBrew"}],"is_trial":false,"path_per_floor":["M","?","M","?","M","R","M","R","T","?","M","$","M","M","R","B",null,"M","$","M","M","?","R","E"],"character_chosen":"DEFECT","items_purchased":["Loop","Pen Nib","Amplify"],"campfire_rested":1,"item_purchase_floors":[12,12,19],"current_hp_per_floor":[74,74,74,74,69,69,57,57,57,57,55,55,54,54,54,31,75,64,64,61,52,11,33,0],"gold":197,"neow_bonus":"RANDOM_COMMON_RELIC","is_prod":false,"is_daily":false,"chose_seed":false,"campfire_upgraded":3,"win_rate":0,"timestamp":1541879231,"path_taken":["M","?","M","?","?","R","M","R","T","?","M","$","M","M","R","BOSS","M","$","?","M","?","R","E"],"build_version":"2018-11-08","purchased_purges":2,"victory":false,"max_hp_per_floor":[75,75,75,75,75,75,75,75,75,75,75,75,75,75,75,75,75,75,75,75,75,75,75,75],"card_choices":[{"not_picked":["Auto Shields","Doom and Gloom"],"picked":"Glacier","floor":1},{"not_picked":["Conserve Battery","Redo"],"picked":"Loop","floor":3},{"not_picked":["Darkness","Turbo","Reinforced Body"],"picked":"SKIP","floor":5},{"not_picked":["Aggregate","Redo"],"picked":"Static Discharge","floor":7},{"not_picked":["Storm","Barrage","Sunder"],"picked":"SKIP","floor":11},{"not_picked":["Leap","Reprogram"],"picked":"Coolheaded","floor":13},{"not_picked":["Meteor Strike","Cold Snap","Compile Driver"],"picked":"SKIP","floor":14},{"not_picked":["Buffer","Thunder Strike"],"picked":"Echo Form","floor":16},{"not_picked":["Genetic Algorithm","Hologram"],"picked":"Conserve Battery","floor":17},{"not_picked":["Beam Cell","Fusion+1","Hologram+1"],"picked":"SKIP","floor":18},{"not_picked":["Leap","Steam Power","Stack+1"],"picked":"SKIP","floor":20},{"not_picked":["Cold Snap","Steam Power+1"],"picked":"White Noise","floor":21},{"not_picked":["Turbo","Ball Lightning"],"picked":"Seek","floor":22}],"player_experience":324718,"relics_obtained":[{"floor":4,"key":"DataDisk"},{"floor":9,"key":"Lantern"},{"floor":22,"key":"Red Mask"}],"event_choices":[{"damage_healed":0,"gold_gain":175,"player_choice":"AGREE","damage_taken":0,"max_hp_gain":0,"max_hp_loss":0,"event_name":"Liars Game","floor":2,"gold_loss":0,"cards_obtained":["Doubt"]},{"damage_healed":0,"gold_gain":0,"player_choice":"Relic","damage_taken":0,"max_hp_gain":0,"max_hp_loss":0,"event_name":"Wheel of Change","floor":4,"gold_loss":0},{"cards_removed":["Doubt"],"damage_healed":0,"gold_gain":0,"player_choice":"Offered Curse","damage_taken":0,"relics_obtained":["Spirit Poop"],"max_hp_gain":0,"max_hp_loss":0,"event_name":"Bonfire Elementals","floor":10,"gold_loss":0},{"damage_healed":0,"gold_gain":0,"player_choice":"Fought Bandits","damage_taken":0,"max_hp_gain":0,"max_hp_loss":0,"event_name":"Masked Bandits","floor":22,"gold_loss":0}],"is_beta":true,"boss_relics":[{"not_picked":["Busted Crown","Calling Bell"],"picked":"Orrery"}],"items_purged_floors":[12,19],"is_endless":false,"potions_floor_spawned":[1,5,7,21,22],"killed_by":"Slavers","ascension_level":0}