{"gold_per_floor":[216,228,228,228,32,73,73,89,115,115,115,184,209,242,242,365,365,384,163,179,198,268,307,319,331],"floor_reached":25,"playtime":2395,"items_purged":["Strike_R"],"score":237,"play_id":"5528962a-e819-406d-a8ab-2336e5e29ca4","local_time":"20190623211138","is_ascension_mode":false,"campfire_choices":[{"data":"Reaper","floor":7,"key":"SMITH"},{"data":"Flex","floor":10,"key":"SMITH"},{"data":"Searing Blow","floor":15,"key":"SMITH"},{"data":"Searing Blow+1","floor":24,"key":"SMITH"}],"neow_cost":"NONE","seed_source_timestamp":153248815736775,"circlet_count":0,"master_deck":["Strike_R","Strike_R","Strike_R","Strike_R","Defend_R+1","Defend_R","Defend_R","Defend_R","Bash","Headbutt","Flame Barrier+1","Flex+1","Reaper+1","Headbutt","Searing Blow+2","Demon Form","Reaper","Flex","Entrench+1","Disarm+1"],"relics":["Black Blood","Golden Idol","Anchor","Smiling Mask","Pen Nib","Tiny Chest","War Paint","Gremlin Horn","Orichalcum","Toxic Egg 2","MawBank"],"potions_floor_usage":[6,12,16,21,23,23],"damage_taken":[{"damage":2,"enemies":"2 Louse","floor":1,"turns":3},{"damage":4,"enemies":"Small Slimes","floor":2,"turns":4},{"damage":31,"enemies":"Lagavulin","floor":6,"turns":7},{"damage":1,"enemies":"Cultist","floor":8,"turns":3},{"damage":25,"enemies":"Gremlin Nob","floor":12,"turns":5},{"damage":16,"enemies":"3 Sentries","floor":14,"turns":8},{"damage":19,"enemies":"Slime Boss","floor":16,"turns":7},{"damage":22,"enemies":"Shell Parasite","floor":18,"turns":6},{"damage":10,"enemies":"Chosen","floor":20,"turns":6},{"damage":0,"enemies":"Snake Plant","floor":21,"turns":2},{"damage":98,"enemies":"Book of Stabbing","floor":23,"turns":9},{"damage":65,"enemies":"Slavers","floor":25,"turns":6}],"seed_played":"-1295526990292458402","potions_obtained":[{"floor":4,"key":"Ancient Potion"},{"floor":4,"key":"Weak Potion"},{"floor":4,"key":"AttackPotion"},{"floor":6,"key":"Swift Potion"},{"floor":14,"key":"Fire Potion"},{"floor":20,"key":"Energy Potion"},{"floor":21,"key":"SpeedPotion"}],"is_trial":false,"path_per_floor":["M","M","?","?","$","E","R","M","T","R","?","E","T","E","R","B",null,"M","$","M","M","T","E","R","E"],"character_chosen":"IRONCLAD","items_purchased":["Flex","Anchor","Flex","Orichalcum"],"campfire_rested":0,"item_purchase_floors":[5,5,19,19],"current_hp_per_floor":[80,80,60,60,60,35,35,40,40,40,45,31,31,36,36,28,85,73,73,77,85,85,20,20,0],"gold":331,"neow_bonus":"HUNDRED_GOLD","is_prod":false,"is_daily":false,"chose_seed":false,"campfire_upgraded":4,"win_rate":0,"timestamp":1561342298,"path_taken":["M","M","?","?","$","E","R","?","T","R","?","E","?","E","R","BOSS","M","$","M","M","?","E","R","E"],"build_version":"2019-01-23","purchased_purges":1,"victory":false,"max_hp_per_floor":[80,80,80,80,80,80,80,80,80,80,85,85,85,85,85,85,85,85,85,85,85,85,85,85,85],"card_choices":[{"not_picked":["Iron Wave","Rage"],"picked":"Headbutt","floor":1},{"not_picked":["Shrug It Off","Bloodletting"],"picked":"Flame Barrier","floor":2},{"not_picked":["Sever Soul","Dropkick"],"picked":"Reaper","floor":6},{"not_picked":["Clash","True Grit"],"picked":"Headbutt","floor":8},{"not_picked":["Brutality","Twin Strike"],"picked":"Searing Blow","floor":12},{"not_picked":["Immolate","Entrench"],"picked":"Demon Form","floor":14},{"not_picked":["Fiend Fire","Brutality"],"picked":"Reaper","floor":16},{"not_picked":["Anger","Warcry","Twin Strike"],"picked":"SKIP","floor":18},{"not_picked":["Heavy Blade","Clothesline","Carnage"],"picked":"SKIP","floor":20},{"not_picked":["Hemokinesis","Cleave"],"picked":"Entrench+1","floor":21},{"not_picked":["Flex+1","Wild Strike"],"picked":"Disarm+1","floor":23}],"player_experience":81219,"relics_obtained":[{"floor":6,"key":"Smiling Mask"},{"floor":9,"key":"Pen Nib"},{"floor":12,"key":"Tiny Chest"},{"floor":13,"key":"War Paint"},{"floor":14,"key":"Gremlin Horn"},{"floor":22,"key":"Toxic Egg 2"},{"floor":23,"key":"MawBank"}],"event_choices":[{"damage_healed":0,"gold_gain":0,"player_choice":"Take Damage","damage_taken":20,"relics_obtained":["Golden Idol"],"max_hp_gain":0,"max_hp_loss":0,"event_name":"Golden Idol","floor":3,"gold_loss":0},{"damage_healed":0,"gold_gain":0,"player_choice":"Got Potions","damage_taken":0,"max_hp_gain":0,"max_hp_loss":0,"event_name":"Lab","floor":4,"gold_loss":0},{"damage_healed":0,"gold_gain":0,"player_choice":"Donut","damage_taken":0,"max_hp_gain":5,"max_hp_loss":0,"event_name":"Big Fish","floor":11,"gold_loss":0}],"is_beta":false,"boss_relics":[{"not_picked":["Runic Pyramid","Astrolabe"],"picked":"Black Blood"}],"items_purged_floors":[19],"is_endless":false,"potions_floor_spawned":[6,14,20,21],"killed_by":"Slavers","ascension_level":0}