{"gold_per_floor":[115,125,137,152,152,152,183,195,195,205,219,250,250,260,260,362,362,350,145,162,3,23,23,51,51,51,70,70,70,35,48,48,48],"floor_reached":33,"playtime":3212,"items_purged":["Strike_G"],"score":309,"play_id":"b4ce21d5-19ec-4c3e-87c6-de989b32e931","local_time":"20190726102730","is_ascension_mode":true,"campfire_choices":[{"data":"Bouncing Flask","floor":6,"key":"SMITH"},{"floor":13,"key":"REST"},{"data":"Die Die Die","floor":15,"key":"SMITH"},{"floor":23,"key":"REST"},{"data":"Dodge and Roll","floor":25,"key":"SMITH"},{"floor":29,"key":"REST"},{"floor":32,"key":"REST"}],"neow_cost":"NONE","seed_source_timestamp":427722366968449,"circlet_count":0,"master_deck":["Strike_G","Strike_G","Strike_G","Defend_G","Defend_G","Defend_G","Defend_G","Survivor","Neutralize","Bullet Time+1","Quick Slash","Bouncing Flask+1","Die Die Die+1","Acrobatics","Backflip","Bane","Finesse","Dodge and Roll+1","Noxious Fumes+1","Calculated Gamble"],"relics":["Ring of the Snake","Girya","Lantern","Potion Belt","Empty Cage","Bag of Marbles","Ornamental Fan"],"potions_floor_usage":[7,16,20,24,24,33,33],"damage_taken":[{"damage":0,"enemies":"2 Louse","floor":1,"turns":2},{"damage":0,"enemies":"Cultist","floor":2,"turns":4},{"damage":1,"enemies":"Jaw Worm","floor":3,"turns":4},{"damage":0,"enemies":"Exordium Wildlife","floor":4,"turns":4},{"damage":18,"enemies":"Lagavulin","floor":7,"turns":5},{"damage":0,"enemies":"3 Louse","floor":8,"turns":3},{"damage":4,"enemies":"Exordium Thugs","floor":10,"turns":3},{"damage":9,"enemies":"Blue Slaver","floor":11,"turns":3},{"damage":5,"enemies":"3 Sentries","floor":12,"turns":6},{"damage":0,"enemies":"Exordium Wildlife","floor":14,"turns":2},{"damage":35,"enemies":"The Guardian","floor":16,"turns":13},{"damage":6,"enemies":"2 Thieves","floor":18,"turns":4},{"damage":19,"enemies":"Chosen","floor":20,"turns":5},{"damage":1,"enemies":"3 Cultists","floor":22,"turns":3},{"damage":22,"enemies":"Gremlin Leader","floor":24,"turns":8},{"damage":17,"enemies":"Snake Plant","floor":27,"turns":3},{"damage":3,"enemies":"Snecko","floor":31,"turns":4},{"damage":61,"enemies":"Collector","floor":33,"turns":6}],"seed_played":"-1827106993531747796","potions_obtained":[{"floor":1,"key":"Poison Potion"},{"floor":7,"key":"FearPotion"},{"floor":8,"key":"Strength Potion"},{"floor":11,"key":"Ancient Potion"},{"floor":12,"key":"SteroidPotion"},{"floor":20,"key":"Fire Potion"},{"floor":31,"key":"Block Potion"}],"is_trial":false,"path_per_floor":["M","M","M","M","?","R","E","M","T","M","M","E","R","M","R","B",null,"M","$","M","$","M","R","E","R","T","M","?","R","$","M","R","B"],"character_chosen":"THE_SILENT","items_purchased":["Bag of Marbles","SkillPotion","Finesse","Calculated Gamble"],"campfire_rested":4,"item_purchase_floors":[19,19,21,30],"current_hp_per_floor":[70,70,69,69,69,69,51,51,51,47,38,33,54,54,54,19,70,64,64,45,45,44,65,43,43,43,26,13,35,35,32,54,0],"gold":48,"neow_bonus":"ONE_RANDOM_RARE_CARD","is_prod":false,"is_daily":false,"chose_seed":false,"campfire_upgraded":3,"win_rate":0,"timestamp":1564154850,"path_taken":["M","M","M","M","?","R","E","M","T","M","M","E","R","M","R","BOSS","M","$","M","?","M","R","E","R","T","M","?","R","$","M","R","BOSS"],"build_version":"2019-07-17","purchased_purges":1,"victory":false,"max_hp_per_floor":[70,70,70,70,70,70,70,70,70,70,70,70,70,70,70,70,70,70,70,70,70,70,70,70,70,70,70,75,75,75,75,75,75],"card_choices":[{"not_picked":["Skewer","Masterful Stab","Bane"],"picked":"SKIP","floor":1},{"not_picked":["Heel Hook","Infinite Blades"],"picked":"Quick Slash","floor":2},{"not_picked":["Dagger Spray","Skewer"],"picked":"Bouncing Flask","floor":3},{"not_picked":["Escape Plan","Reflex","Catalyst"],"picked":"SKIP","floor":4},{"not_picked":["Infinite Blades","Prepared"],"picked":"Die Die Die","floor":7},{"not_picked":["Backflip","Caltrops","Choke"],"picked":"SKIP","floor":8},{"not_picked":["Endless Agony","Dagger Throw","Deadly Poison"],"picked":"SKIP","floor":10},{"not_picked":["Dash","Finisher"],"picked":"Acrobatics","floor":11},{"not_picked":["Quick Slash","Blur"],"picked":"Backflip","floor":12},{"not_picked":["Eviscerate","Quick Slash","Expertise"],"picked":"SKIP","floor":14},{"not_picked":["Deflect","Outmaneuver","Terror"],"picked":"SKIP","floor":18},{"not_picked":["Quick Slash","Flechettes"],"picked":"Bane","floor":20},{"not_picked":["Dagger Throw+1","Grand Finale"],"picked":"Dodge and Roll","floor":22},{"not_picked":["Deadly Poison","Dagger Spray+1"],"picked":"Noxious Fumes+1","floor":24},{"not_picked":["Choke+1","Escape Plan","Blade Dance+1"],"picked":"SKIP","floor":27},{"not_picked":["Choke+1","Escape Plan","Blade Dance+1"],"picked":"SKIP","floor":27},{"not_picked":["Dash","Deflect","Prepared"],"picked":"SKIP","floor":31}],"player_experience":253660,"relics_obtained":[{"floor":7,"key":"Girya"},{"floor":9,"key":"Lantern"},{"floor":12,"key":"Potion Belt"},{"floor":24,"key":"Ornamental Fan"}],"event_choices":[{"damage_healed":0,"gold_gain":0,"player_choice":"Upgraded","damage_taken":0,"max_hp_gain":0,"max_hp_loss":0,"event_name":"Upgrade Shrine","floor":5,"gold_loss":0,"cards_upgraded":["Bullet Time"]},{"damage_healed":0,"gold_gain":0,"player_choice":"Shed Blood","damage_taken":18,"max_hp_gain":5,"max_hp_loss":0,"event_name":"Forgotten Altar","floor":28,"gold_loss":0}],"is_beta":false,"boss_relics":[{"not_picked":["Philosopher\u0027s Stone","Velvet Choker"],"picked":"Empty Cage"}],"items_purged_floors":[21],"is_endless":false,"potions_floor_spawned":[1,7,8,11,12,20,31],"killed_by":"Collector","ascension_level":2}