{"gold_per_floor":[117,135,153,169,94,94,110,121,145,166,166,198,198,209,209,314,314,330,347,72,102,102,102,140,192,192,192,192,192,192,192,192,315,365,404,404,404,424,424,476,386,405,478,478,478],"floor_reached":45,"playtime":4479,"items_purged":["Strike_R","Strike_R"],"score":536,"play_id":"cbb6cd60-ccb2-430a-879a-313e1ee19b0d","local_time":"20190712200953","is_ascension_mode":true,"campfire_choices":[{"data":"Iron Wave","floor":6,"key":"SMITH"},{"data":"Double Tap","floor":13,"key":"SMITH"},{"floor":15,"key":"REST"},{"data":"Pommel Strike","floor":23,"key":"SMITH"},{"floor":28,"key":"REST"},{"floor":32,"key":"REST"}],"neow_cost":"NONE","seed_source_timestamp":0,"circlet_count":0,"master_deck":["Defend_R","Defend_R","Bash","Iron Wave+1","Double Tap+1","Pommel Strike+1","Flame Barrier","Berserk","HandOfGreed","Bite+1","Bite","Bite","Bite","RitualDagger","Fiend Fire+1","Apotheosis"],"special_seed":0,"relics":["Burning Blood","Juzu Bracelet","Odd Mushroom","Turnip","Empty Cage","Bottled Flame","Shuriken","Tiny House","Self Forming Clay","Oddly Smooth Stone"],"potions_floor_usage":[4,25,25,25,42,45,45],"damage_taken":[{"damage":4.0,"enemies":"Cultist","floor":1.0,"turns":4.0},{"damage":7.0,"enemies":"2 Louse","floor":2.0,"turns":3.0},{"damage":3.0,"enemies":"Small Slimes","floor":3.0,"turns":3.0},{"damage":23,"enemies":"Exordium Wildlife","floor":4,"turns":8},{"damage":27,"enemies":"Gremlin Gang","floor":7,"turns":7},{"damage":5,"enemies":"Looter","floor":8,"turns":4},{"damage":21,"enemies":"The Mushroom Lair","floor":10,"turns":5},{"damage":19,"enemies":"3 Sentries","floor":12,"turns":11},{"damage":1,"enemies":"3 Louse","floor":14,"turns":5},{"damage":50,"enemies":"Slime Boss","floor":16,"turns":13},{"damage":27,"enemies":"Shell Parasite","floor":18,"turns":5},{"damage":5,"enemies":"Spheric Guardian","floor":19,"turns":5},{"damage":7,"enemies":"Cultist and Chosen","floor":21,"turns":8},{"damage":0,"enemies":"Centurion and Healer","floor":24,"turns":6},{"damage":52,"enemies":"Book of Stabbing","floor":25,"turns":9},{"damage":73,"enemies":"Champ","floor":33,"turns":13},{"damage":39,"enemies":"Orb Walker","floor":35,"turns":5},{"damage":91,"enemies":"3 Darklings","floor":38,"turns":23},{"damage":62,"enemies":"Nemesis","floor":40,"turns":11},{"damage":15,"enemies":"Transient","floor":42,"turns":5},{"damage":106,"enemies":"Giant Head","floor":45,"turns":9}],"seed_played":"1067590548492506328","potions_obtained":[{"floor":1.0,"key":"AttackPotion"},{"floor":2.0,"key":"Ancient Potion"},{"floor":8,"key":"Weak Potion"},{"floor":12,"key":"Swift Potion"},{"floor":16,"key":"AttackPotion"},{"floor":21,"key":"PowerPotion"},{"floor":25,"key":"Energy Potion"},{"floor":33,"key":"Block Potion"},{"floor":34,"key":"SpeedPotion"}],"is_trial":false,"path_per_floor":["M","M","M","M","$","R","M","M","T","?","?","E","R","M","R","B",null,"M","M","$","M","?","R","M","E","T","T","R","?","?","?","R","B",null,"M","?","$","M","T","E","?","M","T","$","E"],"character_chosen":"IRONCLAD","items_purchased":["HandOfGreed"],"campfire_rested":3,"item_purchase_floors":[20],"current_hp_per_floor":[88,87,88,71,71,71,50,51,51,36,65,52,52,57,83,39,88,67,68,68,67,50,50,56,10,10,10,37,37,37,31,58,28,98,70,60,60,98,98,65,65,69,69,69,0],"gold":478,"neow_bonus":"TEN_PERCENT_HP_BONUS","is_prod":false,"is_daily":false,"chose_seed":false,"campfire_upgraded":3,"win_rate":0,"timestamp":1562987393,"path_taken":["M","M","M","M","$","R","M","M","T","?","?","E","R","M","R","BOSS","M","M","$","M","?","R","M","E","T","?","R","?","?","?","R","BOSS","M","?","$","M","?","E","?","M","T","$","E"],"build_version":"2019-07-05","purchased_purges":2,"victory":false,"max_hp_per_floor":[88,88,88,88,88,88,88,88,88,88,88,88,88,88,88,88,88,88,88,88,88,93,93,93,93,93,93,93,93,93,93,93,93,98,98,98,98,98,98,98,98,98,98,98,98],"card_choices":[{"not_picked":["Blood for Blood","Hemokinesis","Searing Blow"],"picked":"SKIP","floor":1.0},{"not_picked":["Pommel Strike","Twin Strike"],"picked":"Iron Wave","floor":2.0},{"not_picked":["Cleave","Metallicize","Sword Boomerang"],"picked":"SKIP","floor":3.0},{"not_picked":["Cleave","Perfected Strike","Clash"],"picked":"SKIP","floor":4},{"not_picked":["Bloodletting","Anger"],"picked":"Double Tap","floor":7},{"not_picked":["Blood for Blood","Warcry"],"picked":"Pommel Strike","floor":8},{"not_picked":["True Grit","Reckless Charge","Uppercut"],"picked":"SKIP","floor":12},{"not_picked":["True Grit","Reckless Charge","Uppercut"],"picked":"SKIP","floor":12},{"not_picked":["Flex","Sword Boomerang"],"picked":"Flame Barrier","floor":14},{"not_picked":["Brutality","Reaper"],"picked":"Berserk","floor":16},{"not_picked":["Twin Strike","Heavy Blade+1","Spot Weakness"],"picked":"SKIP","floor":18},{"not_picked":["Power Through","Havoc","Shockwave"],"picked":"SKIP","floor":19},{"not_picked":["Flame Barrier","Intimidate","Cleave"],"picked":"SKIP","floor":21},{"not_picked":["Pummel","Clothesline","Headbutt"],"picked":"SKIP","floor":24},{"not_picked":["Barricade","Reckless Charge","Heavy Blade"],"picked":"SKIP","floor":25},{"not_picked":["Barricade","Feed"],"picked":"Fiend Fire","floor":33},{"not_picked":["Sword Boomerang","Feel No Pain","Carnage"],"picked":"SKIP","floor":35},{"not_picked":["Mind Blast","Sadistic Nature"],"picked":"Apotheosis","floor":36},{"not_picked":["True Grit+1","Anger+1","Shockwave+1"],"picked":"SKIP","floor":38},{"not_picked":["Headbutt+1","Clothesline","Rampage"],"picked":"SKIP","floor":40},{"not_picked":["Anger","True Grit","Clothesline+1"],"picked":"SKIP","floor":42}],"player_experience":130163,"relics_obtained":[{"floor":9,"key":"Juzu Bracelet"},{"floor":10,"key":"Odd Mushroom"},{"floor":12,"key":"Turnip"},{"floor":25,"key":"Blood Vial"},{"floor":26,"key":"Bottled Flame"},{"floor":27,"key":"Shuriken"},{"floor":39,"key":"Self Forming Clay"},{"floor":40,"key":"Oddly Smooth Stone"}],"event_choices":[{"damage_healed":0,"gold_gain":0,"player_choice":"Fought Mushrooms","damage_taken":0,"max_hp_gain":0,"max_hp_loss":0,"event_name":"Mushrooms","floor":10,"gold_loss":0},{"damage_healed":29,"gold_gain":0,"player_choice":"Banana","damage_taken":0,"max_hp_gain":0,"max_hp_loss":0,"event_name":"Big Fish","floor":11,"gold_loss":0},{"damage_healed":0,"gold_gain":0,"player_choice":"Shed Blood","damage_taken":22,"max_hp_gain":5,"max_hp_loss":0,"event_name":"Forgotten Altar","floor":22,"gold_loss":0},{"damage_healed":0,"gold_gain":0,"player_choice":"Became a vampire (Vial)","damage_taken":0,"max_hp_gain":0,"max_hp_loss":0,"event_name":"Vampires","floor":29,"relics_lost":["Blood Vial"],"gold_loss":0,"cards_obtained":["Bite","Bite","Bite","Bite","Bite"]},{"cards_removed":["Bite"],"damage_healed":0,"gold_gain":0,"player_choice":"Elegance","damage_taken":0,"max_hp_gain":0,"max_hp_loss":0,"event_name":"Back to Basics","floor":30,"gold_loss":0},{"damage_healed":0,"gold_gain":0,"player_choice":"Joined the Cult","damage_taken":6,"max_hp_gain":0,"max_hp_loss":0,"event_name":"Nest","floor":31,"gold_loss":0,"cards_obtained":["RitualDagger"]},{"damage_healed":0,"gold_gain":0,"player_choice":"Memory 3","damage_taken":10,"max_hp_gain":0,"max_hp_loss":0,"event_name":"SensoryStone","floor":36,"gold_loss":0},{"cards_removed":["Defend_R"],"damage_healed":0,"gold_gain":0,"player_choice":"Upgrade and Remove","damage_taken":0,"max_hp_gain":0,"max_hp_loss":0,"event_name":"Designer","floor":41,"gold_loss":90,"cards_upgraded":["Fiend Fire"]}],"is_beta":false,"boss_relics":[{"not_picked":["White Beast Statue","Black Star"],"picked":"Empty Cage"},{"not_picked":["Snecko Eye","Pandora\u0027s Box"],"picked":"Tiny House"}],"items_purged_floors":[5,20],"is_endless":false,"potions_floor_spawned":[1,2,8,12,14,16,21,25,33,38,40],"killed_by":"Giant Head","ascension_level":1}