{"gold_per_floor":[110,70,85,85,260,260,301,40,40,40,40,60,23,38,38,166,166,182,202,216,315,315,315,338,351,398,398,18,18,18,31,31,156,156,180,198,198,198,219,219,238,238],"floor_reached":42,"playtime":2423,"items_purged":["Doubt"],"score":642,"play_id":"f1e78d05-e668-4207-bd42-4026fbe6da77","local_time":"20190102150228","is_ascension_mode":true,"campfire_choices":[{"data":"Clothesline","floor":6.0,"key":"SMITH"},{"floor":11.0,"key":"REST"},{"data":"Body Slam","floor":15.0,"key":"SMITH"},{"floor":23,"key":"REST"},{"floor":27,"key":"REST"},{"floor":29,"key":"REST"},{"floor":32,"key":"REST"},{"floor":40,"key":"REST"}],"neow_cost":"PERCENT_DAMAGE","seed_source_timestamp":181588962119168,"circlet_count":0,"master_deck":["AscendersBane","Strike_R","Strike_R","Strike_R","Strike_R","Defend_R","Defend_R","Defend_R+1","Defend_R+1","Bash","Clothesline+1","Sentinel+1","Shrug It Off","Headbutt","Injury","Body Slam+1","Shockwave","Disarm","Shrug It Off","Uppercut","Disarm","Offering","Inflame","True Grit+1","Carnage","Intimidate+1","Feel No Pain+1","Demon Form","Headbutt+1","Dropkick","Reckless Charge+1","Shrug It Off","Fiend Fire","Hemokinesis+1","Clothesline+1","Pummel+1","Barricade","Pommel Strike+1","Armaments+1","Battle Trance"],"special_seed":0,"relics":["Burning Blood","Prayer Wheel","Golden Idol","Charon\u0027s Ashes","Kunai","The Courier","Fusion Hammer","Bronze Scales","MealTicket","War Paint","Runic Cube"],"potions_floor_usage":[33,35,36],"damage_taken":[{"damage":7.0,"enemies":"2 Louse","floor":1.0,"turns":3.0},{"damage":5.0,"enemies":"Cultist","floor":3.0,"turns":4.0},{"damage":34.0,"enemies":"Gremlin Nob","floor":7.0,"turns":4.0},{"damage":0.0,"enemies":"Small Slimes","floor":12.0,"turns":3.0},{"damage":11.0,"enemies":"Looter","floor":14.0,"turns":3.0},{"damage":14.0,"enemies":"The Guardian","floor":16.0,"turns":17.0},{"damage":12.0,"enemies":"Shell Parasite","floor":18.0,"turns":4.0},{"damage":8.0,"enemies":"Chosen","floor":19.0,"turns":4.0},{"damage":13,"enemies":"Snake Plant","floor":20,"turns":3},{"damage":20,"enemies":"Chosen and Byrds","floor":24,"turns":5},{"damage":28,"enemies":"Snecko","floor":25,"turns":5},{"damage":10,"enemies":"3 Cultists","floor":31,"turns":3},{"damage":74,"enemies":"Automaton","floor":33,"turns":9},{"damage":21,"enemies":"Orb Walker","floor":35,"turns":3},{"damage":30,"enemies":"3 Darklings","floor":36,"turns":7},{"damage":30,"enemies":"Maw","floor":39,"turns":10},{"damage":23,"enemies":"4 Shapes","floor":41,"turns":6},{"damage":15,"enemies":"Transient","floor":42,"turns":3}],"seed_played":"5341576169542887597","potions_obtained":[{"floor":2.0,"key":"SkillPotion"},{"floor":2.0,"key":"SkillPotion"},{"floor":12.0,"key":"Swift Potion"},{"floor":14.0,"key":"PowerPotion"},{"floor":20,"key":"Fire Potion"},{"floor":33,"key":"BloodPotion"},{"floor":38,"key":"Poison Potion"},{"floor":38,"key":"Dexterity Potion"},{"floor":38,"key":"SmokeBomb"}],"is_trial":false,"path_per_floor":["M","?","M","?","?","R","E","$","T","?","R","M","$","M","R","B",null,"M","M","M","?","?","R","M","M","T","R","$","R","?","M","R","B",null,"M","M","?","?","M","R","M","M"],"character_chosen":"IRONCLAD","items_purchased":["Kunai","Shrug It Off","MealTicket","War Paint","Shrug It Off"],"campfire_rested":6,"item_purchase_floors":[8,13,28,28,28],"current_hp_per_floor":[50,50,51,51,51,51,23,23,23,7,31,37,37,32,32,24,66,60,58,51,51,51,75,61,39,39,63,63,80,80,76,80,12,63,56,32,32,32,8,32,15,0],"gold":238,"neow_bonus":"ONE_RARE_RELIC","is_prod":false,"is_daily":false,"chose_seed":false,"campfire_upgraded":2,"win_rate":0,"timestamp":1546459348,"path_taken":["M","?","?","?","?","R","E","$","T","?","R","M","?","M","R","BOSS","M","?","M","?","?","R","?","M","T","R","$","R","?","M","R","BOSS","M","?","?","?","M","R","M","M"],"build_version":"2019-01-01v2","purchased_purges":1,"victory":false,"max_hp_per_floor":[80,80,80,80,80,80,80,80,80,80,80,80,80,80,80,80,80,80,80,80,80,80,80,80,80,80,80,80,80,80,80,80,80,80,80,80,80,80,80,80,80,80],"card_choices":[{"not_picked":["Body Slam","Second Wind"],"picked":"Clothesline","floor":1.0},{"not_picked":["Clash","Twin Strike"],"picked":"Sentinel","floor":1.0},{"not_picked":["Headbutt","Twin Strike"],"picked":"Shrug It Off","floor":3.0},{"not_picked":["Rupture","Evolve"],"picked":"Headbutt","floor":3.0},{"not_picked":["Sword Boomerang","Blood for Blood"],"picked":"Body Slam","floor":7.0},{"not_picked":["Body Slam","Pummel"],"picked":"Shockwave","floor":12.0},{"not_picked":["Twin Strike","Shockwave"],"picked":"Disarm","floor":12.0},{"not_picked":["Heavy Blade","Shrug It Off"],"picked":"Uppercut","floor":14.0},{"not_picked":["Shockwave","Warcry"],"picked":"Disarm","floor":14.0},{"not_picked":["Dark Embrace","Bludgeon"],"picked":"Offering","floor":16.0},{"not_picked":["True Grit","Twin Strike"],"picked":"Inflame","floor":18.0},{"not_picked":["Thunderclap+1","Iron Wave+1"],"picked":"True Grit+1","floor":18.0},{"not_picked":["Headbutt","Sword Boomerang+1"],"picked":"Carnage","floor":19.0},{"not_picked":["Reckless Charge+1","Headbutt+1"],"picked":"Intimidate+1","floor":19.0},{"not_picked":["Body Slam","Second Wind"],"picked":"Feel No Pain+1","floor":20},{"not_picked":["Shrug It Off","Anger+1"],"picked":"Demon Form","floor":20},{"not_picked":["Blood for Blood","Clothesline"],"picked":"Headbutt+1","floor":24},{"not_picked":["Heavy Blade","Sword Boomerang"],"picked":"Dropkick","floor":24},{"not_picked":["True Grit","Armaments"],"picked":"Reckless Charge+1","floor":25},{"not_picked":["Havoc","Iron Wave","Cleave"],"picked":"SKIP","floor":25},{"not_picked":["Evolve","Entrench"],"picked":"Hemokinesis+1","floor":31},{"not_picked":["Flex","Rampage"],"picked":"Clothesline+1","floor":31},{"not_picked":["Juggernaut","Demon Form"],"picked":"Dark Embrace","floor":33},{"not_picked":["Flex","Sword Boomerang+1"],"picked":"Pummel+1","floor":35},{"not_picked":["Thunderclap+1","Carnage"],"picked":"Barricade","floor":35},{"not_picked":["Combust","Anger"],"picked":"Pommel Strike+1","floor":36},{"not_picked":["Warcry","Twin Strike+1","Clothesline+1"],"picked":"SKIP","floor":36},{"not_picked":["Pommel Strike","Demon Form","Wild Strike+1"],"picked":"SKIP","floor":39},{"not_picked":["Searing Blow+1","Sever Soul","Combust+1"],"picked":"SKIP","floor":39},{"not_picked":["Headbutt","Heavy Blade"],"picked":"Armaments+1","floor":41},{"not_picked":["Bloodletting+1","Sword Boomerang+1"],"picked":"Battle Trance","floor":41}],"player_experience":731609,"relics_obtained":[{"floor":7.0,"key":"Charon\u0027s Ashes"},{"floor":9.0,"key":"The Courier"},{"floor":26,"key":"Bronze Scales"}],"event_choices":[{"damage_healed":0.0,"max_hp_gain":0.0,"max_hp_loss":0.0,"gold_gain":0.0,"event_name":"The Woman in Blue","player_choice":"Bought 3 Potions","floor":2.0,"gold_loss":0.0,"damage_taken":0.0},{"damage_healed":0.0,"max_hp_gain":0.0,"max_hp_loss":0.0,"gold_gain":0.0,"event_name":"Golden Idol","player_choice":"Take Wound","floor":4.0,"gold_loss":0.0,"damage_taken":0.0,"relics_obtained":["Golden Idol"],"cards_obtained":["Injury"]},{"damage_healed":0.0,"max_hp_gain":0.0,"max_hp_loss":0.0,"gold_gain":175.0,"event_name":"Liars Game","player_choice":"AGREE","floor":5.0,"gold_loss":0.0,"damage_taken":0.0,"cards_obtained":["Doubt"]},{"damage_healed":0.0,"max_hp_gain":0.0,"max_hp_loss":0.0,"gold_gain":0.0,"event_name":"Shining Light","player_choice":"Entered Light","floor":10.0,"gold_loss":0.0,"damage_taken":16.0,"cards_upgraded":["Sentinel","Strike_R"]},{"damage_healed":0,"gold_gain":99,"player_choice":"Stole From Cult","damage_taken":0,"max_hp_gain":0,"max_hp_loss":0,"event_name":"Nest","floor":21,"gold_loss":0},{"damage_healed":0,"gold_gain":0,"player_choice":"Ignored","damage_taken":0,"max_hp_gain":0,"max_hp_loss":0,"event_name":"N\u0027loth","floor":22,"gold_loss":0},{"damage_healed":0,"gold_gain":0,"cards_transformed":["Strike_R"],"player_choice":"Transformed","damage_taken":0,"max_hp_gain":0,"max_hp_loss":0,"event_name":"Transmorgrifier","floor":30,"gold_loss":0,"cards_obtained":["Fiend Fire"]},{"cards_removed":["Dark Embrace"],"damage_healed":0,"gold_gain":0,"player_choice":"Removed Power","damage_taken":0,"max_hp_gain":0,"max_hp_loss":0,"event_name":"Falling","floor":37,"gold_loss":0},{"damage_healed":0,"gold_gain":0,"player_choice":"Got Potions","damage_taken":0,"max_hp_gain":0,"max_hp_loss":0,"event_name":"Lab","floor":38,"gold_loss":0}],"is_beta":true,"boss_relics":[{"not_picked":["Runic Pyramid","Eternal Feather"],"picked":"Fusion Hammer"},{"not_picked":["Snecko Eye","Velvet Choker"],"picked":"Runic Cube"}],"items_purged_floors":[28],"is_endless":false,"potions_floor_spawned":[12,14,20,24,33,39,41],"killed_by":"Transient","ascension_level":11}