{"gold_per_floor":[109,120,120,120,295,335,156,169,169,169],"floor_reached":10,"playtime":837,"items_purged":["Doubt"],"score":66,"play_id":"c160d32d-8bd8-45a1-a328-5c320f51b1a7","local_time":"20190620051751","is_ascension_mode":false,"campfire_choices":[],"neow_cost":"NONE","seed_source_timestamp":323600813589320,"circlet_count":0,"master_deck":["Defend_G","Defend_G","Defend_G","Defend_G","Defend_G","Strike_G","Strike_G","Strike_G","Strike_G","Strike_G","Survivor","Neutralize+1","Calculated Gamble","Poisoned Stab","Infinite Blades","Deadly Poison","Blade Dance","Outmaneuver"],"relics":["Philosopher\u0027s Stone","Golden Idol","Singing Bowl","Pen Nib"],"potions_floor_usage":[10],"damage_taken":[{"damage":2,"enemies":"Cultist","floor":1,"turns":4},{"damage":3,"enemies":"Small Slimes","floor":2,"turns":4},{"damage":26,"enemies":"Gremlin Nob","floor":6,"turns":6},{"damage":5,"enemies":"2 Louse","floor":8,"turns":2},{"damage":23,"enemies":"Large Slime","floor":10,"turns":4}],"seed_played":"8023834126318988105","potions_obtained":[{"floor":8,"key":"GamblersBrew"}],"is_trial":false,"path_per_floor":["M","M","?","?","?","E","$","M","T","M"],"character_chosen":"THE_SILENT","items_purchased":["Deadly Poison","Blade Dance"],"campfire_rested":0,"item_purchase_floors":[7,7],"current_hp_per_floor":[68,65,65,48,48,22,22,17,17,0],"gold":169,"neow_bonus":"BOSS_RELIC","is_prod":false,"is_daily":false,"chose_seed":false,"campfire_upgraded":0,"win_rate":0.0,"timestamp":1561025871,"path_taken":["M","?","?","?","?","E","$","M","T","M"],"build_version":"2019-01-23","purchased_purges":1,"victory":false,"max_hp_per_floor":[70,70,70,70,70,70,70,70,70,70],"card_choices":[{"not_picked":["Quick Slash","Dodge and Roll"],"picked":"Calculated Gamble","floor":1},{"not_picked":["Backflip","Distraction"],"picked":"Poisoned Stab","floor":2},{"not_picked":["Quick Slash","Reflex"],"picked":"Infinite Blades","floor":6},{"not_picked":["Crippling Poison","Prepared"],"picked":"Outmaneuver","floor":8}],"player_experience":50791,"relics_obtained":[{"floor":6,"key":"Singing Bowl"},{"floor":9,"key":"Pen Nib"}],"event_choices":[{"damage_healed":0,"gold_gain":0,"player_choice":"Grow","damage_taken":0,"max_hp_gain":0,"max_hp_loss":0,"event_name":"Living Wall","floor":3,"gold_loss":0,"cards_upgraded":["Neutralize"]},{"damage_healed":0,"gold_gain":0,"player_choice":"Take Damage","damage_taken":17,"relics_obtained":["Golden Idol"],"max_hp_gain":0,"max_hp_loss":0,"event_name":"Golden Idol","floor":4,"gold_loss":0},{"damage_healed":0,"gold_gain":175,"player_choice":"AGREE","damage_taken":0,"max_hp_gain":0,"max_hp_loss":0,"event_name":"Liars Game","floor":5,"gold_loss":0,"cards_obtained":["Doubt"]}],"is_beta":false,"boss_relics":[],"items_purged_floors":[7],"is_endless":false,"potions_floor_spawned":[8],"killed_by":"Large Slime","ascension_level":0}