{"gold_per_floor":[109,119,129,129,204,237,237,272,272,272,272],"floor_reached":11,"playtime":451,"items_purged":[],"score":81,"play_id":"de880c35-92d3-4b09-b7a0-0e033e3f2da7","local_time":"20190209120927","is_ascension_mode":false,"campfire_choices":[{"floor":7,"key":"REST"}],"neow_cost":"NONE","seed_source_timestamp":144628580898046,"circlet_count":0,"master_deck":["Strike_R","Strike_R","Strike_R","Strike_R","Strike_R","Defend_R","Defend_R","Defend_R","Defend_R","Bash","Rage","Shrug It Off","Inflame","Regret","Anger","Thunderclap"],"relics":["White Beast Statue","Self Forming Clay","The Courier","Dodecahedron","Letter Opener"],"potions_floor_usage":[2,6,8,11],"damage_taken":[{"damage":4,"enemies":"2 Louse","floor":1,"turns":3},{"damage":3,"enemies":"Small Slimes","floor":2,"turns":3},{"damage":1,"enemies":"Cultist","floor":3,"turns":4},{"damage":46,"enemies":"Gremlin Nob","floor":6,"turns":6},{"damage":30,"enemies":"Lagavulin","floor":8,"turns":6},{"damage":9,"enemies":"Exordium Thugs","floor":11,"turns":2}],"seed_played":"1452839948449241636","potions_obtained":[{"floor":1,"key":"PowerPotion"},{"floor":2,"key":"EssenceOfSteel"},{"floor":3,"key":"Swift Potion"},{"floor":6,"key":"AttackPotion"},{"floor":8,"key":"Weak Potion"}],"is_trial":false,"path_per_floor":["M","M","M","?","?","E","R","E","T","?","M"],"character_chosen":"IRONCLAD","items_purchased":[],"campfire_rested":1,"item_purchase_floors":[],"current_hp_per_floor":[76,73,72,72,61,15,39,9,9,9,0],"gold":272,"neow_bonus":"BOSS_RELIC","is_prod":false,"is_daily":false,"chose_seed":false,"campfire_upgraded":0,"win_rate":0,"timestamp":1549732167,"path_taken":["M","M","M","?","?","E","R","E","T","?","M"],"build_version":"2019-01-23","purchased_purges":0,"victory":false,"max_hp_per_floor":[80,80,80,80,80,80,80,80,80,80,80],"card_choices":[{"not_picked":["Second Wind","Sentinel"],"picked":"Rage","floor":1},{"not_picked":["Ghostly Armor","Headbutt"],"picked":"Shrug It Off","floor":2},{"not_picked":["Dropkick","Disarm"],"picked":"Inflame","floor":3},{"not_picked":["Brutality","Searing Blow"],"picked":"Anger","floor":6},{"not_picked":["Shrug It Off","Dropkick"],"picked":"Thunderclap","floor":8}],"player_experience":198726,"relics_obtained":[{"floor":6,"key":"The Courier"},{"floor":8,"key":"Dodecahedron"},{"floor":9,"key":"Letter Opener"}],"event_choices":[{"damage_healed":0,"gold_gain":0,"player_choice":"Box","damage_taken":0,"relics_obtained":["Self Forming Clay"],"max_hp_gain":0,"max_hp_loss":0,"event_name":"Big Fish","floor":4,"gold_loss":0,"cards_obtained":["Regret"]},{"damage_healed":0,"gold_gain":75,"player_choice":"Gather Gold","damage_taken":11,"max_hp_gain":0,"max_hp_loss":0,"event_name":"World of Goop","floor":5,"gold_loss":0},{"damage_healed":0,"gold_gain":0,"player_choice":"Fled","damage_taken":0,"max_hp_gain":0,"max_hp_loss":0,"event_name":"Scrap Ooze","floor":10,"gold_loss":0}],"is_beta":false,"boss_relics":[],"items_purged_floors":[],"is_endless":false,"potions_floor_spawned":[1,2,3,6,8],"killed_by":"Exordium Thugs","ascension_level":0}