{"gold_per_floor":[119,135,148,148,171,171,215,273,273,273,308,308,328,328],"floor_reached":14,"playtime":988,"items_purged":[],"score":122,"play_id":"c6dce7c5-799f-44b2-8e5f-7b0a6f06c5a3","local_time":"20190722185757","is_ascension_mode":true,"campfire_choices":[{"floor":6,"key":"RECALL"},{"floor":12,"key":"REST"}],"neow_cost":"CURSE","seed_source_timestamp":808048519315100,"circlet_count":0,"master_deck":["Strike_R","Strike_R","Strike_R","Strike_R","Strike_R","Defend_R","Defend_R","Defend_R","Defend_R","Bash","Transmutation","Dark Shackles","Decay","Flex","Flame Barrier","Blood for Blood","Injury","Second Wind","Ghostly Armor","Anger","Barricade","Seeing Red"],"relics":["Burning Blood","Golden Idol","Sundial","Torii"],"potions_floor_usage":[11,11,14],"damage_taken":[{"damage":15,"enemies":"Cultist","floor":1,"turns":6},{"damage":10,"enemies":"2 Louse","floor":2,"turns":3},{"damage":26,"enemies":"Small Slimes","floor":3,"turns":5},{"damage":10,"enemies":"3 Louse","floor":5,"turns":4},{"damage":23,"enemies":"Lagavulin","floor":7,"turns":8},{"damage":10,"enemies":"Large Slime","floor":8,"turns":8},{"damage":18,"enemies":"Gremlin Nob","floor":11,"turns":5},{"damage":7,"enemies":"Exordium Wildlife","floor":13,"turns":3},{"damage":30,"enemies":"Lagavulin","floor":14,"turns":12}],"seed_played":"911992703257931349","potions_obtained":[{"floor":2,"key":"Ancient Potion"},{"floor":7,"key":"Dexterity Potion"},{"floor":13,"key":"SkillPotion"}],"is_trial":false,"path_per_floor":["M","M","M","?","M","R","E","M","T","?","E","R","M","E"],"character_chosen":"IRONCLAD","items_purchased":[],"campfire_rested":1,"item_purchase_floors":[],"current_hp_per_floor":[71,67,47,47,43,43,26,22,22,19,7,31,30,0],"gold":328,"neow_bonus":"RANDOM_COLORLESS_2","is_prod":false,"is_daily":false,"chose_seed":false,"campfire_upgraded":0,"win_rate":0,"timestamp":1563836277,"path_taken":["M","?","M","?","M","R","E","M","T","?","E","R","M","E"],"build_version":"2019-07-17","purchased_purges":0,"victory":false,"max_hp_per_floor":[80,80,80,80,80,80,80,80,80,80,80,80,80,80],"card_choices":[{"not_picked":["Sword Boomerang","Seeing Red"],"picked":"Flex","floor":1},{"not_picked":["Twin Strike","Clothesline"],"picked":"Flame Barrier","floor":2},{"not_picked":["Burning Pact","Perfected Strike"],"picked":"Blood for Blood","floor":3},{"not_picked":["Blood for Blood","Headbutt"],"picked":"Second Wind","floor":5},{"not_picked":["Body Slam","Iron Wave"],"picked":"Ghostly Armor","floor":7},{"not_picked":["Clothesline","Havoc"],"picked":"Anger","floor":8},{"not_picked":["Pommel Strike","True Grit"],"picked":"Barricade","floor":11},{"not_picked":["Rampage","Headbutt"],"picked":"Seeing Red","floor":13}],"player_experience":561754,"relics_obtained":[{"floor":7,"key":"Sundial"},{"floor":11,"key":"Torii"}],"event_choices":[{"damage_healed":0,"gold_gain":0,"player_choice":"Take Wound","damage_taken":0,"relics_obtained":["Golden Idol"],"max_hp_gain":0,"max_hp_loss":0,"event_name":"Golden Idol","floor":4,"gold_loss":0,"cards_obtained":["Injury"]},{"damage_healed":0,"gold_gain":0,"player_choice":"Fled","damage_taken":3,"max_hp_gain":0,"max_hp_loss":0,"event_name":"Scrap Ooze","floor":10,"gold_loss":0}],"is_beta":false,"boss_relics":[],"items_purged_floors":[],"is_endless":false,"potions_floor_spawned":[2,7,13],"killed_by":"Lagavulin","ascension_level":4}