{"path_per_floor":["M","M","M","M","M","R","?","$","T","R","?","R","M","M","R","B",null,"M","?","M","M","?","R","M","R","T","R","?"],"character_chosen":"IRONCLAD","items_purchased":["Anger"],"gold_per_floor":[118,136,153,165,185,185,185,135,135,135,135,135,150,162,162,266,266,280,0,13,29,29,29,48,48,74,74,174,174],"floor_reached":29,"campfire_rested":0,"playtime":1308,"item_purchase_floors":[],"current_hp_per_floor":[79,73,73,68,68,68,68,68,68,68,73,73,72,74,74,36,85,71,71,63,44,44,44,41,41,41,41,41,0],"items_purged":[],"gold":174,"score":217,"play_id":"e67d1372-eeef-4a86-84b5-c01d0dbe446f","local_time":"20180616160343","is_prod":false,"is_daily":false,"chose_seed":false,"is_ascension_mode":false,"campfire_upgraded":7,"win_rate":0.0,"timestamp":1529179423,"campfire_choices":[{"data":"Whirlwind","floor":6.0,"key":"SMITH"},{"data":"Thunderclap","floor":10.0,"key":"SMITH"},{"data":"Pommel Strike","floor":12.0,"key":"SMITH"},{"data":"Power Through","floor":15.0,"key":"SMITH"},{"data":"Spot Weakness","floor":23,"key":"SMITH"},{"data":"Clothesline","floor":25,"key":"SMITH"},{"data":"Bash","floor":27,"key":"SMITH"}],"path_taken":["M","M","M","M","M","R","?","$","T","R","?","R","M","M","R","BOSS","M","?","M","M","?","R","M","R","T","R","?","E"],"build_version":"2018-06-14v2","seed_source_timestamp":0,"purchased_purges":0,"victory":false,"master_deck":["Strike_R","Strike_R","Strike_R","Strike_R","Strike_R","Defend_R","Defend_R","Defend_R","Defend_R","Bash+1","Whirlwind+1","Clothesline+1","Thunderclap+1","Twin Strike+1","Pommel Strike+1","Anger","Spot Weakness+1","Power Through+1","Impervious","Clumsy","Parasite","Writhe","Thunderclap+1","Sword Boomerang+1","Rupture+1","Entrench+1"],"max_hp_per_floor":[80,80,80,80,80,80,80,80,80,80,85,85,85,85,85,85,85,85,85,85,85,85,85,85,85,85,85,85,85],"special_seed":0,"relics":["Burning Blood","Anchor","Calling Bell","Ginger","Frozen Egg 2","Orichalcum","Bronze Scales"],"card_choices":[{"not_picked":["Body Slam","Headbutt"],"picked":"Whirlwind","floor":1.0},{"not_picked":["Cleave","Metallicize"],"picked":"Clothesline","floor":2.0},{"not_picked":["Ghostly Armor","Shrug It Off"],"picked":"Thunderclap","floor":3.0},{"not_picked":["Headbutt","Battle Trance"],"picked":"Twin Strike","floor":4.0},{"not_picked":["Iron Wave","Rampage"],"picked":"Pommel Strike","floor":5.0},{"not_picked":["Feel No Pain","Body Slam"],"picked":"Spot Weakness","floor":13.0},{"not_picked":["Seeing Red","Entrench"],"picked":"Power Through","floor":14.0},{"not_picked":["Demon Form","Offering"],"picked":"Impervious","floor":16.0},{"not_picked":["Cleave","Power Through"],"picked":"Thunderclap+1","floor":18},{"not_picked":["Body Slam","Feel No Pain+1"],"picked":"Sword Boomerang+1","floor":20},{"not_picked":["Ghostly Armor","Iron Wave+1"],"picked":"Rupture+1","floor":21},{"not_picked":["Iron Wave","Corruption+1"],"picked":"Entrench+1","floor":24}],"player_experience":39537,"potions_floor_usage":[29],"damage_taken":[{"damage":7.0,"enemies":"2 Louse","floor":1.0,"turns":3.0},{"damage":12.0,"enemies":"Small Slimes","floor":2.0,"turns":3.0},{"damage":6.0,"enemies":"Jaw Worm","floor":3.0,"turns":4.0},{"damage":11.0,"enemies":"Looter","floor":4.0,"turns":4.0},{"damage":6.0,"enemies":"2 Fungi Beasts","floor":5.0,"turns":3.0},{"damage":7.0,"enemies":"Blue Slaver","floor":13.0,"turns":3.0},{"damage":4.0,"enemies":"3 Louse","floor":14.0,"turns":2.0},{"damage":44.0,"enemies":"The Guardian","floor":16.0,"turns":11.0},{"damage":20,"enemies":"2 Thieves","floor":18,"turns":4},{"damage":14,"enemies":"Spheric Guardian","floor":20,"turns":4},{"damage":25,"enemies":"3 Cultists","floor":21,"turns":4},{"damage":9,"enemies":"Snake Plant","floor":24,"turns":5},{"damage":42,"enemies":"Slavers","floor":29,"turns":3}],"relics_obtained":[{"floor":9.0,"key":"Anchor"},{"floor":17,"key":"Ginger"},{"floor":17,"key":"Frozen Egg 2"},{"floor":17,"key":"Orichalcum"},{"floor":26,"key":"Bronze Scales"}],"event_choices":[{"event_name":"Living Wall","player_choice":"Grow","floor":7.0,"damage_taken":0.0},{"event_name":"Big Fish","player_choice":"Donut","floor":11.0,"damage_taken":0.0},{"event_name":"Masked Bandits","player_choice":"Paid Bandits 280 gold","floor":19,"damage_taken":0},{"event_name":"Ghosts","player_choice":"Ignored","floor":22,"damage_taken":0},{"event_name":"Golden Shrine","player_choice":"Pray","floor":28,"damage_taken":0}],"boss_relics":[{"not_picked":["Coffee Dripper","Lizard Tail"],"picked":"Calling Bell"}],"items_purged_floors":[],"is_endless":false,"potions_floor_spawned":[3,4,13,14,18],"seed_played":"3949665400942210068","killed_by":"Slavers","ascension_level":0,"potions_obtained":[{"floor":3.0,"key":"Dexterity Potion"},{"floor":4.0,"key":"PowerPotion"},{"floor":13.0,"key":"Swift Potion"},{"floor":14.0,"key":"Explosive Potion"},{"floor":18,"key":"EssenceOfSteel"}],"is_trial":false}