{"gold_per_floor":[113,113,63,163,65,96,96,125,125,135,135,147,174,4,4,99,149,162,162,172,222,233,233,259,259,285,296,331,21,21,56,56,157,157,169,180,180,180,193,224,224,255,255,255,255,14,31,31,31,31],"floor_reached":50,"playtime":4017,"items_purged":["Defend_G","Strike_G"],"score":711,"play_id":"91070901-3861-4e12-9b2d-7ea78ffa7610","local_time":"20190724225954","is_ascension_mode":true,"campfire_choices":[{"data":"Footwork","floor":7,"key":"SMITH"},{"data":"Distraction","floor":11,"key":"SMITH"},{"data":"Backflip","floor":15,"key":"SMITH"},{"floor":23,"key":"REST"},{"floor":25,"key":"REST"},{"floor":32,"key":"REST"},{"floor":41,"key":"REST"},{"data":"Dash","floor":44,"key":"SMITH"},{"floor":49,"key":"REST"}],"neow_cost":"NONE","seed_source_timestamp":3021828496302500,"circlet_count":0,"master_deck":["Strike_G+1","Strike_G","Strike_G","Strike_G","Defend_G","Defend_G","Defend_G","Survivor","Neutralize","Footwork+1","PiercingWail","Backflip+1","Distraction+1","Dagger Spray","Crippling Poison","Well Laid Plans","Night Terror","Dodge and Roll","Outmaneuver+1","PiercingWail","Finisher+1","Dash+1","Deadly Poison","Poisoned Stab","Phantasmal Killer+1","Poisoned Stab+1","PiercingWail+1","Writhe","Poisoned Stab","Acrobatics+1","Terror+1","Backflip+1"],"relics":["Ring of the Snake","NeowsBlessing","Bronze Scales","Incense Burner","Pen Nib","Pocketwatch","Bottled Flame","Tiny House","Happy Flower","Potion Belt","Kunai","StoneCalendar","Boot","Snecko Eye","PreservedInsect","Centennial Puzzle","Bottled Tornado","TwistedFunnel"],"potions_floor_usage":[13,20,24,24,28,31,33,36,40,48,50],"damage_taken":[{"damage":0,"enemies":"Cultist","floor":1,"turns":1},{"damage":0,"enemies":"Gremlin Nob","floor":6,"turns":1},{"damage":0,"enemies":"3 Sentries","floor":8,"turns":2},{"damage":0,"enemies":"2 Louse","floor":10,"turns":3},{"damage":0,"enemies":"Jaw Worm","floor":12,"turns":5},{"damage":9,"enemies":"Gremlin Nob","floor":13,"turns":5},{"damage":11,"enemies":"Hexaghost","floor":16,"turns":17},{"damage":19,"enemies":"2 Thieves","floor":18,"turns":5},{"damage":16,"enemies":"Spheric Guardian","floor":20,"turns":7},{"damage":10,"enemies":"3 Cultists","floor":22,"turns":7},{"damage":40,"enemies":"Gremlin Leader","floor":24,"turns":14},{"damage":2,"enemies":"Snake Plant","floor":27,"turns":6},{"damage":7,"enemies":"Slavers","floor":28,"turns":8},{"damage":10,"enemies":"Gremlin Leader","floor":31,"turns":8},{"damage":7,"enemies":"Champ","floor":33,"turns":16},{"damage":1,"enemies":"3 Shapes","floor":35,"turns":5},{"damage":27,"enemies":"3 Darklings","floor":36,"turns":6},{"damage":31,"enemies":"Sphere and 2 Shapes","floor":39,"turns":7},{"damage":59,"enemies":"Reptomancer","floor":40,"turns":7},{"damage":0,"enemies":"Nemesis","floor":42,"turns":5},{"damage":3,"enemies":"Jaw Worm Horde","floor":47,"turns":3},{"damage":0,"enemies":"Giant Head","floor":48,"turns":6},{"damage":62,"enemies":"Time Eater","floor":50,"turns":10}],"seed_played":"7928810827074728130","potions_obtained":[{"floor":1,"key":"SneckoOil"},{"floor":6,"key":"SteroidPotion"},{"floor":13,"key":"FearPotion"},{"floor":17,"key":"FairyPotion"},{"floor":18,"key":"PowerPotion"},{"floor":22,"key":"GamblersBrew"},{"floor":27,"key":"GhostInAJar"},{"floor":30,"key":"FairyPotion"},{"floor":30,"key":"Ancient Potion"},{"floor":30,"key":"Poison Potion"},{"floor":35,"key":"GhostInAJar"},{"floor":39,"key":"Explosive Potion"},{"floor":40,"key":"SmokeBomb"}],"is_trial":false,"path_per_floor":["M","?","?","?","$","E","R","E","T","M","R","M","E","$","R","B",null,"M","?","M","?","M","R","E","R","T","M","E","$","?","E","R","B",null,"M","M","?","?","M","E","R","E","T","R","?","$","M","E","R","B"],"character_chosen":"THE_SILENT","items_purchased":["PiercingWail","Well Laid Plans","StoneCalendar","TwistedFunnel","Strength Potion"],"campfire_rested":5,"item_purchase_floors":[5,14,29,46,46],"current_hp_per_floor":[70,70,70,70,70,70,70,70,70,70,70,70,61,61,61,50,75,56,42,26,26,16,40,8,32,32,30,23,23,23,13,37,30,80,79,52,72,72,41,5,29,29,29,29,29,29,26,26,50,0],"gold":31,"neow_bonus":"THREE_ENEMY_KILL","is_prod":false,"is_daily":false,"chose_seed":false,"campfire_upgraded":4,"win_rate":0,"timestamp":1564034394,"path_taken":["M","?","?","?","$","E","R","E","T","?","R","?","E","$","R","BOSS","M","?","M","?","M","R","E","R","T","?","E","$","?","E","R","BOSS","M","?","?","?","?","E","R","E","T","R","?","$","M","E","R","BOSS"],"build_version":"2019-07-17","purchased_purges":2,"victory":false,"max_hp_per_floor":[70,70,70,70,70,70,70,70,70,70,70,70,70,70,70,70,75,75,80,80,80,80,80,80,80,80,80,80,80,80,80,80,80,80,80,80,80,80,80,80,80,80,80,80,80,80,80,80,80,80],"card_choices":[{"not_picked":["Heel Hook","Outmaneuver"],"picked":"Footwork","floor":1},{"not_picked":["Riddle With Holes","Flying Knee"],"picked":"Backflip","floor":6},{"not_picked":["Endless Agony","Concentrate","Blade Dance"],"picked":"SKIP","floor":8},{"not_picked":["Blade Dance","Escape Plan"],"picked":"Distraction","floor":10},{"not_picked":["Concentrate","Cloak And Dagger"],"picked":"Dagger Spray","floor":12},{"not_picked":["Finisher","Flying Knee"],"picked":"Crippling Poison","floor":13},{"not_picked":["Die Die Die","Bullet Time"],"picked":"Night Terror","floor":16},{"not_picked":["Endless Agony","Escape Plan+1"],"picked":"Dodge and Roll","floor":18},{"not_picked":["Heel Hook","Flying Knee"],"picked":"Outmaneuver+1","floor":20},{"not_picked":["Quick Slash","Heel Hook"],"picked":"PiercingWail","floor":22},{"not_picked":["Sucker Punch","Slice"],"picked":"Finisher+1","floor":24},{"not_picked":["Die Die Die","Terror"],"picked":"Dash","floor":27},{"not_picked":["Glass Knife","Quick Slash+1"],"picked":"Deadly Poison","floor":28},{"not_picked":["PiercingWail+1","Sucker Punch+1"],"picked":"Poisoned Stab","floor":31},{"not_picked":["Wraith Form v2","Doppelganger"],"picked":"Phantasmal Killer","floor":33},{"not_picked":["Dagger Throw+1","Underhanded Strike+1"],"picked":"Poisoned Stab+1","floor":35},{"not_picked":["All Out Attack+1","Dagger Throw"],"picked":"PiercingWail+1","floor":36},{"not_picked":["Dodge and Roll+1","Prepared+1"],"picked":"Poisoned Stab","floor":39},{"not_picked":["Malaise","Prepared"],"picked":"Acrobatics+1","floor":40},{"not_picked":["Accuracy+1","Prepared"],"picked":"Terror+1","floor":42},{"not_picked":["Blade Dance+1","Deflect"],"picked":"Backflip+1","floor":47}],"player_experience":77327,"relics_obtained":[{"floor":6,"key":"Incense Burner"},{"floor":8,"key":"Pen Nib"},{"floor":9,"key":"Pocketwatch"},{"floor":13,"key":"Bottled Flame"},{"floor":24,"key":"Happy Flower"},{"floor":26,"key":"Potion Belt"},{"floor":28,"key":"Kunai"},{"floor":31,"key":"Boot"},{"floor":40,"key":"PreservedInsect"},{"floor":42,"key":"Centennial Puzzle"},{"floor":43,"key":"Bottled Tornado"}],"event_choices":[{"damage_healed":0,"gold_gain":0,"player_choice":"Box","damage_taken":0,"relics_obtained":["Bronze Scales"],"max_hp_gain":0,"max_hp_loss":0,"event_name":"Big Fish","floor":2,"gold_loss":0,"cards_obtained":["Regret"]},{"cards_removed":["Regret"],"damage_healed":0,"gold_gain":0,"player_choice":"Card Removal","damage_taken":0,"max_hp_gain":0,"max_hp_loss":0,"event_name":"The Cleric","floor":3,"gold_loss":50},{"damage_healed":0,"gold_gain":100,"player_choice":"Pray","damage_taken":0,"max_hp_gain":0,"max_hp_loss":0,"event_name":"Golden Shrine","floor":4,"gold_loss":0},{"damage_healed":0,"gold_gain":0,"player_choice":"Shed Blood","damage_taken":19,"max_hp_gain":5,"max_hp_loss":0,"event_name":"Forgotten Altar","floor":19,"gold_loss":0},{"damage_healed":0,"gold_gain":100,"player_choice":"Bet on Murderer","damage_taken":0,"max_hp_gain":0,"max_hp_loss":0,"event_name":"The Joust","floor":21,"gold_loss":50},{"damage_healed":0,"gold_gain":0,"player_choice":"Got Potions","damage_taken":0,"max_hp_gain":0,"max_hp_loss":0,"event_name":"Lab","floor":30,"gold_loss":0},{"damage_healed":20,"gold_gain":0,"player_choice":"Writhe","damage_taken":0,"max_hp_gain":0,"max_hp_loss":0,"event_name":"Winding Halls","floor":37,"gold_loss":0,"cards_obtained":["Writhe"]},{"damage_healed":0,"gold_gain":0,"player_choice":"Forge","damage_taken":0,"max_hp_gain":0,"max_hp_loss":0,"event_name":"Accursed Blacksmith","floor":38,"gold_loss":0,"cards_upgraded":["Phantasmal Killer"]},{"cards_removed":["Defend_G"],"damage_healed":0,"gold_gain":0,"player_choice":"Removed Skill","damage_taken":0,"max_hp_gain":0,"max_hp_loss":0,"event_name":"Falling","floor":45,"gold_loss":0}],"is_beta":false,"boss_relics":[{"not_picked":["Philosopher\u0027s Stone","Fusion Hammer"],"picked":"Tiny House"},{"not_picked":["HoveringKite","Velvet Choker"],"picked":"Snecko Eye"}],"items_purged_floors":[5,14],"is_endless":false,"potions_floor_spawned":[1,6,13,18,22,27,35,39,40,48],"killed_by":"Time Eater","ascension_level":1}