{"gold_per_floor":[110,26,38,48,48,82,82,99,99,99,69],"floor_reached":11,"playtime":654,"items_purged":[],"score":80,"play_id":"789b114e-6807-478b-ba88-c1d1bc4adfdf","local_time":"20190714084633","is_ascension_mode":true,"campfire_choices":[{"data":"Self Repair","floor":10,"key":"SMITH"}],"neow_cost":"NONE","seed_source_timestamp":198850720225600,"circlet_count":0,"master_deck":["Strike_B+1","Strike_B","Strike_B","Strike_B","Defend_B","Defend_B","Defend_B","Defend_B","Zap+1","Dualcast","Core Surge","Gash","Swift Strike","Self Repair+1","Auto Shields","Hello World"],"relics":["Cracked Core","Dream Catcher","Anchor"],"potions_floor_usage":[11],"damage_taken":[{"damage":1,"enemies":"Cultist","floor":1,"turns":3},{"damage":0,"enemies":"2 Louse","floor":3,"turns":3},{"damage":2,"enemies":"Jaw Worm","floor":4,"turns":3},{"damage":26,"enemies":"3 Sentries","floor":6,"turns":8},{"damage":24,"enemies":"Lots of Slimes","floor":8,"turns":4},{"damage":5,"enemies":"Exordium Thugs","floor":11,"turns":3}],"seed_played":"-2227057873194842537","potions_obtained":[{"floor":1,"key":"Weak Potion"},{"floor":6,"key":"Energy Potion"}],"is_trial":false,"path_per_floor":["M","$","M","M","?","E","?","M","T","R","M"],"character_chosen":"DEFECT","items_purchased":["Swift Strike"],"campfire_rested":0,"item_purchase_floors":[2],"current_hp_per_floor":[74,74,74,72,57,38,38,21,21,21,16],"gold":69,"neow_bonus":"ONE_RANDOM_RARE_CARD","is_prod":false,"is_daily":false,"chose_seed":false,"campfire_upgraded":1,"win_rate":0,"timestamp":1563108393,"path_taken":["M","?","M","M","?","E","?","?","T","R","M"],"build_version":"2019-07-05","purchased_purges":0,"victory":false,"max_hp_per_floor":[75,75,75,75,75,75,75,75,75,75,75],"card_choices":[{"not_picked":["Reinforced Body","Leap"],"picked":"Gash","floor":1},{"not_picked":["Go for the Eyes","Chill","Cold Snap"],"picked":"SKIP","floor":3},{"not_picked":["Go for the Eyes","Undo"],"picked":"Self Repair","floor":4},{"not_picked":["Redo","Hologram"],"picked":"Auto Shields","floor":6},{"not_picked":["Leap","Cold Snap","Redo"],"picked":"SKIP","floor":8}],"player_experience":708793,"relics_obtained":[{"floor":6,"key":"Dream Catcher"},{"floor":9,"key":"Anchor"}],"event_choices":[{"damage_healed":0,"gold_gain":0,"player_choice":"Entered Light","damage_taken":15,"max_hp_gain":0,"max_hp_loss":0,"event_name":"Shining Light","floor":5,"gold_loss":0,"cards_upgraded":["Strike_B","Zap"]},{"damage_healed":0,"gold_gain":0,"player_choice":"1 cards matched","damage_taken":0,"max_hp_gain":0,"max_hp_loss":0,"event_name":"Match and Keep!","floor":7,"gold_loss":0,"cards_obtained":["Hello World"]}],"is_beta":false,"boss_relics":[],"items_purged_floors":[],"is_endless":false,"potions_floor_spawned":[1,6],"killed_by":"Exordium Thugs","ascension_level":2}