{"gold_per_floor":[119,119,139,156,166,194,194,2,2,2,21,21,50,70,70,175,175,192,44,58,76,76,76,151,161,161,191,191,205,3,16,16,119,119,133,133,149,168,182,182,199,199,249,266,226,243,243,33,33,33],"floor_reached":51,"playtime":3840,"items_purged":[],"score":708,"play_id":"680a1fe0-aaf0-4a23-abaf-75ddc09ba9fc","local_time":"20190209144653","is_ascension_mode":false,"campfire_choices":[{"data":"Inflame","floor":7.0,"key":"SMITH"},{"data":"Shockwave","floor":10.0,"key":"SMITH"},{"data":"Sever Soul","floor":12.0,"key":"SMITH"},{"floor":15.0,"key":"REST"},{"data":"1","floor":23,"key":"LIFT"},{"data":"2","floor":28,"key":"LIFT"},{"data":"3","floor":32,"key":"LIFT"},{"data":"Carnage","floor":40,"key":"SMITH"},{"data":"Battle Trance","floor":47,"key":"SMITH"},{"data":"Shockwave","floor":49,"key":"SMITH"}],"neow_cost":"NONE","seed_source_timestamp":149646780123952,"circlet_count":0,"master_deck":["Strike_R+1","Strike_R","Strike_R","Strike_R","Strike_R","Defend_R","Defend_R+1","Defend_R+1","Defend_R","Bash","Iron Wave+1","Bash","Shockwave+1","Inflame+1","Shrug It Off","Sentinel","Sever Soul+1","Anger","Carnage+1","Clothesline","Bludgeon","Sword Boomerang+1","Battle Trance+1","Clothesline","Anger","Fiend Fire","Iron Wave","Spot Weakness","Flex","Shockwave+1","Pommel Strike","Bludgeon","Heavy Blade","Sword Boomerang+1","Shrug It Off+1","Entrench+1","Perfected Strike+1","Battle Trance","Twin Strike+1","Uppercut+1","Armaments+1"],"special_seed":0,"relics":["Snecko Eye","Gremlin Horn","Ancient Tea Set","Bottled Lightning","Girya","Eternal Feather","Juzu Bracelet","Prayer Wheel","Pantograph","War Paint","Busted Crown","Anchor","Toolbox"],"potions_floor_usage":[27,33,38,38,41,50],"damage_taken":[{"damage":0.0,"enemies":"Small Slimes","floor":1.0,"turns":3.0},{"damage":0.0,"enemies":"Cultist","floor":3.0,"turns":3.0},{"damage":1.0,"enemies":"Jaw Worm","floor":4.0,"turns":3.0},{"damage":0.0,"enemies":"Lots of Slimes","floor":5.0,"turns":3.0},{"damage":20.0,"enemies":"Lagavulin","floor":6.0,"turns":7.0},{"damage":4.0,"enemies":"Looter","floor":11.0,"turns":3.0},{"damage":10.0,"enemies":"Gremlin Nob","floor":13.0,"turns":3.0},{"damage":12.0,"enemies":"Exordium Thugs","floor":14.0,"turns":3.0},{"damage":0.0,"enemies":"Slime Boss","floor":16.0,"turns":5.0},{"damage":0,"enemies":"Chosen","floor":18,"turns":1},{"damage":0,"enemies":"3 Byrds","floor":20,"turns":4},{"damage":12,"enemies":"Snecko","floor":21,"turns":4},{"damage":1,"enemies":"3 Cultists","floor":25,"turns":4},{"damage":13,"enemies":"Gremlin Leader","floor":27,"turns":3},{"damage":2,"enemies":"Shelled Parasite and Fungi","floor":29,"turns":2},{"damage":4,"enemies":"Centurion and Healer","floor":31,"turns":3},{"damage":49,"enemies":"Champ","floor":33,"turns":9},{"damage":1,"enemies":"Orb Walker","floor":35,"turns":3},{"damage":6,"enemies":"3 Shapes","floor":37,"turns":3},{"damage":42,"enemies":"3 Darklings","floor":38,"turns":3},{"damage":3,"enemies":"Sphere and 2 Shapes","floor":39,"turns":2},{"damage":0,"enemies":"Jaw Worm Horde","floor":41,"turns":1},{"damage":10,"enemies":"4 Shapes","floor":44,"turns":3},{"damage":10,"enemies":"Sphere and 2 Shapes","floor":46,"turns":3},{"damage":23,"enemies":"Time Eater","floor":50,"turns":5}],"seed_played":"-7571828154298325736","potions_obtained":[{"floor":5.0,"key":"SkillPotion"},{"floor":13.0,"key":"Poison Potion"},{"floor":14.0,"key":"Ancient Potion"},{"floor":18,"key":"BloodPotion"},{"floor":25,"key":"Poison Potion"},{"floor":31,"key":"Fruit Juice"},{"floor":33,"key":"FearPotion"},{"floor":35,"key":"Regen Potion"},{"floor":39,"key":"BloodPotion"},{"floor":46,"key":"LiquidBronze"}],"is_trial":false,"path_per_floor":["M","?","M","M","M","E","R","$","T","R","M","R","E","M","R","B",null,"M","$","M","M","?","R","?","M","T","E","R","M","$","M","R","B",null,"M","$","M","M","M","R","M","$","T","M","?","M","R","$","R","B",null],"character_chosen":"IRONCLAD","items_purchased":["Ancient Tea Set","Sever Soul","Juzu Bracelet","War Paint","Flex","Toolbox"],"campfire_rested":1,"item_purchase_floors":[8,8,19,30,30,48],"current_hp_per_floor":[80,80,80,79,79,59,59,59,59,59,55,55,45,33,57,57,80,80,80,80,68,68,80,72,71,71,58,73,71,71,67,80,36,85,84,84,78,45,42,63,71,71,71,61,61,51,75,75,85,62],"gold":33,"neow_bonus":"BOSS_RELIC","is_prod":false,"is_daily":false,"chose_seed":false,"campfire_upgraded":6,"win_rate":0,"timestamp":1549741613,"path_taken":["M","?","M","M","M","E","R","$","T","R","M","R","E","M","R","BOSS","M","$","M","M","?","R","?","M","T","E","R","M","$","M","R","BOSS","M","$","M","M","M","R","M","?","T","M","?","M","R","$","R","BOSS"],"build_version":"2019-01-23","purchased_purges":0,"victory":true,"max_hp_per_floor":[80,80,80,80,80,80,80,80,80,80,80,80,80,80,80,80,80,80,80,80,80,80,80,80,80,80,80,80,80,80,80,80,85,85,85,85,85,85,85,85,85,85,85,85,85,85,85,85,85,85],"card_choices":[{"not_picked":["Headbutt","Twin Strike"],"picked":"Iron Wave","floor":1.0},{"not_picked":["Clothesline","Brutality"],"picked":"Shockwave","floor":3.0},{"not_picked":["Burning Pact","Pommel Strike"],"picked":"Inflame","floor":4.0},{"not_picked":["Wild Strike","Pommel Strike"],"picked":"Shrug It Off","floor":5.0},{"not_picked":["Iron Wave","Corruption"],"picked":"Sentinel","floor":6.0},{"not_picked":["Rage","Wild Strike"],"picked":"Anger","floor":11.0},{"not_picked":["Blood for Blood","Clash"],"picked":"Carnage","floor":13.0},{"not_picked":["Twin Strike","True Grit"],"picked":"Clothesline","floor":14.0},{"not_picked":["Immolate","Brutality"],"picked":"Bludgeon","floor":16.0},{"not_picked":["Flex","Warcry"],"picked":"Sword Boomerang+1","floor":18},{"not_picked":["Warcry+1","Evolve"],"picked":"Battle Trance","floor":20},{"not_picked":["Intimidate+1","Sword Boomerang"],"picked":"Clothesline","floor":21},{"not_picked":["Warcry","Clothesline"],"picked":"Anger","floor":25},{"not_picked":["Corruption","Clothesline"],"picked":"Fiend Fire","floor":27},{"not_picked":["Havoc","Pommel Strike"],"picked":"Iron Wave","floor":29},{"not_picked":["Clothesline","Disarm"],"picked":"Spot Weakness","floor":29},{"not_picked":["Carnage+1","Feel No Pain+1"],"picked":"Shockwave","floor":31},{"not_picked":["Wild Strike","Headbutt"],"picked":"Pommel Strike","floor":31},{"not_picked":["Berserk","Juggernaut"],"picked":"Bludgeon","floor":33},{"not_picked":["Perfected Strike"],"picked":"SKIP","floor":35},{"not_picked":["Clothesline"],"picked":"SKIP","floor":35},{"not_picked":[],"picked":"Heavy Blade","floor":37},{"not_picked":[],"picked":"Sword Boomerang+1","floor":37},{"not_picked":[],"picked":"Shrug It Off+1","floor":38},{"not_picked":["Twin Strike"],"picked":"SKIP","floor":38},{"not_picked":[],"picked":"Entrench+1","floor":39},{"not_picked":[],"picked":"Perfected Strike+1","floor":39},{"not_picked":[],"picked":"Battle Trance","floor":41},{"not_picked":["Body Slam+1"],"picked":"SKIP","floor":41},{"not_picked":[],"picked":"Twin Strike+1","floor":44},{"not_picked":[],"picked":"Uppercut+1","floor":44},{"not_picked":[],"picked":"Armaments+1","floor":46},{"not_picked":["Thunderclap"],"picked":"SKIP","floor":46}],"player_experience":200514,"relics_obtained":[{"floor":6.0,"key":"Gremlin Horn"},{"floor":9.0,"key":"Bottled Lightning"},{"floor":13.0,"key":"Girya"},{"floor":26,"key":"Prayer Wheel"},{"floor":27,"key":"Pantograph"},{"floor":43,"key":"Anchor"}],"event_choices":[{"damage_healed":0.0,"max_hp_gain":0.0,"max_hp_loss":0.0,"gold_gain":0.0,"event_name":"Match and Keep!","player_choice":"1 cards matched","floor":2.0,"gold_loss":0.0,"damage_taken":0.0,"cards_obtained":["Bash"]},{"damage_healed":0,"gold_gain":75,"player_choice":"Touch","damage_taken":8,"max_hp_gain":0,"max_hp_loss":0,"event_name":"FaceTrader","floor":24,"gold_loss":0},{"damage_healed":0,"gold_gain":0,"player_choice":"Upgraded Two","damage_taken":0,"max_hp_gain":0,"max_hp_loss":0,"event_name":"Designer","floor":45,"gold_loss":40,"cards_upgraded":["Iron Wave","Strike_R"]}],"is_beta":false,"boss_relics":[{"not_picked":["Tiny House","Velvet Choker"],"picked":"Eternal Feather"},{"not_picked":["Black Star","Runic Pyramid"],"picked":"Busted Crown"}],"items_purged_floors":[],"is_endless":false,"potions_floor_spawned":[5,13,14,18,25,31,33,35,39,46],"ascension_level":0}