{"gold_per_floor":[112,131,142,153,228,243,276,276,299,330,330,342,517,550,550,648,648,648],"floor_reached":18,"playtime":1551,"items_purged":[],"score":200,"play_id":"7c114444-2b73-421b-8a81-456930e63b89","local_time":"20190714171450","is_ascension_mode":true,"campfire_choices":[{"floor":8,"key":"REST"},{"floor":11,"key":"REST"},{"data":"Armaments","floor":15,"key":"SMITH"}],"neow_cost":"NONE","seed_source_timestamp":112718832337270,"circlet_count":0,"master_deck":["Strike_R","Strike_R","Strike_R","Strike_R","Strike_R","Defend_R","Defend_R","Defend_R","Defend_R","Bash","Rage","Armaments+1","Perfected Strike","Clothesline","Shrug It Off","Clash","Twin Strike","Impervious","Decay","Regret"],"relics":["Burning Blood","Red Skull","Ancient Tea Set","Omamori","Art of War","Pen Nib","Calling Bell","Bag of Preparation","Pantograph","StoneCalendar"],"potions_floor_usage":[6,7,10],"damage_taken":[{"damage":14,"enemies":"Cultist","floor":1,"turns":5},{"damage":10,"enemies":"Small Slimes","floor":2,"turns":4},{"damage":0,"enemies":"Jaw Worm","floor":3,"turns":4},{"damage":11,"enemies":"Blue Slaver","floor":4,"turns":5},{"damage":10,"enemies":"Exordium Thugs","floor":6,"turns":5},{"damage":17,"enemies":"Gremlin Nob","floor":7,"turns":5},{"damage":29,"enemies":"3 Sentries","floor":10,"turns":13},{"damage":1,"enemies":"Looter","floor":12,"turns":3},{"damage":23,"enemies":"Lagavulin","floor":14,"turns":6},{"damage":30,"enemies":"The Guardian","floor":16,"turns":10},{"damage":0,"enemies":"3 Byrds","floor":18,"turns":1}],"seed_played":"1579941158501834070","potions_obtained":[{"floor":1,"key":"Explosive Potion"},{"floor":2,"key":"EssenceOfSteel"},{"floor":7,"key":"GamblersBrew"},{"floor":16,"key":"Weak Potion"}],"is_trial":false,"path_per_floor":["M","M","M","M","?","M","E","R","T","E","R","M","?","E","R","B",null,"M"],"character_chosen":"IRONCLAD","items_purchased":[],"campfire_rested":2,"item_purchase_floors":[],"current_hp_per_floor":[72,68,74,69,58,54,43,67,67,44,68,73,73,56,56,32,80,80],"gold":648,"neow_bonus":"RANDOM_COMMON_RELIC","is_prod":false,"is_daily":false,"chose_seed":false,"campfire_upgraded":1,"win_rate":0,"timestamp":1563142490,"path_taken":["M","M","?","M","?","M","E","R","T","E","R","M","?","E","R","BOSS","M"],"build_version":"2019-07-05","purchased_purges":0,"victory":false,"max_hp_per_floor":[80,80,80,80,80,80,80,80,80,80,80,80,80,80,80,80,80,80],"card_choices":[{"not_picked":["Blood for Blood","Warcry"],"picked":"Rage","floor":1},{"not_picked":["Twin Strike","Warcry"],"picked":"Armaments","floor":2},{"not_picked":["Pummel","Shrug It Off"],"picked":"Perfected Strike","floor":3},{"not_picked":["Thunderclap","Iron Wave"],"picked":"Clothesline","floor":4},{"not_picked":["Rage","Shockwave","Combust"],"picked":"SKIP","floor":6},{"not_picked":["Combust","Burning Pact"],"picked":"Shrug It Off","floor":7},{"not_picked":["Brutality","Armaments"],"picked":"Clash","floor":10},{"not_picked":["Flex","Thunderclap"],"picked":"Twin Strike","floor":12},{"not_picked":["Clash","Clothesline","Warcry"],"picked":"SKIP","floor":14},{"not_picked":["Juggernaut","Fiend Fire"],"picked":"Impervious","floor":16}],"player_experience":164865,"relics_obtained":[{"floor":7,"key":"Ancient Tea Set"},{"floor":9,"key":"Omamori"},{"floor":10,"key":"Art of War"},{"floor":14,"key":"Pen Nib"},{"floor":17,"key":"Bag of Preparation"},{"floor":17,"key":"Pantograph"},{"floor":17,"key":"StoneCalendar"}],"event_choices":[{"damage_healed":0,"gold_gain":75,"player_choice":"Gather Gold","damage_taken":11,"max_hp_gain":0,"max_hp_loss":0,"event_name":"World of Goop","floor":5,"gold_loss":0},{"damage_healed":0,"gold_gain":175,"player_choice":"AGREE","damage_taken":0,"max_hp_gain":0,"max_hp_loss":0,"event_name":"Liars Game","floor":13,"gold_loss":0,"cards_obtained":["Doubt"]}],"is_beta":false,"boss_relics":[{"not_picked":["Coffee Dripper","Velvet Choker"],"picked":"Calling Bell"}],"items_purged_floors":[],"is_endless":false,"potions_floor_spawned":[1,2,7,16],"killed_by":"3 Byrds","ascension_level":2}