{"gold_per_floor":[117,117,134,134,149,149,181,199,254,254,272,8,28,91,91,193,193,208,19,35,75,75,75,106,124,124,140,152,167,167,167],"floor_reached":31,"playtime":2029,"items_purged":[],"score":279,"play_id":"4fddf8cf-8352-4385-9007-7a8b4e07ca85","local_time":"20190704210746","is_ascension_mode":true,"campfire_choices":[{"floor":6.0,"key":"RECALL"},{"data":"Genetic Algorithm","floor":10.0,"key":"SMITH"},{"floor":15.0,"key":"REST"},{"floor":23.0,"key":"REST"}],"neow_cost":"NONE","seed_source_timestamp":0,"circlet_count":0,"master_deck":["Strike_B","Strike_B","Strike_B","Defend_B","Defend_B","Defend_B","Defend_B","Zap+1","Dualcast","Coolheaded","Ball Lightning","Gash","Sweeping Beam","Genetic Algorithm+1","Tempest+1","Ball Lightning","Defragment","Gash","Turbo","Chill","Echo Form","Leap","HandOfGreed","Beam Cell+1","Streamline","Undo","Blizzard","Go for the Eyes","Thunder Strike","Cold Snap","Doom and Gloom"],"special_seed":0,"relics":["Cracked Core","Meat on the Bone","War Paint","DataDisk","Lizard Tail","Shuriken"],"potions_floor_usage":[31],"damage_taken":[{"damage":2.0,"enemies":"Jaw Worm","floor":1.0,"turns":3.0},{"damage":5.0,"enemies":"Small Slimes","floor":3.0,"turns":3.0},{"damage":0.0,"enemies":"Cultist","floor":5.0,"turns":3.0},{"damage":24.0,"enemies":"Gremlin Nob","floor":7.0,"turns":4.0},{"damage":4.0,"enemies":"2 Fungi Beasts","floor":8.0,"turns":4.0},{"damage":30.0,"enemies":"Exordium Wildlife","floor":11.0,"turns":6.0},{"damage":2.0,"enemies":"3 Louse","floor":13.0,"turns":3.0},{"damage":9.0,"enemies":"Gremlin Nob","floor":14.0,"turns":3.0},{"damage":25.0,"enemies":"The Guardian","floor":16.0,"turns":9.0},{"damage":22.0,"enemies":"2 Thieves","floor":18.0,"turns":3.0},{"damage":10.0,"enemies":"3 Byrds","floor":20.0,"turns":5.0},{"damage":30.0,"enemies":"3 Cultists","floor":21.0,"turns":5.0},{"damage":31.0,"enemies":"Snake Plant","floor":24.0,"turns":5.0},{"damage":0.0,"enemies":"Cultist and Chosen","floor":25.0,"turns":5.0},{"damage":19.0,"enemies":"Shelled Parasite and Fungi","floor":27.0,"turns":5.0},{"damage":15.0,"enemies":"Sentry and Sphere","floor":28.0,"turns":4.0},{"damage":22.0,"enemies":"Snecko","floor":29.0,"turns":4.0},{"damage":72,"enemies":"Gremlin Leader","floor":31,"turns":8}],"seed_played":"-2820086375626204658","potions_obtained":[{"floor":3.0,"key":"Swift Potion"},{"floor":8.0,"key":"Strength Potion"},{"floor":11.0,"key":"SpeedPotion"},{"floor":13.0,"key":"Poison Potion"},{"floor":18.0,"key":"Regen Potion"},{"floor":28.0,"key":"Ancient Potion"},{"floor":29.0,"key":"Weak Potion"}],"is_trial":false,"path_per_floor":["M","?","M","?","M","R","E","M","T","R","M","$","M","?","R","B",null,"M","$","M","M","?","R","M","M","T","M","M","M","$","E"],"character_chosen":"DEFECT","items_purchased":["Defragment","Gash","War Paint","HandOfGreed"],"campfire_rested":2,"item_purchase_floors":[12,12,12,19],"current_hp_per_floor":[73,73,68,68,68,68,44,40,40,40,22,22,32,35,57,44,75,53,53,43,39,39,61,42,42,42,35,32,22,22,0],"gold":167,"neow_bonus":"TRANSFORM_CARD","is_prod":false,"is_daily":false,"chose_seed":false,"campfire_upgraded":1,"win_rate":0,"timestamp":1562288866,"path_taken":["M","?","M","?","M","R","E","M","T","R","M","$","M","?","R","BOSS","M","$","M","M","?","R","M","?","T","M","M","M","$","E"],"build_version":"2019-07-01","purchased_purges":0,"victory":false,"max_hp_per_floor":[75,75,75,75,75,75,75,75,75,75,75,75,75,75,75,75,75,75,75,75,75,75,75,75,75,75,75,75,75,75,75],"card_choices":[{"not_picked":["Coolheaded","Glacier"],"picked":"Ball Lightning","floor":1.0},{"not_picked":["FTL","Rebound"],"picked":"Gash","floor":3.0},{"not_picked":["Barrage","Rebound"],"picked":"Sweeping Beam","floor":5.0},{"not_picked":["Barrage","Redo"],"picked":"Genetic Algorithm","floor":7.0},{"not_picked":["Ball Lightning","Gash"],"picked":"Tempest","floor":8.0},{"not_picked":["Barrage","Stack"],"picked":"Ball Lightning","floor":11.0},{"not_picked":["Beam Cell","Sweeping Beam"],"picked":"Turbo","floor":13.0},{"not_picked":["Creative AI","Redo"],"picked":"Chill","floor":14.0},{"not_picked":["Seek","Meteor Strike"],"picked":"Echo Form","floor":16.0},{"not_picked":["Rebound","Lockon+1"],"picked":"Leap","floor":18.0},{"not_picked":["Recycle","Reinforced Body"],"picked":"Beam Cell+1","floor":20.0},{"not_picked":["Steam","Stack"],"picked":"Streamline","floor":21.0},{"not_picked":["Rebound+1","Chill+1"],"picked":"Blizzard","floor":24.0},{"not_picked":["Barrage","Redo"],"picked":"Go for the Eyes","floor":25.0},{"not_picked":["Coolheaded+1","Ball Lightning"],"picked":"Thunder Strike","floor":27.0},{"not_picked":["FTL","Steam"],"picked":"Cold Snap","floor":28.0},{"not_picked":["Heatsinks","Static Discharge"],"picked":"Doom and Gloom","floor":29.0}],"player_experience":539278,"relics_obtained":[{"floor":7.0,"key":"Meat on the Bone"},{"floor":26.0,"key":"Shuriken"}],"event_choices":[{"damage_healed":0.0,"max_hp_gain":0.0,"max_hp_loss":0.0,"gold_gain":0.0,"event_name":"Golden Wing","player_choice":"Ignored","floor":2.0,"gold_loss":0.0,"damage_taken":0.0},{"damage_healed":0.0,"max_hp_gain":0.0,"max_hp_loss":0.0,"gold_gain":0.0,"event_name":"The Cleric","player_choice":"Leave","floor":4.0,"gold_loss":0.0,"damage_taken":0.0},{"damage_healed":0.0,"max_hp_gain":0.0,"max_hp_loss":0.0,"gold_gain":0.0,"event_name":"Dead Adventurer","player_choice":"Searched \u00272\u0027 times","floor":14.0,"gold_loss":0.0,"damage_taken":0.0,"relics_obtained":["DataDisk"]},{"damage_healed":0.0,"max_hp_gain":0.0,"max_hp_loss":0.0,"gold_gain":0.0,"event_name":"Match and Keep!","player_choice":"1 cards matched","floor":22.0,"gold_loss":0.0,"damage_taken":0.0,"cards_obtained":["Undo"]}],"is_beta":false,"boss_relics":[{"not_picked":["Philosopher\u0027s Stone","Coffee Dripper"],"picked":"Lizard Tail"}],"items_purged_floors":[],"is_endless":false,"potions_floor_spawned":[3,8,11,13,18,28,29],"killed_by":"Gremlin Leader","ascension_level":3}