{"gold_per_floor":[114,114,129,209,32,32,62,62,87,102,117,132,162,177,177,277,277,292,82,82,97,97,97,127,127,127,142,157,172,222,252,252,352,352,367,367,382,397,14,344,359,389,389,389,138,138,138],"floor_reached":48,"playtime":4620,"items_purged":["Blizzard"],"score":890,"play_id":"db30589a-af4d-4dbe-a0d3-b33666186ea9","local_time":"20190719183513","daily_mods":["Insanity","Red Cards","Binary"],"is_ascension_mode":false,"campfire_choices":[{"data":"Apotheosis","floor":6.0,"key":"SMITH"},{"data":"Darkness","floor":8.0,"key":"SMITH"},{"data":"Hello World","floor":15.0,"key":"SMITH"},{"data":"Double Tap","floor":23,"key":"SMITH"},{"floor":25,"key":"REST"},{"floor":32,"key":"REST"}],"neow_cost":"","seed_source_timestamp":0,"circlet_count":0,"master_deck":["Conserve Battery","BootSequence","Steam","Clothesline","Warcry","Body Slam+1","Perfected Strike","Inflame","Reinforced Body","Body Slam","Conserve Battery","Darkness+1","Armaments","Reinforced Body","Seeing Red","Reprogram","Gash","Scrape","Conserve Battery","Rebound","Conserve Battery","Body Slam","Iron Wave","Sword Boomerang","Shrug It Off","Armaments","Barrage","Steam","Clothesline","Pommel Strike","Scrape","Loop","Battle Trance","Iron Wave","Melter","BootSequence","Go for the Eyes","Warcry","Beam Cell","Skim","Perfected Strike","Hello World+1","Sword Boomerang","Hologram","Entrench","Chaos","Heavy Blade","Rage","Apotheosis+1","Stack","Infernal Blade","Whirlwind","Double Tap+1","Static Discharge","Shrug It Off","PanicButton","RitualDagger","Doom and Gloom","Rip and Tear","Ball Lightning","Coolheaded","Pommel Strike","Electrodynamics","Flex+1","Gash+1","Master of Strategy","Undo+1","Panache"],"special_seed":18096,"relics":["Cracked Core","Blood Vial","Bronze Scales","Ornamental Fan","Philosopher\u0027s Stone","Dodecahedron","Bottled Lightning","Strawberry","Anchor","Black Star","Frozen Eye","PreservedInsect","Old Coin","Emotion Chip","DataDisk","Pantograph"],"potions_floor_usage":[42,47,47],"damage_taken":[{"damage":0.0,"enemies":"Jaw Worm","floor":1.0,"turns":2.0},{"damage":0.0,"enemies":"Cultist","floor":3.0,"turns":3.0},{"damage":7.0,"enemies":"Gremlin Nob","floor":7.0,"turns":4.0},{"damage":0.0,"enemies":"2 Louse","floor":10.0,"turns":2.0},{"damage":12.0,"enemies":"Blue Slaver","floor":11.0,"turns":4.0},{"damage":13.0,"enemies":"2 Fungi Beasts","floor":12.0,"turns":3.0},{"damage":0.0,"enemies":"Lagavulin","floor":13.0,"turns":6.0},{"damage":0.0,"enemies":"Red Slaver","floor":14.0,"turns":4.0},{"damage":1.0,"enemies":"Hexaghost","floor":16.0,"turns":9.0},{"damage":5,"enemies":"2 Thieves","floor":18,"turns":4},{"damage":0,"enemies":"Shell Parasite","floor":21,"turns":3},{"damage":36,"enemies":"Slavers","floor":24,"turns":5},{"damage":0,"enemies":"Chosen and Byrds","floor":27,"turns":4},{"damage":0,"enemies":"Snake Plant","floor":28,"turns":3},{"damage":1,"enemies":"Cultist and Chosen","floor":29,"turns":4},{"damage":18,"enemies":"Gremlin Leader","floor":31,"turns":5},{"damage":42,"enemies":"Automaton","floor":33,"turns":7},{"damage":0,"enemies":"Orb Walker","floor":35,"turns":3},{"damage":0,"enemies":"3 Darklings","floor":37,"turns":6},{"damage":0,"enemies":"Maw","floor":38,"turns":7},{"damage":0,"enemies":"Giant Head","floor":40,"turns":7},{"damage":0,"enemies":"Sphere and 2 Shapes","floor":41,"turns":4},{"damage":0,"enemies":"Reptomancer","floor":42,"turns":4},{"damage":30,"enemies":"Awakened One","floor":47,"turns":11}],"seed_played":"-5274063777355078478","potions_obtained":[{"floor":1.0,"key":"Block Potion"},{"floor":7.0,"key":"Regen Potion"},{"floor":11.0,"key":"FocusPotion"},{"floor":31,"key":"Swift Potion"},{"floor":42,"key":"SkillPotion"}],"is_trial":false,"path_per_floor":["M","?","M","?","$","R","E","R","T","M","M","M","E","M","R","B",null,"M","$","?","M","?","R","E","R","T","M","M","M","T","E","R","B",null,"M","?","M","M","$","E","M","E","T","?","$","?","B",null],"character_chosen":"DEFECT","items_purchased":["Apotheosis","GamblersBrew","Shrug It Off","PanicButton","Master of Strategy","Frozen Eye","Panache"],"campfire_rested":2,"item_purchase_floors":[5,19,19,19,39,39,45],"current_hp_per_floor":[75,75,75,75,75,75,68,68,68,70,60,49,51,53,53,54,75,70,70,64,66,66,66,32,54,54,56,58,59,66,50,74,34,82,82,82,82,82,82,82,82,82,82,78,78,78,48],"gold":138,"neow_bonus":"","is_prod":false,"is_daily":true,"chose_seed":false,"campfire_upgraded":4,"win_rate":0,"timestamp":1563586513,"path_taken":["M","?","M","?","?","R","E","R","T","M","M","M","E","?","R","BOSS","M","$","?","M","?","R","E","R","T","M","M","M","?","E","R","BOSS","M","?","M","M","$","E","M","E","T","?","$","?","BOSS"],"build_version":"2019-07-17","purchased_purges":1,"victory":true,"max_hp_per_floor":[75,75,75,75,75,75,75,75,75,75,75,75,75,75,75,75,75,75,75,75,75,75,75,75,75,75,75,75,75,82,82,82,82,82,82,82,82,82,82,82,82,82,82,78,78,78,78],"card_choices":[{"not_picked":["True Grit","Sentinel"],"picked":"SKIP","floor":1.0},{"not_picked":["Stack"],"picked":"Rage","floor":3.0},{"not_picked":["Disarm"],"picked":"Stack","floor":7.0},{"not_picked":["Hologram","Uppercut"],"picked":"SKIP","floor":10.0},{"not_picked":["Headbutt","Flex"],"picked":"SKIP","floor":11.0},{"not_picked":["Body Slam"],"picked":"Infernal Blade","floor":12.0},{"not_picked":["Twin Strike"],"picked":"Whirlwind","floor":13.0},{"not_picked":["Rupture","Barrage"],"picked":"SKIP","floor":14.0},{"not_picked":["Multi-Cast"],"picked":"Double Tap","floor":16.0},{"not_picked":["Fusion"],"picked":"Static Discharge","floor":18},{"not_picked":["Streamline","Heavy Blade"],"picked":"SKIP","floor":21},{"not_picked":["Hello World"],"picked":"Ball Lightning","floor":24},{"not_picked":["Streamline","Anger+1"],"picked":"SKIP","floor":27},{"not_picked":["Hemokinesis"],"picked":"Coolheaded","floor":28},{"not_picked":["Fire Breathing"],"picked":"Pommel Strike","floor":29},{"not_picked":["Steam","Shrug It Off"],"picked":"SKIP","floor":31},{"not_picked":["Creative AI"],"picked":"Electrodynamics","floor":33},{"not_picked":["Wild Strike+1","Dropkick+1"],"picked":"SKIP","floor":35},{"not_picked":["Go for the Eyes+1"],"picked":"Flex+1","floor":37},{"not_picked":["Biased Cognition"],"picked":"Gash+1","floor":38},{"not_picked":["Pommel Strike","Defragment"],"picked":"SKIP","floor":40},{"not_picked":["Coolheaded+1","Iron Wave+1"],"picked":"SKIP","floor":41},{"not_picked":["Anger+1"],"picked":"Undo+1","floor":42}],"player_experience":157417,"relics_obtained":[{"floor":7.0,"key":"Blood Vial"},{"floor":9.0,"key":"Bronze Scales"},{"floor":13.0,"key":"Ornamental Fan"},{"floor":24,"key":"Dodecahedron"},{"floor":26,"key":"Bottled Lightning"},{"floor":30,"key":"Strawberry"},{"floor":31,"key":"Anchor"},{"floor":40,"key":"PreservedInsect"},{"floor":40,"key":"Old Coin"},{"floor":42,"key":"Emotion Chip"},{"floor":42,"key":"DataDisk"},{"floor":43,"key":"Pantograph"}],"event_choices":[{"damage_healed":0.0,"max_hp_gain":0.0,"max_hp_loss":0.0,"gold_gain":0.0,"event_name":"Living Wall","player_choice":"Grow","floor":2.0,"gold_loss":0.0,"damage_taken":0.0,"cards_upgraded":["Body Slam"]},{"damage_healed":0.0,"max_hp_gain":0.0,"max_hp_loss":0.0,"gold_gain":80.0,"event_name":"Golden Wing","player_choice":"Gained Gold","floor":4.0,"gold_loss":0.0,"damage_taken":0.0},{"damage_healed":0,"gold_gain":0,"player_choice":"Joined the Cult","damage_taken":6,"max_hp_gain":0,"max_hp_loss":0,"event_name":"Nest","floor":20,"gold_loss":0,"cards_obtained":["RitualDagger"]},{"damage_healed":0,"gold_gain":0,"cards_transformed":["Hemokinesis","Sentinel"],"player_choice":"Became Test Subject","damage_taken":0,"max_hp_gain":0,"max_hp_loss":0,"event_name":"Drug Dealer","floor":22,"gold_loss":0,"cards_obtained":["Doom and Gloom","Rip and Tear"]},{"damage_healed":0,"gold_gain":0,"player_choice":"Ignored","damage_taken":0,"max_hp_gain":0,"max_hp_loss":0,"event_name":"Tomb of Lord Red Mask","floor":36,"gold_loss":0},{"damage_healed":0,"gold_gain":0,"player_choice":"Max HP","damage_taken":0,"max_hp_gain":0,"max_hp_loss":4,"event_name":"Winding Halls","floor":44,"gold_loss":0},{"damage_healed":0,"gold_gain":0,"player_choice":"Took Portal","damage_taken":0,"max_hp_gain":0,"max_hp_loss":0,"event_name":"SecretPortal","floor":46,"gold_loss":0}],"is_beta":false,"boss_relics":[{"not_picked":["Inserter","Empty Cage"],"picked":"Philosopher\u0027s Stone"},{"not_picked":["Lizard Tail","Sozu"],"picked":"Black Star"}],"items_purged_floors":[45],"is_endless":false,"potions_floor_spawned":[1,7,11,21,24,28,31,33,35,42],"ascension_level":0}