{"gold_per_floor":[17,27,27,27,202,202,233,255,293,305,329,357,369,394,406,418],"floor_reached":16,"playtime":884,"items_purged":[],"score":102,"play_id":"9b6b5b8c-1269-481e-85a0-7887ca44e551","local_time":"20190221182213","is_ascension_mode":false,"campfire_choices":[{"data":"Genetic Algorithm","floor":6.0,"key":"SMITH"},{"floor":13,"key":"REST"},{"floor":15,"key":"RECALL"}],"neow_cost":"NO_GOLD","seed_source_timestamp":0,"circlet_count":0,"master_deck":["Strike_B","Strike_B","Strike_B","Strike_B","Defend_B","Defend_B","Defend_B","Defend_B","Zap","Dualcast","Seek","Genetic Algorithm+1","Conserve Battery","Doubt","Conserve Battery","Fusion","Hologram","Beam Cell","Undo"],"special_seed":0,"relics":["Cracked Core","MawBank","Anchor"],"potions_floor_usage":[16,16],"damage_taken":[{"damage":6.0,"enemies":"Jaw Worm","floor":1.0,"turns":3.0},{"damage":5.0,"enemies":"Small Slimes","floor":2.0,"turns":3.0},{"damage":42.0,"enemies":"Lagavulin","floor":7.0,"turns":9.0},{"damage":0.0,"enemies":"2 Louse","floor":8.0,"turns":2.0},{"damage":0.0,"enemies":"Blue Slaver","floor":11.0,"turns":6.0},{"damage":0.0,"enemies":"3 Louse","floor":12.0,"turns":6.0},{"damage":0,"enemies":"Looter","floor":14,"turns":3},{"damage":54,"enemies":"Hexaghost","floor":16,"turns":14}],"seed_played":"941952451531253632","potions_obtained":[{"floor":1.0,"key":"PowerPotion"},{"floor":2.0,"key":"Energy Potion"},{"floor":7.0,"key":"FearPotion"},{"floor":14,"key":"Fire Potion"}],"is_trial":false,"path_per_floor":["M","M","?","?","?","R","E","M","T","$","M","M","R","M","R","B"],"character_chosen":"DEFECT","items_purchased":[],"campfire_rested":1,"item_purchase_floors":[],"current_hp_per_floor":[69,64,69,69,69,69,27,27,27,27,27,27,51,51,51,0],"gold":418,"neow_bonus":"THREE_RARE_CARDS","is_prod":false,"is_daily":false,"chose_seed":false,"campfire_upgraded":1,"win_rate":0,"timestamp":1550791333,"path_taken":["M","M","?","?","?","R","E","M","T","?","?","M","R","M","R","BOSS"],"build_version":"2019-01-23","purchased_purges":0,"victory":false,"max_hp_per_floor":[75,75,80,80,80,80,80,80,80,80,80,80,80,80,80,80],"card_choices":[{"not_picked":["Meteor Strike","Machine Learning"],"picked":"Seek","floor":0.0},{"not_picked":["Gash","Reprogram"],"picked":"Genetic Algorithm","floor":1.0},{"not_picked":["Barrage","Rebound"],"picked":"Conserve Battery","floor":2.0},{"not_picked":["Ball Lightning","Lockon"],"picked":"Conserve Battery","floor":7.0},{"not_picked":["Turbo","Biased Cognition"],"picked":"Fusion","floor":8.0},{"not_picked":["Ball Lightning","Streamline"],"picked":"Hologram","floor":11.0},{"not_picked":["Stack","Streamline"],"picked":"Beam Cell","floor":12.0},{"not_picked":["Compile Driver","Leap"],"picked":"Undo","floor":14}],"player_experience":243209,"relics_obtained":[{"floor":7.0,"key":"MawBank"},{"floor":9.0,"key":"Anchor"}],"event_choices":[{"damage_healed":0.0,"max_hp_gain":5.0,"max_hp_loss":0.0,"gold_gain":0.0,"event_name":"Big Fish","player_choice":"Donut","floor":3.0,"gold_loss":0.0,"damage_taken":0.0},{"damage_healed":0.0,"max_hp_gain":0.0,"max_hp_loss":0.0,"gold_gain":0.0,"event_name":"Golden Wing","player_choice":"Ignored","floor":4.0,"gold_loss":0.0,"damage_taken":0.0},{"damage_healed":0.0,"max_hp_gain":0.0,"max_hp_loss":0.0,"gold_gain":175.0,"event_name":"Liars Game","player_choice":"AGREE","floor":5.0,"gold_loss":0.0,"damage_taken":0.0,"cards_obtained":["Doubt"]}],"is_beta":false,"boss_relics":[],"items_purged_floors":[],"is_endless":false,"potions_floor_spawned":[1,2,7,14],"killed_by":"Hexaghost","ascension_level":0}