{"gold_per_floor":[117,134,147,164,164,164,179,179,179,179,194,369,30,40,40,40],"floor_reached":16,"playtime":1449,"items_purged":[],"score":94,"play_id":"f656e0de-2f0f-42c1-9ed3-8b79d96e200a","local_time":"20190623184358","is_ascension_mode":false,"campfire_choices":[{"floor":6,"key":"REST"},{"data":"Footwork","floor":8,"key":"SMITH"},{"data":"Dagger Spray","floor":10,"key":"SMITH"},{"data":"Dodge and Roll","floor":15,"key":"SMITH"}],"neow_cost":"NONE","seed_source_timestamp":62344471811800,"circlet_count":0,"master_deck":["Defend_G","Defend_G","Defend_G","Defend_G","Defend_G","Strike_G","Strike_G","Strike_G","Strike_G","Strike_G","Survivor","Neutralize","Footwork+1","Heel Hook","Slice","Terror","Dagger Spray+1","Deflect","Doubt","Dodge and Roll+1"],"relics":["Ring of the Snake","Dodecahedron","Torii","Membership Card","Matryoshka"],"potions_floor_usage":[7,16,16],"damage_taken":[{"damage":1,"enemies":"Cultist","floor":1,"turns":4},{"damage":3,"enemies":"Small Slimes","floor":2,"turns":6},{"damage":0,"enemies":"Jaw Worm","floor":3,"turns":5},{"damage":4,"enemies":"3 Louse","floor":4,"turns":7},{"damage":0,"enemies":"Looter","floor":7,"turns":3},{"damage":0,"enemies":"Gremlin Gang","floor":11,"turns":3},{"damage":0,"enemies":"Blue Slaver","floor":14,"turns":3},{"damage":8,"enemies":"The Guardian","floor":16,"turns":10}],"seed_played":"-3487233472180303571","potions_obtained":[{"floor":1,"key":"SteroidPotion"},{"floor":3,"key":"LiquidBronze"},{"floor":4,"key":"SteroidPotion"}],"is_trial":false,"path_per_floor":["M","M","M","M","?","R","M","R","T","R","M","?","$","M","R","B"],"character_chosen":"THE_SILENT","items_purchased":["Membership Card","Matryoshka"],"campfire_rested":1,"item_purchase_floors":[13,13],"current_hp_per_floor":[76,73,73,69,57,77,77,77,77,77,77,77,77,77,77,69],"gold":40,"neow_bonus":"TEN_PERCENT_HP_BONUS","is_prod":false,"is_daily":false,"chose_seed":false,"campfire_upgraded":3,"win_rate":0,"timestamp":1561329838,"path_taken":["M","M","M","M","?","R","M","R","T","R","M","?","$","M","R","BOSS"],"build_version":"2019-01-23","purchased_purges":0,"victory":false,"max_hp_per_floor":[77,77,77,77,77,77,77,77,77,77,77,77,77,77,77,77],"card_choices":[{"not_picked":["Dagger Throw","Setup"],"picked":"Footwork","floor":1},{"not_picked":["Prepared","Crippling Poison"],"picked":"Heel Hook","floor":2},{"not_picked":["Endless Agony","Sucker Punch"],"picked":"Slice","floor":3},{"not_picked":["Grand Finale","Poisoned Stab"],"picked":"Terror","floor":4},{"not_picked":["Backflip","Dagger Throw"],"picked":"Dagger Spray","floor":7},{"not_picked":["Concentrate","Expertise"],"picked":"Deflect","floor":11},{"not_picked":["Blade Dance","Phantasmal Killer"],"picked":"Dodge and Roll","floor":14}],"player_experience":469121,"relics_obtained":[{"floor":9,"key":"Torii"}],"event_choices":[{"damage_healed":0,"gold_gain":0,"player_choice":"Success","damage_taken":12,"relics_obtained":["Dodecahedron"],"max_hp_gain":0,"max_hp_loss":0,"event_name":"Scrap Ooze","floor":5,"gold_loss":0},{"damage_healed":0,"gold_gain":175,"player_choice":"AGREE","damage_taken":0,"max_hp_gain":0,"max_hp_loss":0,"event_name":"Liars Game","floor":12,"gold_loss":0,"cards_obtained":["Doubt"]}],"is_beta":false,"boss_relics":[],"items_purged_floors":[],"is_endless":false,"potions_floor_spawned":[1,3,4],"killed_by":"The Guardian","ascension_level":0}