{"gold_per_floor":[213,288,288,304,320,320,333,333,333,298,298,313,332,351,351,451,451,468,479,479,145,108,108,137,137,162,162,177,195,195,206,206,304,304,324,340,340,340,351,370,370,452,452,464,464,480,511,511,511,511,511,511,37,37],"floor_reached":54,"playtime":3489,"items_purged":["Multi-Cast"],"score":681,"play_id":"467ec793-a99f-4401-9467-8feeab0d6c96","local_time":"20181231125614","is_ascension_mode":false,"campfire_choices":[{"data":"Zap","floor":6,"key":"SMITH"},{"data":"Go for the Eyes","floor":8,"key":"SMITH"},{"data":"Conserve Battery","floor":11,"key":"SMITH"},{"data":"Melter","floor":15,"key":"SMITH"},{"data":"Static Discharge","floor":23,"key":"SMITH"},{"data":"Conserve Battery","floor":25,"key":"SMITH"},{"data":"Glacier","floor":27,"key":"SMITH"},{"data":"Reinforced Body","floor":32,"key":"SMITH"},{"data":"Static Discharge","floor":41,"key":"SMITH"},{"floor":49,"key":"RECALL"},{"data":"1","floor":52,"key":"LIFT"}],"neow_cost":"NONE","seed_source_timestamp":250190678026,"circlet_count":0,"master_deck":["Zap+1","Conserve Battery+1","Ball Lightning","Coolheaded","Go for the Eyes+1","Creative AI","Melter+1","Consume","Electrodynamics","Glacier+1","Gash","Conserve Battery+1","Self Repair","Coolheaded","Machine Learning","Undo","Undo+1","Reinforced Body","Static Discharge+1","Reinforced Body","Chill","Reinforced Body+1","Defragment+1","Echo Form+1","Static Discharge+1","Hologram+1","FTL+1","Aggregate+1","Redo+1","Magnetism","Blind","Apotheosis","Static Discharge"],"relics":["Cracked Core","Gremlin Horn","Cables","Pandora\u0027s Box","Anchor","Strawberry","Bag of Marbles","White Beast Statue","Mercury Hourglass","Girya","Oddly Smooth Stone","Strange Spoon"],"potions_floor_usage":[16,18,33,50,54],"damage_taken":[{"damage":1,"enemies":"2 Louse","floor":1,"turns":3},{"damage":0,"enemies":"Small Slimes","floor":4,"turns":3},{"damage":0,"enemies":"Jaw Worm","floor":5,"turns":2},{"damage":4,"enemies":"2 Fungi Beasts","floor":7,"turns":3},{"damage":2,"enemies":"Exordium Thugs","floor":12,"turns":3},{"damage":3,"enemies":"3 Louse","floor":13,"turns":3},{"damage":0,"enemies":"Red Slaver","floor":14,"turns":2},{"damage":7,"enemies":"Slime Boss","floor":16,"turns":11},{"damage":8,"enemies":"2 Thieves","floor":18,"turns":3},{"damage":0,"enemies":"Spheric Guardian","floor":19,"turns":2},{"damage":0,"enemies":"Book of Stabbing","floor":24,"turns":9},{"damage":6,"enemies":"Snake Plant","floor":28,"turns":6},{"damage":2,"enemies":"Shelled Parasite and Fungi","floor":29,"turns":11},{"damage":0,"enemies":"Centurion and Healer","floor":31,"turns":9},{"damage":23,"enemies":"Collector","floor":33,"turns":8},{"damage":0,"enemies":"3 Darklings","floor":35,"turns":5},{"damage":0,"enemies":"Orb Walker","floor":36,"turns":6},{"damage":16,"enemies":"Transient","floor":39,"turns":5},{"damage":0,"enemies":"Sphere and 2 Shapes","floor":40,"turns":4},{"damage":0,"enemies":"Maw","floor":44,"turns":9},{"damage":15,"enemies":"Transient","floor":46,"turns":5},{"damage":2,"enemies":"Nemesis","floor":47,"turns":11},{"damage":7,"enemies":"Time Eater","floor":50,"turns":15},{"damage":84,"enemies":"Shield and Spear","floor":54,"turns":8}],"seed_played":"4725291126470533239","potions_obtained":[{"floor":4,"key":"FocusPotion"},{"floor":12,"key":"Energy Potion"},{"floor":13,"key":"Poison Potion"},{"floor":18,"key":"Weak Potion"},{"floor":20,"key":"LiquidBronze"},{"floor":20,"key":"Swift Potion"},{"floor":35,"key":"Poison Potion"},{"floor":36,"key":"LiquidBronze"},{"floor":44,"key":"Strength Potion"},{"floor":46,"key":"FocusPotion"}],"is_trial":false,"path_per_floor":["M","?","?","M","M","R","M","R","T","?","R","M","M","M","R","B",null,"M","M","?","$","$","R","E","R","T","R","M","M","?","M","R","B",null,"M","M","?","?","M","M","R","T","T","M","?","M","E","?","R","B",null,"R","$","E"],"character_chosen":"DEFECT","items_purchased":["Anchor","Reinforced Body","Static Discharge","Reinforced Body","Oddly Smooth Stone","SkillPotion","Strange Spoon","Static Discharge"],"campfire_rested":0,"item_purchase_floors":[21,21,21,22,53,53,53,53],"current_hp_per_floor":[74,63,38,38,38,38,34,34,34,52,52,50,47,47,47,40,75,74,74,74,74,74,74,82,82,82,82,82,82,82,82,82,66,82,82,82,82,82,66,66,66,66,66,73,63,48,56,56,56,59,82,82,82,0],"gold":37,"neow_bonus":"HUNDRED_GOLD","is_prod":false,"is_daily":false,"chose_seed":false,"campfire_upgraded":9,"win_rate":0,"timestamp":1546278974,"path_taken":["M","?","?","M","M","R","M","R","T","?","R","M","M","M","R","BOSS","M","M","?","?","$","R","E","R","T","R","M","M","?","M","R","BOSS","M","M","?","?","?","M","R","?","T","M","?","M","E","?","R","BOSS","R","$","E"],"build_version":"2018-12-25","purchased_purges":1,"victory":false,"max_hp_per_floor":[75,75,75,75,75,75,75,75,75,75,75,75,75,75,75,75,75,75,75,75,75,75,75,82,82,82,82,82,82,82,82,82,82,82,82,82,82,82,82,82,82,82,82,82,82,82,82,82,82,82,82,82,82,82],"card_choices":[{"not_picked":["Stack","Beam Cell"],"picked":"Conserve Battery","floor":1},{"not_picked":["Gash","Reprogram"],"picked":"Ball Lightning","floor":4},{"not_picked":["Redo","Turbo"],"picked":"Coolheaded","floor":5},{"not_picked":["Coolheaded","Hologram"],"picked":"Go for the Eyes","floor":7},{"not_picked":["Redo","Streamline"],"picked":"Creative AI","floor":12},{"not_picked":["Stack","Ball Lightning"],"picked":"Melter","floor":13},{"not_picked":["Sweeping Beam","Hello World"],"picked":"Consume","floor":14},{"not_picked":["Core Surge","Rainbow"],"picked":"Electrodynamics","floor":16},{"not_picked":["Consume","Gash+1","Sweeping Beam"],"picked":"SKIP","floor":18},{"not_picked":["Conserve Battery","Chill"],"picked":"Undo+1","floor":19},{"not_picked":["Darkness","Barrage+1"],"picked":"Chill","floor":24},{"not_picked":["Cold Snap","Gash"],"picked":"Reinforced Body","floor":28},{"not_picked":["Turbo","Sweeping Beam","Steam+1"],"picked":"SKIP","floor":29},{"not_picked":["Turbo","Sweeping Beam","Steam+1"],"picked":"SKIP","floor":29},{"not_picked":["Cold Snap","Rebound"],"picked":"Defragment+1","floor":31},{"not_picked":["Amplify","Seek"],"picked":"Echo Form","floor":33},{"not_picked":["Sunder","Gash"],"picked":"Static Discharge","floor":35},{"not_picked":["Gash+1","Steam"],"picked":"Hologram+1","floor":36},{"not_picked":["Steam+1","Stack"],"picked":"FTL+1","floor":39},{"not_picked":["Leap","Stack"],"picked":"Aggregate+1","floor":40},{"not_picked":["Streamline","Sweeping Beam+1"],"picked":"Redo+1","floor":44},{"not_picked":["PanicButton","Enlightenment"],"picked":"Magnetism","floor":45},{"not_picked":["Good Instincts","Jack Of All Trades"],"picked":"Blind","floor":45},{"not_picked":["HandOfGreed","Jack Of All Trades"],"picked":"Apotheosis","floor":45},{"not_picked":["Barrage","Turbo+1","Ball Lightning"],"picked":"SKIP","floor":46},{"not_picked":["Gash+1","Lockon","Streamline"],"picked":"SKIP","floor":47}],"player_experience":710626,"relics_obtained":[{"floor":9,"key":"Cables"},{"floor":24,"key":"Strawberry"},{"floor":26,"key":"Bag of Marbles"},{"floor":43,"key":"Mercury Hourglass"},{"floor":47,"key":"Girya"}],"event_choices":[{"damage_healed":0,"gold_gain":75,"player_choice":"Gather Gold","damage_taken":11,"max_hp_gain":0,"max_hp_loss":0,"event_name":"World of Goop","floor":2,"gold_loss":0},{"damage_healed":0,"gold_gain":0,"player_choice":"Success","damage_taken":25,"relics_obtained":["Gremlin Horn"],"max_hp_gain":0,"max_hp_loss":0,"event_name":"Scrap Ooze","floor":3,"gold_loss":0},{"damage_healed":18,"gold_gain":0,"player_choice":"Healed","damage_taken":0,"max_hp_gain":0,"max_hp_loss":0,"event_name":"The Cleric","floor":10,"gold_loss":35},{"damage_healed":0,"gold_gain":0,"player_choice":"Got Potions","damage_taken":0,"max_hp_gain":0,"max_hp_loss":0,"event_name":"Lab","floor":20,"gold_loss":0},{"cards_removed":["Dualcast"],"damage_healed":0,"gold_gain":0,"player_choice":"Purged","damage_taken":0,"max_hp_gain":0,"max_hp_loss":0,"event_name":"Purifier","floor":30,"gold_loss":0},{"damage_healed":0,"gold_gain":0,"player_choice":"Ignored","damage_taken":0,"max_hp_gain":0,"max_hp_loss":0,"event_name":"Tomb of Lord Red Mask","floor":37,"gold_loss":0},{"damage_healed":0,"gold_gain":0,"player_choice":"Ignored","damage_taken":0,"max_hp_gain":0,"max_hp_loss":0,"event_name":"NoteForYourself","floor":38,"gold_loss":0},{"damage_healed":0,"gold_gain":0,"player_choice":"Memory 3","damage_taken":10,"max_hp_gain":0,"max_hp_loss":0,"event_name":"SensoryStone","floor":45,"gold_loss":0},{"damage_healed":0,"gold_gain":0,"player_choice":"Upgraded","damage_taken":0,"max_hp_gain":0,"max_hp_loss":0,"event_name":"Upgrade Shrine","floor":48,"gold_loss":0,"cards_upgraded":["Echo Form"]}],"is_beta":true,"boss_relics":[{"not_picked":["Calling Bell","Cursed Key"],"picked":"Pandora\u0027s Box"},{"not_picked":["Orrery","FrozenCore"],"picked":"White Beast Statue"}],"items_purged_floors":[21],"is_endless":false,"potions_floor_spawned":[4,12,13,18,24,29,31,35,36,39,40,44,46,47],"killed_by":"Shield and Spear","ascension_level":0}