{"gold_per_floor":[113,113,39,49,68,93,108,108,108,138,138,138,138,159,159,252,252,272,272,290,66,85,85],"floor_reached":23,"playtime":1293,"items_purged":["Normality"],"score":484,"play_id":"78941bbc-b1ee-4a64-b3d3-28cba39997b4","local_time":"20190118033810","is_ascension_mode":true,"campfire_choices":[{"data":"Dual Wield","floor":8.0,"key":"SMITH"},{"data":"Feed","floor":13.0,"key":"SMITH"},{"data":"Uppercut","floor":15.0,"key":"SMITH"}],"neow_cost":"NONE","seed_source_timestamp":633891420817621,"circlet_count":0,"master_deck":["AscendersBane","Strike_R","Strike_R","Strike_R","Strike_R","Strike_R","Defend_R","Defend_R","Defend_R","Defend_R","Bash","Feed+1","Clothesline","Metallicize+1","Uppercut+1","Shrug It Off","Dual Wield+1","Seeing Red","Injury","Feed","Regret","Parasite","Pain","Iron Wave","Armaments"],"special_seed":0,"relics":["Burning Blood","Kunai","Pen Nib","Blue Candle","Golden Idol","Calling Bell","Bag of Marbles","Frozen Egg 2","Girya","WarpedTongs","Anchor"],"potions_floor_usage":[23,23],"damage_taken":[{"damage":1.0,"enemies":"Cultist","floor":1.0,"turns":4.0},{"damage":2.0,"enemies":"Jaw Worm","floor":4.0,"turns":3.0},{"damage":7.0,"enemies":"2 Louse","floor":5.0,"turns":3.0},{"damage":26.0,"enemies":"3 Sentries","floor":6.0,"turns":15.0},{"damage":10.0,"enemies":"Blue Slaver","floor":7.0,"turns":5.0},{"damage":5.0,"enemies":"3 Louse","floor":14.0,"turns":5.0},{"damage":51.0,"enemies":"Slime Boss","floor":16.0,"turns":30.0},{"damage":38.0,"enemies":"Chosen","floor":18.0,"turns":7.0},{"damage":25.0,"enemies":"Spheric Guardian","floor":20.0,"turns":6.0},{"damage":21.0,"enemies":"Snake Plant","floor":22.0,"turns":4.0},{"damage":33,"enemies":"Slavers","floor":23,"turns":2}],"seed_played":"-1913656957067432480","potions_obtained":[{"floor":1.0,"key":"PowerPotion"},{"floor":7.0,"key":"Strength Potion"},{"floor":20.0,"key":"Poison Potion"},{"floor":22.0,"key":"SkillPotion"}],"is_trial":false,"path_per_floor":["M","?","$","M","M","E","M","R","T","?","?","?","R","M","R","B",null,"M","?","M","$","M","E"],"character_chosen":"IRONCLAD","items_purchased":["Metallicize","Anchor"],"campfire_rested":0,"item_purchase_floors":[3,21],"current_hp_per_floor":[76,50,50,57,59,42,41,41,41,41,41,41,41,46,46,13,83,55,55,40,40,29,0],"gold":85,"neow_bonus":"ONE_RANDOM_RARE_CARD","is_prod":false,"is_daily":false,"chose_seed":false,"campfire_upgraded":3,"win_rate":0,"timestamp":1547800690,"path_taken":["M","?","?","?","M","E","M","R","T","?","?","?","R","?","R","BOSS","M","?","?","$","?","E"],"build_version":"2019-01-16","purchased_purges":1,"victory":false,"max_hp_per_floor":[78,78,78,81,84,87,90,90,90,90,90,90,90,94,94,106,106,110,110,114,114,118,118],"card_choices":[{"not_picked":["Power Through","Warcry"],"picked":"Clothesline","floor":1.0},{"not_picked":["Perfected Strike","Thunderclap"],"picked":"Uppercut","floor":4.0},{"not_picked":["Dropkick","Anger"],"picked":"Shrug It Off","floor":5.0},{"not_picked":["Clash","Shrug It Off"],"picked":"Dual Wield","floor":6.0},{"not_picked":["Body Slam","Anger"],"picked":"Seeing Red","floor":7.0},{"not_picked":["Heavy Blade","Combust","Anger"],"picked":"SKIP","floor":14.0},{"not_picked":["Berserk","Dark Embrace"],"picked":"Feed","floor":16.0},{"not_picked":["Clothesline","Clash+1","Havoc"],"picked":"SKIP","floor":18.0},{"not_picked":["Clothesline","Seeing Red"],"picked":"Iron Wave","floor":20.0},{"not_picked":["Headbutt","Perfected Strike"],"picked":"Armaments","floor":22.0}],"player_experience":854178,"relics_obtained":[{"floor":6.0,"key":"Pen Nib"},{"floor":9.0,"key":"Blue Candle"},{"floor":17.0,"key":"Bag of Marbles"},{"floor":17.0,"key":"Frozen Egg 2"},{"floor":17.0,"key":"Girya"}],"event_choices":[{"damage_healed":0.0,"max_hp_gain":0.0,"max_hp_loss":0.0,"gold_gain":0.0,"event_name":"Scrap Ooze","player_choice":"Success","floor":2.0,"gold_loss":0.0,"damage_taken":26.0,"relics_obtained":["Kunai"]},{"damage_healed":0.0,"max_hp_gain":0.0,"max_hp_loss":0.0,"gold_gain":30.0,"event_name":"Dead Adventurer","player_choice":"Searched \u00272\u0027 times","floor":10.0,"gold_loss":0.0,"damage_taken":0.0},{"damage_healed":0.0,"max_hp_gain":0.0,"max_hp_loss":0.0,"gold_gain":0.0,"event_name":"Golden Idol","player_choice":"Take Wound","floor":11.0,"gold_loss":0.0,"damage_taken":0.0,"relics_obtained":["Golden Idol"],"cards_obtained":["Injury"]},{"damage_healed":0.0,"max_hp_gain":0.0,"max_hp_loss":0.0,"gold_gain":0.0,"event_name":"Upgrade Shrine","player_choice":"Upgraded","floor":12.0,"gold_loss":0.0,"damage_taken":0.0,"cards_upgraded":["Metallicize"]},{"damage_healed":0.0,"max_hp_gain":0.0,"max_hp_loss":0.0,"gold_gain":0.0,"event_name":"Accursed Blacksmith","player_choice":"Rummage","floor":19.0,"gold_loss":0.0,"damage_taken":0.0,"relics_obtained":["WarpedTongs"],"cards_obtained":["Pain"]}],"is_beta":true,"boss_relics":[{"not_picked":["Velvet Choker","Coffee Dripper"],"picked":"Calling Bell"}],"items_purged_floors":[21],"is_endless":false,"potions_floor_spawned":[1,7,20,22],"killed_by":"Slavers","ascension_level":15}