{"gold_per_floor":[111,130,147,160,175,200,217,217,267,302,302,321,321,334,334,436,436,455,155,155,40,40,40,73,73,100,118,130,130,148,162,162,261,261,272,283,88,88,88,88,98,108,133,146,146,174,17,30,30,30],"floor_reached":50,"playtime":3315,"items_purged":[],"score":584,"play_id":"55c1a126-8b11-4f51-9bb0-ed709c88584f","local_time":"20190602110012","is_ascension_mode":true,"campfire_choices":[{"floor":13.0,"key":"RECALL"},{"floor":15.0,"key":"REST"},{"data":"Feed","floor":23.0,"key":"SMITH"},{"floor":25.0,"key":"REST"},{"floor":29.0,"key":"REST"},{"data":"Inflame","floor":32.0,"key":"SMITH"},{"floor":40.0,"key":"REST"},{"floor":49,"key":"REST"}],"neow_cost":"NONE","seed_source_timestamp":0,"circlet_count":0,"master_deck":["Strike_R","Strike_R","Defend_R","Defend_R","Defend_R","Defend_R","Bash","Twin Strike","Iron Wave","Metallicize+1","Clash","Carnage","Anger","Anger","Feed+1","Anger","Exhume","Clash","Intimidate","Iron Wave+1","Clash+1","Inflame+1","Perfected Strike","Double Tap","Twin Strike+1","Dual Wield+1","Impervious+1","Twin Strike+1","Uppercut+1","Flex","Perfected Strike+1","Demon Form","Bludgeon","Double Tap"],"special_seed":0,"relics":["Burning Blood","Vajra","Ancient Tea Set","Red Skull","Pen Nib","Lizard Tail","Thread and Needle","Tiny Chest","Pear","Astrolabe","Brimstone","Omamori","Paper Frog","Bronze Scales","Oddly Smooth Stone"],"potions_floor_usage":[44,46,50],"damage_taken":[{"damage":8.0,"enemies":"2 Louse","floor":1.0,"turns":3.0},{"damage":2.0,"enemies":"Jaw Worm","floor":2.0,"turns":3.0},{"damage":10.0,"enemies":"Small Slimes","floor":3.0,"turns":3.0},{"damage":15.0,"enemies":"Exordium Thugs","floor":4.0,"turns":6.0},{"damage":3.0,"enemies":"Blue Slaver","floor":5.0,"turns":3.0},{"damage":23.0,"enemies":"Lagavulin","floor":6.0,"turns":7.0},{"damage":10.0,"enemies":"Gremlin Gang","floor":7.0,"turns":3.0},{"damage":4.0,"enemies":"Gremlin Nob","floor":10.0,"turns":5.0},{"damage":13.0,"enemies":"Exordium Thugs","floor":12.0,"turns":4.0},{"damage":0.0,"enemies":"Blue Slaver","floor":14.0,"turns":2.0},{"damage":55.0,"enemies":"The Guardian","floor":16.0,"turns":9.0},{"damage":12.0,"enemies":"Spheric Guardian","floor":18.0,"turns":4.0},{"damage":57.0,"enemies":"Gremlin Leader","floor":24.0,"turns":6.0},{"damage":5.0,"enemies":"Shell Parasite","floor":27.0,"turns":3.0},{"damage":28.0,"enemies":"Snake Plant","floor":28.0,"turns":4.0},{"damage":15.0,"enemies":"Shelled Parasite and Fungi","floor":30.0,"turns":4.0},{"damage":7.0,"enemies":"Chosen and Byrds","floor":31.0,"turns":4.0},{"damage":84.0,"enemies":"Automaton","floor":33.0,"turns":9.0},{"damage":38.0,"enemies":"3 Darklings","floor":35.0,"turns":5.0},{"damage":26.0,"enemies":"3 Shapes","floor":36.0,"turns":4.0},{"damage":43.0,"enemies":"Spire Growth","floor":41.0,"turns":4.0},{"damage":0.0,"enemies":"Transient","floor":42.0,"turns":5.0},{"damage":0,"enemies":"3 Darklings","floor":44,"turns":5},{"damage":33,"enemies":"Reptomancer","floor":46,"turns":4},{"damage":18,"enemies":"4 Shapes","floor":48,"turns":5},{"damage":56,"enemies":"Donu and Deca","floor":50,"turns":3}],"seed_played":"-4556529876152461447","potions_obtained":[{"floor":2.0,"key":"Explosive Potion"},{"floor":4.0,"key":"EssenceOfSteel"},{"floor":7.0,"key":"Weak Potion"},{"floor":10.0,"key":"Energy Potion"},{"floor":12.0,"key":"Explosive Potion"},{"floor":16.0,"key":"Strength Potion"},{"floor":28.0,"key":"LiquidBronze"},{"floor":30.0,"key":"SteroidPotion"},{"floor":31.0,"key":"SpeedPotion"},{"floor":35.0,"key":"Explosive Potion"},{"floor":36.0,"key":"Explosive Potion"},{"floor":42.0,"key":"FearPotion"},{"floor":46,"key":"Ancient Potion"}],"is_trial":false,"path_per_floor":["M","M","M","M","M","E","M","?","T","E","?","M","R","M","R","B",null,"M","$","?","$","?","R","E","R","T","M","M","R","M","M","R","B",null,"M","M","$","?","$","R","M","M","T","M","T","E","$","M","R","B"],"character_chosen":"IRONCLAD","items_purchased":["Thread and Needle","Tiny Chest","Brimstone","Oddly Smooth Stone"],"campfire_rested":5,"item_purchase_floors":[19,21,37,47],"current_hp_per_floor":[78,80,76,67,70,53,49,49,49,51,51,44,44,53,77,28,83,80,80,80,80,80,80,39,67,67,68,46,74,69,72,72,58,104,72,52,52,52,52,83,46,52,52,58,58,31,31,23,55,0],"gold":30,"neow_bonus":"RANDOM_COMMON_RELIC","is_prod":false,"is_daily":false,"chose_seed":false,"campfire_upgraded":2,"win_rate":0,"timestamp":1559487612,"path_taken":["M","M","M","M","M","E","M","?","T","E","?","M","R","M","R","BOSS","M","$","?","$","?","R","E","R","T","M","M","R","?","M","R","BOSS","M","M","$","?","?","R","M","M","T","?","?","E","$","M","R","BOSS"],"build_version":"2019-01-23","purchased_purges":0,"victory":false,"max_hp_per_floor":[80,80,80,80,80,80,80,80,80,80,80,80,80,83,83,83,83,86,86,86,86,86,86,96,96,96,96,96,96,100,104,104,104,104,104,104,104,104,104,104,104,104,104,104,104,104,104,108,108,108],"card_choices":[{"not_picked":["Rupture","Warcry"],"picked":"Twin Strike","floor":1.0},{"not_picked":["Pommel Strike","Headbutt"],"picked":"Iron Wave","floor":2.0},{"not_picked":["Impervious","Burning Pact"],"picked":"Metallicize","floor":3.0},{"not_picked":["Uppercut","Iron Wave"],"picked":"Clash","floor":4.0},{"not_picked":["Entrench","True Grit","Havoc"],"picked":"SKIP","floor":5.0},{"not_picked":["Sentinel","Pommel Strike"],"picked":"Carnage","floor":6.0},{"not_picked":["Burning Pact","Clash"],"picked":"Anger","floor":7.0},{"not_picked":["Intimidate","Body Slam"],"picked":"Anger","floor":10.0},{"not_picked":["Iron Wave","Flame Barrier"],"picked":"Feed","floor":12.0},{"not_picked":["Shrug It Off","Pummel"],"picked":"Anger","floor":14.0},{"not_picked":["Brutality","Barricade"],"picked":"Exhume","floor":16.0},{"not_picked":["Combust+1","Sword Boomerang"],"picked":"Clash","floor":18.0},{"not_picked":["Body Slam","Reckless Charge"],"picked":"Intimidate","floor":24.0},{"not_picked":["Wild Strike+1","Shrug It Off"],"picked":"Iron Wave+1","floor":27.0},{"not_picked":["Sword Boomerang+1","Entrench"],"picked":"Clash+1","floor":28.0},{"not_picked":["Warcry","Combust"],"picked":"Inflame","floor":30.0},{"not_picked":["Body Slam","Dropkick"],"picked":"Perfected Strike","floor":31.0},{"not_picked":["Fiend Fire","Brutality"],"picked":"Double Tap","floor":33.0},{"not_picked":["Cleave","Headbutt+1"],"picked":"Twin Strike+1","floor":35.0},{"not_picked":["Reckless Charge+1","Perfected Strike"],"picked":"Uppercut+1","floor":36.0},{"not_picked":["Iron Wave","Metallicize+1"],"picked":"Flex","floor":41.0},{"not_picked":["Metallicize","Warcry"],"picked":"Perfected Strike+1","floor":42.0},{"not_picked":["Sword Boomerang","Pummel"],"picked":"Demon Form","floor":44},{"not_picked":["Warcry+1","Anger"],"picked":"Bludgeon","floor":46},{"not_picked":["Heavy Blade","Wild Strike"],"picked":"Double Tap","floor":48}],"player_experience":415515,"relics_obtained":[{"floor":6.0,"key":"Ancient Tea Set"},{"floor":9.0,"key":"Red Skull"},{"floor":10.0,"key":"Pen Nib"},{"floor":24.0,"key":"Pear"},{"floor":43.0,"key":"Omamori"},{"floor":45,"key":"Paper Frog"},{"floor":46,"key":"Bronze Scales"}],"event_choices":[{"damage_healed":0.0,"max_hp_gain":0.0,"max_hp_loss":0.0,"gold_gain":0.0,"event_name":"Living Wall","player_choice":"Grow","floor":8.0,"gold_loss":0.0,"damage_taken":0.0,"cards_upgraded":["Metallicize"]},{"damage_healed":0.0,"max_hp_gain":0.0,"max_hp_loss":0.0,"gold_gain":0.0,"event_name":"Dead Adventurer","player_choice":"Searched \u00270\u0027 times","floor":11.0,"gold_loss":0.0,"damage_taken":0.0},{"damage_healed":0.0,"max_hp_gain":0.0,"max_hp_loss":0.0,"gold_gain":0.0,"event_name":"Ghosts","player_choice":"Ignored","floor":20.0,"gold_loss":0.0,"damage_taken":0.0},{"damage_healed":0.0,"max_hp_gain":0.0,"max_hp_loss":0.0,"gold_gain":0.0,"event_name":"Forgotten Altar","player_choice":"Smashed Altar","floor":22.0,"gold_loss":0.0,"damage_taken":0.0,"cards_obtained":["Decay"]},{"cards_removed":["Decay"],"damage_healed":0.0,"max_hp_gain":0.0,"max_hp_loss":0.0,"gold_gain":0.0,"event_name":"Wheel of Change","player_choice":"Card Removal","floor":38.0,"gold_loss":0.0,"damage_taken":0.0}],"is_beta":false,"boss_relics":[{"not_picked":["Runic Dome","Runic Cube"],"picked":"Lizard Tail"},{"not_picked":["Velvet Choker","Tiny House"],"picked":"Astrolabe"}],"items_purged_floors":[],"is_endless":false,"potions_floor_spawned":[2,4,7,10,12,16,18,28,30,31,35,36,42,46],"killed_by":"Donu and Deca","ascension_level":2}