{"path_per_floor":["M","M","$","?","?","E","M","R","T","$","M","M","?","?","R","B",null,"M","$","?","M","?","R","M","R","T"],"character_chosen":"IRONCLAD","items_purchased":["Cleave","Sword Boomerang","Reckless Charge","Metallicize"],"gold_per_floor":[110,123,75,75,75,109,125,125,125,72,96,116,116,116,116,246,246,237,130,55,76,76,76,91,91,91,91],"floor_reached":27,"campfire_rested":4,"playtime":2116,"item_purchase_floors":[],"current_hp_per_floor":[70,57,57,57,57,30,29,53,53,53,39,39,39,59,80,2,80,57,57,57,34,34,50,30,46,46,0],"items_purged":[],"gold":91,"score":236,"play_id":"4e07aba9-9864-4bc3-be1f-20e85c640aeb","local_time":"20180601181240","is_prod":false,"is_daily":false,"chose_seed":false,"is_ascension_mode":false,"campfire_upgraded":0,"win_rate":0.0,"timestamp":1527891160,"campfire_choices":[{"floor":8.0,"key":"REST"},{"floor":15.0,"key":"REST"},{"floor":23.0,"key":"REST"},{"floor":25,"key":"REST"}],"path_taken":["M","M","?","?","?","E","M","R","T","?","?","M","?","?","R","BOSS","M","$","?","?","?","R","M","R","T","M"],"build_version":"2018-05-31","seed_source_timestamp":0,"purchased_purges":0,"victory":false,"master_deck":["Defend_R","Defend_R","Defend_R","Defend_R","Bash","Clothesline","Double Tap","Cleave","Clothesline","Whirlwind","Sword Boomerang","Whirlwind","Rampage","Seeing Red","Parasite","Feed","Carnage","Armaments","Entrench","Uppercut","Entrench","Anger","Reckless Charge","Metallicize","Battle Trance","Bite","Bite","Bite","Bite","Bite","Anger"],"max_hp_per_floor":[80,80,80,80,80,80,80,80,80,80,80,80,80,80,80,80,80,80,80,80,80,56,56,56,56,56,56],"relics":["Lizard Tail","Golden Idol","Peace Pipe","Unceasing Top","Orrery","Potion Belt"],"card_choices":[{"not_picked":["Sever Soul","Cleave"],"picked":"Clothesline","floor":1.0},{"not_picked":["Clash","Uppercut"],"picked":"Double Tap","floor":2.0},{"not_picked":["Pommel Strike","Clash"],"picked":"Clothesline","floor":6.0},{"not_picked":["Battle Trance","Burning Pact"],"picked":"Whirlwind","floor":7.0},{"not_picked":["Armaments","Warcry"],"picked":"Whirlwind","floor":11.0},{"not_picked":["Clothesline","Armaments"],"picked":"Rampage","floor":12.0},{"not_picked":["Dark Embrace","Reaper"],"picked":"Feed","floor":16.0},{"not_picked":["Entrench","Shrug It Off"],"picked":"Carnage","floor":17.0},{"not_picked":["Whirlwind","Power Through"],"picked":"Armaments","floor":17.0},{"not_picked":["Pummel","Shrug It Off"],"picked":"Entrench","floor":17.0},{"not_picked":["Rampage","Perfected Strike"],"picked":"Uppercut","floor":17.0},{"not_picked":["Rage","Twin Strike"],"picked":"Entrench","floor":17.0},{"not_picked":["Cleave","Rage"],"picked":"Anger","floor":18.0},{"not_picked":["Perfected Strike","Metallicize"],"picked":"Battle Trance","floor":21.0},{"not_picked":["Metallicize+1","Thunderclap"],"picked":"Anger","floor":24}],"player_experience":3726,"potions_floor_usage":[],"damage_taken":[{"damage":10.0,"enemies":"Cultist","floor":1.0,"turns":4.0},{"damage":13.0,"enemies":"Jaw Worm","floor":2.0,"turns":4.0},{"damage":27.0,"enemies":"3 Sentries","floor":6.0,"turns":7.0},{"damage":1.0,"enemies":"Small Slimes","floor":7.0,"turns":3.0},{"damage":14.0,"enemies":"2 Fungi Beasts","floor":11.0,"turns":3.0},{"damage":0.0,"enemies":"3 Louse","floor":12.0,"turns":1.0},{"damage":78.0,"enemies":"Hexaghost","floor":16.0,"turns":11.0},{"damage":23.0,"enemies":"2 Thieves","floor":18.0,"turns":4.0},{"damage":23.0,"enemies":"Chosen","floor":21.0,"turns":5.0},{"damage":59.0,"enemies":"Snake Plant","floor":24.0,"turns":7.0},{"damage":59,"enemies":"3 Cultists","floor":27,"turns":4}],"relics_obtained":[{"floor":6.0,"key":"Peace Pipe"},{"floor":9.0,"key":"Unceasing Top"},{"floor":26,"key":"Potion Belt"}],"event_choices":[{"event_name":"Golden Idol","player_choice":"Take Wound","floor":4.0,"damage_taken":0.0},{"event_name":"The Lab","player_choice":"Got Potions","floor":5.0,"damage_taken":0.0},{"event_name":"Match and Keep!","player_choice":"1 cards matched","floor":13.0,"damage_taken":0.0},{"event_name":"Mushrooms","player_choice":"Healed and dodged fight","floor":14.0,"damage_taken":0.0},{"event_name":"Beggar","player_choice":"Gave Gold","floor":20.0,"damage_taken":0.0},{"event_name":"Vampires","player_choice":"Became a vampire","floor":22.0,"damage_taken":0.0}],"boss_relics":[],"items_purged_floors":[],"potions_floor_spawned":[6,12,16],"seed_played":"-7219151334670506087","killed_by":"3 Cultists","ascension_level":0,"potions_obtained":[{"floor":5.0,"key":"LiquidBronze"},{"floor":5.0,"key":"Energy Potion"},{"floor":5.0,"key":"EssenceOfSteel"},{"floor":6.0,"key":"SkillPotion"},{"floor":12.0,"key":"Fire Potion"},{"floor":16.0,"key":"EssenceOfSteel"}],"is_trial":false}