{"gold_per_floor":[209,224,236,236,252,252,96,96,96,19,19,41,61,71,71,175,175,188,188,215,204,222,222,257,268,294,306,306],"floor_reached":28,"playtime":1805,"items_purged":[],"score":292,"play_id":"e1aed198-912c-418f-9a50-2beb28f51ac4","local_time":"20181116141333","is_ascension_mode":true,"campfire_choices":[{"data":"Clothesline","floor":6,"key":"SMITH"},{"data":"Entrench","floor":8,"key":"SMITH"},{"data":"True Grit","floor":11,"key":"SMITH"},{"data":"Rampage","floor":15,"key":"SMITH"},{"data":"Ghostly","floor":23,"key":"SMITH"}],"neow_cost":"NONE","seed_source_timestamp":143706426926008,"circlet_count":0,"master_deck":["Bash","Clothesline+1","Entrench+1","Impervious","Body Slam","True Grit+1","Rampage+1","Barricade","Searing Blow","Thunderclap","Clothesline","Rampage","Wild Strike","Wild Strike","Twin Strike","Entrench","Wild Strike","Ghostly+1","Ghostly","Ghostly","Ghostly","Ghostly","Seeing Red","Sentinel","True Grit","Shrug It Off"],"relics":["Burning Blood","Nunchaku","Happy Flower","Gremlin Horn","Odd Mushroom","Pandora\u0027s Box","Bag of Preparation","Omamori","Centennial Puzzle"],"potions_floor_usage":[12,16,16,24,28],"damage_taken":[{"damage":0,"enemies":"2 Louse","floor":1,"turns":3},{"damage":4,"enemies":"Jaw Worm","floor":2,"turns":3},{"damage":13,"enemies":"Small Slimes","floor":3,"turns":3},{"damage":43,"enemies":"Exordium Thugs","floor":5,"turns":10},{"damage":0,"enemies":"The Mushroom Lair","floor":12,"turns":3},{"damage":1,"enemies":"Lots of Slimes","floor":13,"turns":4},{"damage":3,"enemies":"3 Louse","floor":14,"turns":5},{"damage":45,"enemies":"Hexaghost","floor":16,"turns":14},{"damage":29,"enemies":"Shell Parasite","floor":18,"turns":5},{"damage":4,"enemies":"2 Thieves","floor":21,"turns":4},{"damage":30,"enemies":"Chosen and Byrds","floor":22,"turns":10},{"damage":7,"enemies":"Slavers","floor":24,"turns":6},{"damage":6,"enemies":"Snake Plant","floor":25,"turns":5},{"damage":13,"enemies":"Centurion and Healer","floor":27,"turns":8},{"damage":33,"enemies":"Cultist and Chosen","floor":28,"turns":7}],"seed_played":"-3586769302320137797","potions_obtained":[{"floor":2,"key":"AttackPotion"},{"floor":3,"key":"Explosive Potion"},{"floor":12,"key":"FearPotion"},{"floor":13,"key":"FairyPotion"},{"floor":14,"key":"Dexterity Potion"},{"floor":21,"key":"LiquidBronze"},{"floor":25,"key":"Regen Potion"},{"floor":27,"key":"Weak Potion"}],"is_trial":false,"path_per_floor":["M","M","M","?","M","R","$","R","T","$","R","?","M","M","R","B",null,"M","?","T","M","M","R","E","M","T","M","M"],"character_chosen":"IRONCLAD","items_purchased":["Happy Flower","Body Slam","True Grit"],"campfire_rested":0,"item_purchase_floors":[7,10,10],"current_hp_per_floor":[80,80,73,61,24,24,24,24,24,24,24,30,35,38,38,7,80,57,40,40,40,16,16,15,15,15,8,0],"gold":306,"neow_bonus":"HUNDRED_GOLD","is_prod":false,"is_daily":false,"chose_seed":false,"campfire_upgraded":5,"win_rate":0,"timestamp":1542395613,"path_taken":["M","M","M","?","M","R","$","R","T","$","R","?","M","M","R","BOSS","M","?","?","?","M","R","E","M","T","M","M"],"build_version":"2018-11-15","purchased_purges":0,"victory":false,"max_hp_per_floor":[80,80,80,80,80,80,80,80,80,80,80,80,80,80,80,80,80,80,40,40,40,40,40,40,40,40,40,40],"card_choices":[{"not_picked":["Iron Wave","Clash"],"picked":"Clothesline","floor":1},{"not_picked":["Iron Wave","Flex"],"picked":"Entrench","floor":2},{"not_picked":["Heavy Blade","Feel No Pain"],"picked":"Impervious","floor":3},{"not_picked":["Clothesline","Sword Boomerang","Wild Strike"],"picked":"SKIP","floor":5},{"not_picked":["Warcry","Metallicize"],"picked":"Rampage","floor":13},{"not_picked":["Clash","Burning Pact","Rupture"],"picked":"SKIP","floor":14},{"not_picked":["Juggernaut","Brutality"],"picked":"Barricade","floor":16},{"not_picked":["Heavy Blade","Anger+1","Thunderclap"],"picked":"SKIP","floor":18},{"not_picked":["Pommel Strike","Burning Pact"],"picked":"Seeing Red","floor":21},{"not_picked":["Wild Strike","Immolate","Armaments"],"picked":"SKIP","floor":22},{"not_picked":["Corruption","Warcry"],"picked":"Sentinel","floor":24},{"not_picked":["Headbutt","Armaments"],"picked":"True Grit","floor":25},{"not_picked":["Fire Breathing","Bludgeon"],"picked":"Shrug It Off","floor":27}],"player_experience":471223,"relics_obtained":[{"floor":9,"key":"Gremlin Horn"},{"floor":12,"key":"Odd Mushroom"},{"floor":20,"key":"Bag of Preparation"},{"floor":24,"key":"Omamori"},{"floor":26,"key":"Centennial Puzzle"}],"event_choices":[{"damage_healed":0,"gold_gain":0,"player_choice":"Success","damage_taken":12,"relics_obtained":["Nunchaku"],"max_hp_gain":0,"max_hp_loss":0,"event_name":"Scrap Ooze","floor":4,"gold_loss":0},{"damage_healed":0,"gold_gain":0,"player_choice":"Fought Mushrooms","damage_taken":0,"max_hp_gain":0,"max_hp_loss":0,"event_name":"Mushrooms","floor":12,"gold_loss":0},{"damage_healed":0,"gold_gain":0,"player_choice":"Became a Ghost","damage_taken":0,"max_hp_gain":0,"max_hp_loss":40,"event_name":"Ghosts","floor":19,"gold_loss":0,"cards_obtained":["Ghostly","Ghostly","Ghostly","Ghostly","Ghostly"]}],"is_beta":true,"boss_relics":[{"not_picked":["Astrolabe","Runic Pyramid"],"picked":"Pandora\u0027s Box"}],"items_purged_floors":[],"is_endless":false,"potions_floor_spawned":[2,3,12,13,14,21,25,27],"killed_by":"Cultist and Chosen","ascension_level":3}