{"gold_per_floor":[12,22,41,55,65,65,93,107,107,107,119,119,129,129,129,206,206,219,219,25,25,40,40,53,53,53,73,73],"floor_reached":28,"playtime":1450,"items_purged":[],"score":426,"play_id":"3ef2ee74-eaac-4cb9-ab9a-49f1b6d925b4","local_time":"20190213214818","is_ascension_mode":true,"campfire_choices":[{"data":"Dash","floor":6.0,"key":"SMITH"},{"data":"Sucker Punch","floor":10.0,"key":"SMITH"},{"data":"Blade Dance","floor":12.0,"key":"SMITH"},{"floor":15.0,"key":"REST"},{"data":"Blade Dance","floor":23.0,"key":"SMITH"},{"floor":25.0,"key":"REST"}],"neow_cost":"NO_GOLD","seed_source_timestamp":3083208370996,"circlet_count":0,"master_deck":["AscendersBane","Defend_G","Defend_G","Defend_G","Defend_G","Defend_G","Strike_G","Strike_G","Strike_G","Strike_G","Strike_G","Survivor","Neutralize","Dash+1","PiercingWail+1","Crippling Poison+1","Envenom","Blade Dance+1","Sucker Punch+1","Dagger Throw","Blade Dance+1","Blade Dance+1","Deflect","Noxious Fumes+1","Escape Plan","Dodge and Roll","Cloak And Dagger","Leg Sweep+1","PiercingWail"],"special_seed":0,"relics":["Ring of the Snake","Nunchaku","Meat on the Bone","Sundial","Prayer Wheel","Lizard Tail","War Paint","Bottled Flame"],"potions_floor_usage":[27,27],"damage_taken":[{"damage":4.0,"enemies":"Jaw Worm","floor":1.0,"turns":9.0},{"damage":1.0,"enemies":"Cultist","floor":2.0,"turns":4.0},{"damage":0.0,"enemies":"Small Slimes","floor":3.0,"turns":4.0},{"damage":0.0,"enemies":"Red Slaver","floor":4.0,"turns":6.0},{"damage":6.0,"enemies":"Exordium Thugs","floor":5.0,"turns":6.0},{"damage":11.0,"enemies":"3 Sentries","floor":7.0,"turns":5.0},{"damage":11.0,"enemies":"3 Louse","floor":8.0,"turns":4.0},{"damage":0.0,"enemies":"Gremlin Gang","floor":11.0,"turns":5.0},{"damage":17.0,"enemies":"Looter","floor":13.0,"turns":3.0},{"damage":22.0,"enemies":"The Guardian","floor":16.0,"turns":15.0},{"damage":4.0,"enemies":"Chosen","floor":18.0,"turns":5.0},{"damage":20.0,"enemies":"Shell Parasite","floor":22.0,"turns":8.0},{"damage":38.0,"enemies":"Snake Plant","floor":24.0,"turns":6.0},{"damage":34,"enemies":"Shelled Parasite and Fungi","floor":27,"turns":7},{"damage":92,"enemies":"Cultist and Chosen","floor":28,"turns":7}],"seed_played":"-1448858090242464701","potions_obtained":[{"floor":1.0,"key":"SkillPotion"},{"floor":3.0,"key":"GamblersBrew"},{"floor":7.0,"key":"PowerPotion"},{"floor":16.0,"key":"Fire Potion"},{"floor":22.0,"key":"EssenceOfSteel"},{"floor":24.0,"key":"Explosive Potion"}],"is_trial":false,"path_per_floor":["M","M","M","M","M","R","E","M","T","R","M","R","M","?","R","B",null,"M","?","$","?","M","R","M","R","T","M","M"],"character_chosen":"THE_SILENT","items_purchased":["Noxious Fumes","War Paint"],"campfire_rested":2,"item_purchase_floors":[20,20],"current_hp_per_floor":[55,54,54,54,48,48,37,38,38,38,38,38,33,28,47,37,59,55,76,76,76,56,56,30,52,52,30,0],"gold":73,"neow_bonus":"ONE_RARE_RELIC","is_prod":false,"is_daily":false,"chose_seed":false,"campfire_upgraded":4,"win_rate":0,"timestamp":1550112498,"path_taken":["M","M","M","M","M","R","E","M","T","R","M","R","M","?","R","BOSS","M","?","?","?","M","R","?","R","T","M","M"],"build_version":"2019-02-06","purchased_purges":0,"victory":false,"max_hp_per_floor":[66,66,66,66,66,66,66,66,66,66,66,66,66,66,66,66,66,66,76,76,76,76,76,76,76,76,76,76],"card_choices":[{"not_picked":["Prepared","Finisher"],"picked":"Dash","floor":1.0},{"not_picked":["Dagger Throw","Quick Slash"],"picked":"PiercingWail","floor":2.0},{"not_picked":["Slice","Poisoned Stab"],"picked":"Crippling Poison","floor":3.0},{"not_picked":["Prepared","Escape Plan"],"picked":"Envenom","floor":4.0},{"not_picked":["Quick Slash","Flying Knee"],"picked":"Blade Dance","floor":5.0},{"not_picked":["Deadly Poison","Eviscerate"],"picked":"Sucker Punch","floor":7.0},{"not_picked":["Bouncing Flask","Flying Knee"],"picked":"Dagger Throw","floor":8.0},{"not_picked":["Bane","Acrobatics"],"picked":"Blade Dance","floor":11.0},{"not_picked":["Choke","Unload","Sucker Punch"],"picked":"SKIP","floor":13.0},{"not_picked":["Glass Knife","Phantasmal Killer"],"picked":"Venomology","floor":16.0},{"not_picked":["Dagger Throw+1","Deflect"],"picked":"Blade Dance+1","floor":18.0},{"not_picked":["Dagger Spray","Endless Agony"],"picked":"Deflect","floor":18.0},{"not_picked":["Skewer","PiercingWail"],"picked":"Escape Plan","floor":22.0},{"not_picked":["Setup","Acrobatics+1"],"picked":"Dodge and Roll","floor":22.0},{"not_picked":["Bane+1","Crippling Poison"],"picked":"Cloak And Dagger","floor":24.0},{"not_picked":["Bouncing Flask","Prepared"],"picked":"Leg Sweep+1","floor":24.0},{"not_picked":["Underhanded Strike","Sucker Punch"],"picked":"PiercingWail","floor":27},{"not_picked":["Bane","Quick Slash","Storm of Steel"],"picked":"SKIP","floor":27}],"player_experience":957343,"relics_obtained":[{"floor":7.0,"key":"Meat on the Bone"},{"floor":9.0,"key":"Sundial"},{"floor":26.0,"key":"Bottled Flame"}],"event_choices":[{"damage_healed":0.0,"max_hp_gain":0.0,"max_hp_loss":0.0,"gold_gain":0.0,"event_name":"Scrap Ooze","player_choice":"Success","floor":14.0,"gold_loss":0.0,"damage_taken":5.0,"relics_obtained":["Prayer Wheel"]},{"cards_removed":["Venomology"],"damage_healed":11.0,"max_hp_gain":10.0,"max_hp_loss":0.0,"gold_gain":0.0,"event_name":"Bonfire Elementals","player_choice":"Offered Rare","floor":19.0,"gold_loss":0.0,"damage_taken":0.0},{"damage_healed":0.0,"max_hp_gain":0.0,"max_hp_loss":0.0,"gold_gain":0.0,"event_name":"Upgrade Shrine","player_choice":"Upgraded","floor":21.0,"gold_loss":0.0,"damage_taken":0.0,"cards_upgraded":["Noxious Fumes"]}],"is_beta":true,"boss_relics":[{"not_picked":["Cursed Key","HoveringKite"],"picked":"Lizard Tail"}],"items_purged_floors":[],"is_endless":false,"potions_floor_spawned":[1,3,7,16,22,24],"killed_by":"Cultist and Chosen","ascension_level":18}