{"gold_per_floor":[119,136,9,22,37,63,81,81,81,81,102,0,0,21,21,149,149,162,177,24,24,24,24],"floor_reached":23,"playtime":1573,"items_purged":[],"score":268,"play_id":"a1a28f17-7a99-4a1e-a794-3eb244da5776","local_time":"20180707203218","is_ascension_mode":false,"campfire_choices":[{"data":"Self Repair","floor":8,"key":"SMITH"},{"data":"Redo","floor":15,"key":"SMITH"}],"neow_cost":"","seed_source_timestamp":0,"circlet_count":0,"master_deck":["Strike_B","Strike_B","Strike_B","Strike_B","Defend_B","Defend_B","Defend_B","Defend_B","Zap","Dualcast","Self Repair+1","Chill","Go for the Eyes","Compile Driver","Steam","Doom and Gloom","Turbo","Storm","Electrodynamics","Redo+1","Panacea","Turbo","Multi-Cast","Self Repair+1","White Noise","Genetic Algorithm"],"special_seed":0,"relics":["Cracked Core","Bottled Flame","Juzu Bracelet","Golden Idol","Centennial Puzzle","Inserter","Anchor"],"potions_floor_usage":[16,16,23,23],"damage_taken":[{"damage":6.0,"enemies":"Jaw Worm","floor":1.0,"turns":3.0},{"damage":3.0,"enemies":"Small Slimes","floor":2.0,"turns":3.0},{"damage":8.0,"enemies":"2 Louse","floor":4.0,"turns":3.0},{"damage":21.0,"enemies":"Lots of Slimes","floor":5.0,"turns":4.0},{"damage":0,"enemies":"3 Sentries","floor":6,"turns":4},{"damage":0,"enemies":"3 Louse","floor":7,"turns":2},{"damage":12,"enemies":"Exordium Wildlife","floor":11,"turns":3},{"damage":0,"enemies":"Gremlin Gang","floor":14,"turns":2},{"damage":0,"enemies":"Slime Boss","floor":16,"turns":6},{"damage":28,"enemies":"Shell Parasite","floor":18,"turns":4},{"damage":10,"enemies":"Chosen","floor":19,"turns":3},{"damage":57,"enemies":"Slavers","floor":23,"turns":4}],"seed_played":"6205703475486513003","potions_obtained":[{"floor":2.0,"key":"FearPotion"},{"floor":5.0,"key":"GamblersBrew"},{"floor":7,"key":"FocusPotion"},{"floor":19,"key":"PowerPotion"}],"is_trial":false,"path_per_floor":["M","M","$","M","M","E","M","R","T","?","M","$","?","M","R","B",null,"M","M","$","?","?"],"character_chosen":"DEFECT","items_purchased":["Go for the Eyes","Compile Driver","Steam","Panacea","Anchor"],"campfire_rested":0,"item_purchase_floors":[3,3,3,12,20],"current_hp_per_floor":[69,73,73,72,58,65,65,65,65,65,53,53,53,53,53,63,75,57,57,57,57,57,0],"gold":24,"neow_bonus":"","is_prod":false,"is_daily":false,"chose_seed":false,"campfire_upgraded":2,"win_rate":0.0,"timestamp":1531009938,"path_taken":["M","M","$","M","M","E","M","R","T","?","M","$","?","M","R","BOSS","M","M","$","?","?","E"],"build_version":"2018-07-05","purchased_purges":0,"victory":false,"max_hp_per_floor":[75,75,75,75,75,75,75,75,75,75,75,75,75,75,75,75,75,75,75,75,75,75,75],"card_choices":[{"not_picked":["Rebound","Cold Snap"],"picked":"Self Repair","floor":1.0},{"not_picked":["Leap","Hologram"],"picked":"Chill","floor":2.0},{"not_picked":["Redo","Cold Snap"],"picked":"Doom and Gloom","floor":4.0},{"not_picked":["Defragment","Scrape"],"picked":"Turbo","floor":5.0},{"not_picked":["Sweeping Beam","BootSequence"],"picked":"Storm","floor":6},{"not_picked":["Self Repair","Genetic Algorithm"],"picked":"Electrodynamics","floor":7},{"not_picked":["Blizzard","Compile Driver"],"picked":"Redo","floor":11},{"not_picked":["Defragment","Coolheaded"],"picked":"Turbo","floor":14},{"not_picked":["Echo Form","Electrodynamics"],"picked":"Multi-Cast","floor":16},{"not_picked":["Rebound+1","Leap"],"picked":"Self Repair+1","floor":18},{"not_picked":["Sweeping Beam","Stack"],"picked":"White Noise","floor":19}],"player_experience":113243,"relics_obtained":[{"floor":6,"key":"Bottled Flame"},{"floor":9,"key":"Juzu Bracelet"}],"event_choices":[{"event_name":"Golden Idol","player_choice":"Take Wound","floor":10,"damage_taken":0},{"event_name":"Dead Adventurer","player_choice":"Searched \u00272\u0027 times","floor":13,"damage_taken":0},{"event_name":"The Library","player_choice":"Read","floor":21,"damage_taken":0},{"event_name":"Back to Basics","player_choice":"Elegance","floor":22,"damage_taken":0}],"boss_relics":[{"not_picked":["Velvet Choker","Orrery"],"picked":"Inserter"}],"items_purged_floors":[],"is_endless":false,"potions_floor_spawned":[2,5,7,14,19],"killed_by":"Slavers","ascension_level":0}