{"gold_per_floor":[118,134,84,84,103,103,103,103,128,128,138,88,103,127,127,229,229,248,273,273,290,290,290,309,78,108,108],"floor_reached":27,"playtime":1406,"items_purged":[],"score":221,"play_id":"7273a737-4c09-4611-b4be-2fbbd2e8d8c6","local_time":"20190705183412","is_ascension_mode":true,"campfire_choices":[{"data":"Zap","floor":6.0,"key":"SMITH"},{"data":"Conserve Battery","floor":8.0,"key":"SMITH"},{"data":"Strike_B","floor":10.0,"key":"SMITH"},{"data":"Leap","floor":15.0,"key":"SMITH"},{"floor":23.0,"key":"REST"}],"neow_cost":"NONE","seed_source_timestamp":0,"circlet_count":0,"master_deck":["Strike_B+1","Strike_B+1","Strike_B+1","Defend_B+1","Defend_B+1","Defend_B+1","Defend_B+1","Zap+1","Dualcast","Melter+1","Conserve Battery+1","Steam","Leap+1","Core Surge","Rebound","Beam Cell","Genetic Algorithm+1","White Noise","Static Discharge"],"special_seed":0,"relics":["Cracked Core","Lantern","GremlinMask","PreservedInsect","Orichalcum","Runic Pyramid","Red Mask","DataDisk","Tiny Chest"],"potions_floor_usage":[],"damage_taken":[{"damage":1.0,"enemies":"2 Louse","floor":1.0,"turns":2.0},{"damage":2.0,"enemies":"Jaw Worm","floor":2.0,"turns":2.0},{"damage":0.0,"enemies":"Cultist","floor":5.0,"turns":2.0},{"damage":19.0,"enemies":"Exordium Wildlife","floor":11.0,"turns":3.0},{"damage":0.0,"enemies":"Blue Slaver","floor":13.0,"turns":3.0},{"damage":15.0,"enemies":"The Guardian","floor":16.0,"turns":11.0},{"damage":0.0,"enemies":"Spheric Guardian","floor":18.0,"turns":3.0},{"damage":56.0,"enemies":"Masked Bandits","floor":19.0,"turns":6.0},{"damage":0.0,"enemies":"3 Byrds","floor":21.0,"turns":6.0},{"damage":12.0,"enemies":"Snecko","floor":24.0,"turns":7.0},{"damage":0,"enemies":"Slavers","floor":27,"turns":1}],"seed_played":"1126877647530270593","potions_obtained":[{"floor":5.0,"key":"FearPotion"},{"floor":11.0,"key":"FocusPotion"},{"floor":16.0,"key":"Ancient Potion"}],"is_trial":false,"path_per_floor":["M","M","?","?","M","R","?","R","T","R","M","$","M","T","R","B",null,"M","?","?","M","?","R","M","$","T","E"],"character_chosen":"DEFECT","items_purchased":["Leap","DataDisk","Static Discharge"],"campfire_rested":1,"item_purchase_floors":[12,25,25],"current_hp_per_floor":[74,72,72,57,57,57,57,57,57,57,38,38,38,38,38,23,75,75,19,19,19,19,41,29,29,29,29],"gold":108,"neow_bonus":"RANDOM_COMMON_RELIC","is_prod":false,"is_daily":false,"chose_seed":false,"campfire_upgraded":4,"win_rate":0,"timestamp":1562366052,"path_taken":["M","M","?","?","M","R","?","R","T","R","M","$","?","?","R","BOSS","M","?","?","M","?","R","M","?","T","E"],"build_version":"2019-07-05","purchased_purges":0,"victory":false,"max_hp_per_floor":[75,75,75,75,75,75,75,75,75,75,75,75,75,75,75,75,75,75,75,75,75,75,75,75,75,75,75],"card_choices":[{"not_picked":["Hologram","Consume"],"picked":"Melter","floor":1.0},{"not_picked":["Force Field","Melter","Compile Driver"],"picked":"SKIP","floor":2.0},{"not_picked":["Undo","Go for the Eyes"],"picked":"Conserve Battery","floor":5.0},{"not_picked":["Cold Snap","Beam Cell"],"picked":"Steam","floor":11.0},{"not_picked":["Heatsinks","Auto Shields","Leap"],"picked":"SKIP","floor":13.0},{"not_picked":["Rainbow","Amplify"],"picked":"Core Surge","floor":16.0},{"not_picked":["Redo","Sweeping Beam"],"picked":"Rebound","floor":18.0},{"not_picked":["Glacier","Go for the Eyes"],"picked":"Beam Cell","floor":19.0},{"not_picked":["BootSequence","Beam Cell"],"picked":"Genetic Algorithm+1","floor":21.0},{"not_picked":["Capacitor+1","Rebound+1"],"picked":"White Noise","floor":24.0}],"player_experience":618865,"relics_obtained":[{"floor":9.0,"key":"PreservedInsect"},{"floor":14.0,"key":"Orichalcum"},{"floor":19.0,"key":"Red Mask"},{"floor":26.0,"key":"Tiny Chest"}],"event_choices":[{"cards_removed":["Strike_B"],"damage_healed":0.0,"max_hp_gain":0.0,"max_hp_loss":0.0,"gold_gain":0.0,"event_name":"The Cleric","player_choice":"Card Removal","floor":3.0,"gold_loss":50.0,"damage_taken":0.0},{"damage_healed":0.0,"max_hp_gain":0.0,"max_hp_loss":0.0,"gold_gain":0.0,"event_name":"Shining Light","player_choice":"Entered Light","floor":4.0,"gold_loss":0.0,"damage_taken":15.0,"cards_upgraded":["Melter","Strike_B"]},{"damage_healed":0.0,"max_hp_gain":0.0,"max_hp_loss":0.0,"gold_gain":0.0,"event_name":"FaceTrader","player_choice":"Trade","floor":7.0,"gold_loss":0.0,"damage_taken":0.0,"relics_obtained":["GremlinMask"]},{"damage_healed":0.0,"max_hp_gain":0.0,"max_hp_loss":0.0,"gold_gain":0.0,"event_name":"Masked Bandits","player_choice":"Fought Bandits","floor":19.0,"gold_loss":0.0,"damage_taken":0.0},{"damage_healed":0.0,"max_hp_gain":0.0,"max_hp_loss":0.0,"gold_gain":0.0,"event_name":"Back to Basics","player_choice":"Simplicity","floor":20.0,"gold_loss":0.0,"damage_taken":0.0,"cards_upgraded":["Strike_B","Defend_B","Defend_B","Defend_B","Defend_B"]},{"damage_healed":0.0,"max_hp_gain":0.0,"max_hp_loss":0.0,"gold_gain":0.0,"event_name":"Vampires","player_choice":"Ignored","floor":22.0,"gold_loss":0.0,"damage_taken":0.0}],"is_beta":false,"boss_relics":[{"not_picked":["Eternal Feather","Nuclear Battery"],"picked":"Runic Pyramid"}],"items_purged_floors":[],"is_endless":false,"potions_floor_spawned":[5,11,16],"killed_by":"Slavers","ascension_level":2}