{"gold_per_floor":[115,115,131,131,146,175,175,175,175,350,350,383,402,414,414,514,514,534,554,327,345,345,379,389,409,409,429,88,33,45,59,59,155,155,167,167,42,42,55,81,97,122,122,122,138,138,166,179,179,179,179,179,59,87,87],"floor_reached":55,"playtime":4109,"items_purged":["Regret","Doubt","Strike_B"],"score":766,"play_id":"000027cb-9669-461b-abc6-6b4aebb551a5","local_time":"20181109230648","is_ascension_mode":false,"campfire_choices":[{"data":"FTL","floor":7,"key":"SMITH"},{"data":"Go for the Eyes","floor":15,"key":"SMITH"},{"data":"White Noise","floor":32,"key":"SMITH"},{"data":"Recycle","floor":44,"key":"SMITH"},{"floor":49,"key":"RECALL"},{"data":"White Noise","floor":52,"key":"SMITH"}],"neow_cost":"NONE","seed_source_timestamp":191637745245731,"circlet_count":0,"master_deck":["Defend_B","Defend_B+1","Defend_B","Defend_B","Zap","Dualcast","Conserve Battery","Doom and Gloom","White Noise+1","Go for the Eyes+1","Sweeping Beam","White Noise+1","Chaos+1","White Noise","Creative AI","Defragment+1","White Noise+1","BootSequence","Storm+1","Compile Driver+1","Heatsinks+1","Recycle+1","Conserve Battery+1","Recycle+1"],"relics":["Cracked Core","Shuriken","Regal Pillow","Bird Faced Urn","PreservedInsect","Pantograph","Strawberry","Coffee Dripper","Omamori","Emotion Chip","Strange Spoon","Tiny Chest","Astrolabe","Centennial Puzzle","Lantern","Gambling Chip","The Courier","War Paint","Bottled Flame"],"potions_floor_usage":[12,18,21,24,25,33,33,41,50],"damage_taken":[{"damage":6,"enemies":"Jaw Worm","floor":1,"turns":3},{"damage":0,"enemies":"2 Louse","floor":3,"turns":3},{"damage":0,"enemies":"Cultist","floor":5,"turns":5},{"damage":13,"enemies":"3 Sentries","floor":6,"turns":5},{"damage":13,"enemies":"Gremlin Nob","floor":12,"turns":3},{"damage":1,"enemies":"2 Fungi Beasts","floor":13,"turns":3},{"damage":18,"enemies":"Large Slime","floor":14,"turns":5},{"damage":54,"enemies":"The Guardian","floor":16,"turns":10},{"damage":6,"enemies":"3 Byrds","floor":18,"turns":4},{"damage":37,"enemies":"2 Thieves","floor":19,"turns":4},{"damage":22,"enemies":"Snake Plant","floor":21,"turns":4},{"damage":45,"enemies":"Slavers","floor":23,"turns":7},{"damage":14,"enemies":"Centurion and Healer","floor":24,"turns":6},{"damage":24,"enemies":"Shelled Parasite and Fungi","floor":25,"turns":5},{"damage":10,"enemies":"Snecko","floor":27,"turns":5},{"damage":10,"enemies":"Chosen and Byrds","floor":30,"turns":4},{"damage":13,"enemies":"Centurion and Healer","floor":31,"turns":10},{"damage":88,"enemies":"Automaton","floor":33,"turns":12},{"damage":10,"enemies":"3 Shapes","floor":35,"turns":4},{"damage":0,"enemies":"Orb Walker","floor":39,"turns":3},{"damage":11,"enemies":"Nemesis","floor":40,"turns":5},{"damage":22,"enemies":"Maw","floor":41,"turns":5},{"damage":25,"enemies":"Sphere and 2 Shapes","floor":45,"turns":4},{"damage":5,"enemies":"Giant Head","floor":47,"turns":6},{"damage":38,"enemies":"4 Shapes","floor":48,"turns":4},{"damage":105,"enemies":"Awakened One","floor":50,"turns":7},{"damage":92,"enemies":"Shield and Spear","floor":54,"turns":4},{"damage":66,"enemies":"The Heart","floor":55,"turns":3}],"seed_played":"-5187944984065036662","potions_obtained":[{"floor":1,"key":"AttackPotion"},{"floor":6,"key":"Regen Potion"},{"floor":13,"key":"FocusPotion"},{"floor":16,"key":"Block Potion"},{"floor":18,"key":"Regen Potion"},{"floor":23,"key":"PowerPotion"},{"floor":30,"key":"SkillPotion"},{"floor":33,"key":"Poison Potion"},{"floor":35,"key":"SpeedPotion"},{"floor":40,"key":"FairyPotion"},{"floor":48,"key":"Block Potion"}],"is_trial":false,"path_per_floor":["M","?","M","?","M","E","R","?","T","?","T","E","M","M","R","B",null,"M","M","$","M","?","E","M","M","T","M","$","?","M","M","R","B",null,"M","?","$","?","M","E","M","T","T","R","M","$","E","M","R","B",null,"R","$","E","B"],"character_chosen":"DEFECT","items_purchased":["Omamori","White Noise","Strange Spoon","War Paint"],"campfire_rested":0,"item_purchase_floors":[20,28,28,53],"current_hp_per_floor":[76,64,64,64,64,51,51,51,51,51,51,45,46,30,30,29,89,83,50,50,44,73,32,43,29,29,37,37,37,41,89,89,59,89,83,83,83,83,89,89,77,77,77,77,74,74,84,63,63,10,89,89,89,13,0],"gold":87,"neow_bonus":"TEN_PERCENT_HP_BONUS","is_prod":false,"is_daily":false,"chose_seed":false,"campfire_upgraded":5,"win_rate":0,"timestamp":1541822808,"path_taken":["M","?","M","?","?","E","R","?","T","?","?","E","?","M","R","BOSS","M","M","$","M","?","E","M","M","T","M","$","?","M","M","R","BOSS","M","?","?","?","?","E","M","?","T","R","M","$","E","M","R","BOSS","R","$","E","BOSS"],"build_version":"2018-11-08","purchased_purges":3,"victory":false,"max_hp_per_floor":[82,82,82,82,82,82,82,82,82,82,82,89,89,89,89,89,89,89,89,89,89,89,89,89,89,89,89,89,89,89,89,89,89,89,89,89,89,89,89,89,89,89,89,89,89,89,89,89,89,89,89,89,89,89,89],"card_choices":[{"not_picked":["Double Energy","Turbo"],"picked":"Conserve Battery","floor":1},{"not_picked":["Stack","Ball Lightning"],"picked":"Doom and Gloom","floor":3},{"not_picked":["Ball Lightning","Gash"],"picked":"FTL","floor":5},{"not_picked":["Rainbow","Redo","Rebound"],"picked":"SKIP","floor":6},{"not_picked":["Streamline","Go for the Eyes"],"picked":"White Noise","floor":12},{"not_picked":["Stack","Barrage"],"picked":"Go for the Eyes","floor":13},{"not_picked":["Steam","Doom and Gloom"],"picked":"Sweeping Beam","floor":14},{"not_picked":["Turbo+1","Consume+1"],"picked":"White Noise+1","floor":18},{"not_picked":["Barrage","Go for the Eyes"],"picked":"Chaos","floor":19},{"not_picked":["Hologram+1","Go for the Eyes","Stack"],"picked":"SKIP","floor":21},{"not_picked":["Reinforced Body","Aggregate"],"picked":"White Noise","floor":23},{"not_picked":["Double Energy","Hologram","Blizzard"],"picked":"SKIP","floor":24},{"not_picked":["Stack","Conserve Battery"],"picked":"Creative AI","floor":25},{"not_picked":["Go for the Eyes","Chaos"],"picked":"Defragment+1","floor":27},{"not_picked":["Streamline","Redo"],"picked":"BootSequence","floor":30},{"not_picked":["Glacier","Leap","Scrape"],"picked":"SKIP","floor":31},{"not_picked":["Go for the Eyes","Capacitor"],"picked":"Heatsinks+1","floor":35},{"not_picked":["Leap+1","BootSequence","Cold Snap"],"picked":"SKIP","floor":39},{"not_picked":["FTL","Lockon+1","Ball Lightning+1"],"picked":"SKIP","floor":40},{"not_picked":["Stack+1","Coolheaded"],"picked":"Recycle","floor":41},{"not_picked":["Rebound","Gash"],"picked":"Conserve Battery+1","floor":45},{"not_picked":["Multi-Cast","Sweeping Beam+1"],"picked":"Recycle+1","floor":47},{"not_picked":["Hologram+1","Self Repair+1","Lockon"],"picked":"SKIP","floor":48},{"not_picked":["Barrage+1","Redo","Compile Driver"],"picked":"SKIP","floor":54}],"player_experience":275566,"relics_obtained":[{"floor":6,"key":"Regal Pillow"},{"floor":9,"key":"PreservedInsect"},{"floor":11,"key":"Pantograph"},{"floor":12,"key":"Strawberry"},{"floor":23,"key":"Emotion Chip"},{"floor":40,"key":"Centennial Puzzle"},{"floor":42,"key":"Lantern"},{"floor":43,"key":"Gambling Chip"},{"floor":47,"key":"The Courier"},{"floor":54,"key":"Bottled Flame"}],"event_choices":[{"damage_healed":0,"gold_gain":0,"player_choice":"Success","damage_taken":12,"relics_obtained":["Shuriken"],"max_hp_gain":0,"max_hp_loss":0,"event_name":"Scrap Ooze","floor":2,"gold_loss":0},{"damage_healed":0,"gold_gain":0,"player_choice":"Ignored","damage_taken":0,"max_hp_gain":0,"max_hp_loss":0,"event_name":"NoteForYourself","floor":4,"gold_loss":0},{"damage_healed":0,"gold_gain":0,"player_choice":"Box","damage_taken":0,"relics_obtained":["Bird Faced Urn"],"max_hp_gain":0,"max_hp_loss":0,"event_name":"Big Fish","floor":8,"gold_loss":0,"cards_obtained":["Regret"]},{"damage_healed":0,"gold_gain":175,"player_choice":"AGREE","damage_taken":0,"max_hp_gain":0,"max_hp_loss":0,"event_name":"Liars Game","floor":10,"gold_loss":0,"cards_obtained":["Doubt"]},{"damage_healed":29,"gold_gain":0,"player_choice":"Heal","damage_taken":0,"max_hp_gain":0,"max_hp_loss":0,"event_name":"The Library","floor":22,"gold_loss":0},{"damage_healed":0,"gold_gain":0,"player_choice":"Obtained Relic","damage_taken":0,"relics_obtained":["Tiny Chest"],"max_hp_gain":0,"max_hp_loss":0,"event_name":"Addict","floor":29,"gold_loss":85},{"cards_removed":["Steam Power"],"damage_healed":0,"gold_gain":0,"player_choice":"Purged","damage_taken":0,"max_hp_gain":0,"max_hp_loss":0,"event_name":"Purifier","floor":36,"gold_loss":0},{"cards_removed":["FTL"],"damage_healed":0,"gold_gain":0,"player_choice":"Removed Attack","damage_taken":0,"max_hp_gain":0,"max_hp_loss":0,"event_name":"Falling","floor":38,"gold_loss":0}],"is_beta":true,"boss_relics":[{"not_picked":["Philosopher\u0027s Stone","White Beast Statue"],"picked":"Coffee Dripper"},{"not_picked":["Calling Bell","Tiny House"],"picked":"Astrolabe"}],"items_purged_floors":[20,28,37],"is_endless":false,"potions_floor_spawned":[1,6,13,16,18,23,30,33,35,40,48],"killed_by":"The Heart","ascension_level":0}