{"gold_per_floor":[114,88,88,105,105,145,2,2,83,104,104,104,117,117,117,237,237,258,273,12,35,35,69,69,87,87,12,33,33],"floor_reached":29,"playtime":1772,"items_purged":["Injury"],"score":268,"play_id":"6d545769-02e0-4887-9c62-66163ffb9d8a","local_time":"20190223185659","is_ascension_mode":false,"campfire_choices":[{"data":"Sucker Punch","floor":8,"key":"SMITH"},{"floor":15,"key":"REST"},{"floor":24,"key":"REST"}],"neow_cost":"NONE","seed_source_timestamp":691185437993919,"circlet_count":0,"master_deck":["Defend_G","Defend_G+1","Defend_G","Defend_G","Defend_G","Strike_G","Strike_G","Strike_G+1","Strike_G","Survivor","Neutralize","Choke","Underhanded Strike","Phantasmal Killer","Noxious Fumes","Sucker Punch+1","Caltrops+1","Well Laid Plans+1","After Image+1","Outmaneuver+1","Setup","Bane","Impatience","Prepared","Endless Agony","Poisoned Stab","Backflip"],"relics":["Ring of the Snake","NeowsBlessing","Golden Idol","Oddly Smooth Stone","PreservedInsect","Frozen Egg 2","Blood Vial","Black Star","Shuriken","Bag of Preparation","Anchor","Bird Faced Urn"],"potions_floor_usage":[21,23,25,28],"damage_taken":[{"damage":0,"enemies":"Small Slimes","floor":1,"turns":1},{"damage":0,"enemies":"2 Louse","floor":4,"turns":1},{"damage":0,"enemies":"3 Sentries","floor":6,"turns":2},{"damage":4,"enemies":"Cultist","floor":10,"turns":3},{"damage":3,"enemies":"Blue Slaver","floor":13,"turns":4},{"damage":13,"enemies":"Slime Boss","floor":16,"turns":10},{"damage":12,"enemies":"Chosen","floor":18,"turns":7},{"damage":11,"enemies":"Shell Parasite","floor":19,"turns":8},{"damage":15,"enemies":"Cultist and Chosen","floor":21,"turns":6},{"damage":23,"enemies":"Book of Stabbing","floor":23,"turns":5},{"damage":8,"enemies":"Snecko","floor":25,"turns":6},{"damage":39,"enemies":"3 Cultists","floor":28,"turns":6},{"damage":12,"enemies":"Centurion and Healer","floor":29,"turns":7}],"seed_played":"-1376391217148365287","potions_obtained":[{"floor":4,"key":"Fire Potion"},{"floor":13,"key":"Energy Potion"},{"floor":16,"key":"Explosive Potion"},{"floor":25,"key":"EssenceOfSteel"}],"is_trial":false,"path_per_floor":["M","$","?","M","?","E","$","R","T","M","?","?","M","?","R","B",null,"M","M","$","M","?","E","R","M","T","$","M","M"],"character_chosen":"THE_SILENT","items_purchased":["Underhanded Strike","PreservedInsect","Shuriken"],"campfire_rested":2,"item_purchase_floors":[2,7,20],"current_hp_per_floor":[70,70,70,70,70,70,70,70,70,66,52,40,39,39,60,49,70,58,49,49,36,36,15,36,30,30,30,1,0],"gold":33,"neow_bonus":"THREE_ENEMY_KILL","is_prod":false,"is_daily":false,"chose_seed":false,"campfire_upgraded":1,"win_rate":0,"timestamp":1550966219,"path_taken":["M","$","?","M","?","E","$","R","T","M","?","?","M","?","R","BOSS","M","M","$","M","?","E","R","M","T","$","M","M"],"build_version":"2019-01-23","purchased_purges":1,"victory":false,"max_hp_per_floor":[70,70,70,70,70,70,70,70,70,70,70,70,70,70,70,70,70,70,70,70,70,70,70,70,70,70,70,70,70],"card_choices":[{"not_picked":["Bane","PiercingWail"],"picked":"Choke","floor":1},{"not_picked":["Poisoned Stab","Cloak And Dagger"],"picked":"Noxious Fumes","floor":4},{"not_picked":["Catalyst","Cloak And Dagger"],"picked":"Sucker Punch","floor":6},{"not_picked":["Footwork+1","Dagger Throw"],"picked":"Caltrops+1","floor":10},{"not_picked":["Flechettes","Dagger Throw"],"picked":"Well Laid Plans+1","floor":13},{"not_picked":["A Thousand Cuts+1","Corpse Explosion"],"picked":"After Image+1","floor":16},{"not_picked":["Flechettes","Prepared+1"],"picked":"Outmaneuver+1","floor":18},{"not_picked":["Poisoned Stab","Underhanded Strike"],"picked":"Setup","floor":19},{"not_picked":["Well Laid Plans+1","Flying Knee"],"picked":"Bane","floor":21},{"not_picked":["Dodge and Roll","Sucker Punch"],"picked":"Endless Agony","floor":23},{"not_picked":["Bouncing Flask","Choke"],"picked":"Poisoned Stab","floor":25},{"not_picked":["Riddle With Holes","Bane"],"picked":"Backflip","floor":28}],"player_experience":256946,"relics_obtained":[{"floor":6,"key":"Oddly Smooth Stone"},{"floor":9,"key":"Frozen Egg 2"},{"floor":23,"key":"Bag of Preparation"},{"floor":23,"key":"Anchor"},{"floor":26,"key":"Bird Faced Urn"}],"event_choices":[{"damage_healed":0,"gold_gain":0,"cards_transformed":["Strike_G"],"player_choice":"Change","damage_taken":0,"max_hp_gain":0,"max_hp_loss":0,"event_name":"Living Wall","floor":3,"gold_loss":0,"cards_obtained":["Phantasmal Killer"]},{"damage_healed":0,"gold_gain":0,"player_choice":"Take Wound","damage_taken":0,"relics_obtained":["Golden Idol"],"max_hp_gain":0,"max_hp_loss":0,"event_name":"Golden Idol","floor":5,"gold_loss":0,"cards_obtained":["Injury"]},{"damage_healed":0,"gold_gain":0,"player_choice":"Entered Light","damage_taken":14,"max_hp_gain":0,"max_hp_loss":0,"event_name":"Shining Light","floor":11,"gold_loss":0,"cards_upgraded":["Defend_G","Strike_G"]},{"damage_healed":0,"gold_gain":0,"player_choice":"Success","damage_taken":12,"relics_obtained":["Blood Vial"],"max_hp_gain":0,"max_hp_loss":0,"event_name":"Scrap Ooze","floor":12,"gold_loss":0},{"damage_healed":0,"gold_gain":0,"player_choice":"Ignored","damage_taken":0,"max_hp_gain":0,"max_hp_loss":0,"event_name":"Liars Game","floor":14,"gold_loss":0},{"damage_healed":0,"gold_gain":0,"player_choice":"2 cards matched","damage_taken":0,"max_hp_gain":0,"max_hp_loss":0,"event_name":"Match and Keep!","floor":22,"gold_loss":0,"cards_obtained":["Impatience","Prepared"]}],"is_beta":false,"boss_relics":[{"not_picked":["Empty Cage","Astrolabe"],"picked":"Black Star"}],"items_purged_floors":[27],"is_endless":false,"potions_floor_spawned":[4,13,16,18,25],"killed_by":"Centurion and Healer","ascension_level":0}