{"gold_per_floor":[119,119,140,160,160,160,178,178,178,178,196,196,216,240,240,339,339,359,359,359,359],"floor_reached":21,"playtime":948,"items_purged":[],"score":333,"play_id":"72ff2614-d214-41a5-8d2b-37ab1393debf","local_time":"20190305135129","is_ascension_mode":true,"campfire_choices":[{"data":"Uppercut","floor":6.0,"key":"SMITH"},{"floor":8.0,"key":"REST"},{"data":"Rampage","floor":10.0,"key":"SMITH"},{"floor":12.0,"key":"REST"},{"data":"Armaments","floor":15.0,"key":"SMITH"}],"neow_cost":"NONE","seed_source_timestamp":0,"circlet_count":0,"master_deck":["AscendersBane","Strike_R","Strike_R","Strike_R","Strike_R","Strike_R","Defend_R","Defend_R","Defend_R","Defend_R","Bash","Dark Embrace","Uppercut+1","Rampage+1","Second Wind","Uppercut","Armaments+1","Armaments","Impervious","Rampage","Necronomicurse","Decay"],"special_seed":0,"relics":["Burning Blood","Golden Idol","Letter Opener","Kunai","Runic Cube","Necronomicon"],"potions_floor_usage":[],"damage_taken":[{"damage":3.0,"enemies":"2 Louse","floor":1.0,"turns":6.0},{"damage":1.0,"enemies":"Cultist","floor":3.0,"turns":3.0},{"damage":11.0,"enemies":"Jaw Worm","floor":4.0,"turns":5.0},{"damage":44.0,"enemies":"Gremlin Gang","floor":7.0,"turns":8.0},{"damage":14.0,"enemies":"2 Fungi Beasts","floor":11.0,"turns":3.0},{"damage":8.0,"enemies":"Looter","floor":13.0,"turns":2.0},{"damage":15.0,"enemies":"Exordium Thugs","floor":14.0,"turns":4.0},{"damage":29.0,"enemies":"The Guardian","floor":16.0,"turns":15.0},{"damage":37,"enemies":"Shell Parasite","floor":18,"turns":10},{"damage":7,"enemies":"3 Byrds","floor":21,"turns":3}],"seed_played":"2468161277226777816","potions_obtained":[{"floor":4.0,"key":"Strength Potion"},{"floor":11.0,"key":"Explosive Potion"},{"floor":13.0,"key":"Fire Potion"},{"floor":14.0,"key":"SpeedPotion"}],"is_trial":false,"path_per_floor":["M","?","M","M","?","R","M","R","T","R","M","R","M","M","R","B",null,"M","?","?","M"],"character_chosen":"IRONCLAD","items_purchased":[],"campfire_rested":2,"item_purchase_floors":[],"current_hp_per_floor":[71,45,50,45,45,45,7,29,29,29,21,43,41,32,32,9,59,28,7,7,0],"gold":359,"neow_bonus":"ONE_RANDOM_RARE_CARD","is_prod":false,"is_daily":false,"chose_seed":false,"campfire_upgraded":3,"win_rate":0,"timestamp":1551811889,"path_taken":["M","?","M","M","?","R","?","R","T","R","M","R","M","M","R","BOSS","M","?","?","M"],"build_version":"2019-02-06","purchased_purges":0,"victory":false,"max_hp_per_floor":[75,75,75,75,75,75,75,75,75,75,75,75,75,75,75,75,75,75,75,75,75],"card_choices":[{"not_picked":["Iron Wave","Whirlwind"],"picked":"Uppercut","floor":1.0},{"not_picked":["Burning Pact","Pummel"],"picked":"Rampage","floor":3.0},{"not_picked":["Carnage","Anger"],"picked":"Second Wind","floor":4.0},{"not_picked":["Wild Strike","Carnage","Thunderclap"],"picked":"SKIP","floor":7.0},{"not_picked":["Cleave","Iron Wave"],"picked":"Uppercut","floor":11.0},{"not_picked":["Wild Strike","Pommel Strike"],"picked":"Armaments","floor":13.0},{"not_picked":["Clash","Warcry"],"picked":"Armaments","floor":14.0},{"not_picked":["Limit Break","Juggernaut"],"picked":"Impervious","floor":16.0},{"not_picked":["Warcry","Havoc"],"picked":"Rampage","floor":18}],"player_experience":1032085,"relics_obtained":[{"floor":9.0,"key":"Kunai"},{"floor":19,"key":"Necronomicon"}],"event_choices":[{"damage_healed":0.0,"max_hp_gain":0.0,"max_hp_loss":0.0,"gold_gain":0.0,"event_name":"Golden Idol","player_choice":"Take Damage","floor":2.0,"gold_loss":0.0,"damage_taken":26.0,"relics_obtained":["Golden Idol"]},{"damage_healed":0.0,"max_hp_gain":0.0,"max_hp_loss":0.0,"gold_gain":0.0,"event_name":"WeMeetAgain","player_choice":"Gave Potion","floor":5.0,"gold_loss":0.0,"damage_taken":0.0,"relics_obtained":["Letter Opener"]},{"damage_healed":0,"gold_gain":0,"player_choice":"Obtained Book","damage_taken":21,"max_hp_gain":0,"max_hp_loss":0,"event_name":"Cursed Tome","floor":19,"gold_loss":0},{"damage_healed":0,"gold_gain":0,"player_choice":"Cursed","damage_taken":0,"max_hp_gain":0,"max_hp_loss":0,"event_name":"Wheel of Change","floor":20,"gold_loss":0,"cards_obtained":["Decay"]}],"is_beta":true,"boss_relics":[{"not_picked":["Philosopher\u0027s Stone","Cursed Key"],"picked":"Runic Cube"}],"items_purged_floors":[],"is_endless":false,"potions_floor_spawned":[4,11,13,14],"killed_by":"3 Byrds","ascension_level":19}