{"path_per_floor":["M","?","?","M","M","R","E","M","T","M","M","M","T","M","R"],"character_chosen":"DEFECT","items_purchased":[],"gold_per_floor":[218,188,188,202,215,215,242,253,299,315,327,346,371,389,389,389],"floor_reached":16,"campfire_rested":0,"playtime":1353,"current_hp_per_floor":[69,69,69,69,69,69,47,44,44,44,44,44,44,44,44,0],"items_purged":[],"gold":389,"score":106,"play_id":"03a36dba-81f4-4329-a62b-83a197e814d4","local_time":"20180509174356","is_prod":false,"is_daily":false,"chose_seed":false,"is_ascension_mode":false,"campfire_upgraded":2,"timestamp":1525902236,"path_taken":["M","?","?","M","M","R","E","?","T","M","M","?","?","?","R","BOSS"],"build_version":"2018-05-08","seed_source_timestamp":4519676217458,"purchased_purges":0,"victory":false,"master_deck":["Strike_B","Strike_B","Strike_B","Defend_B","Defend_B","Defend_B","Defend_B","Zap","Dualcast","Sweeping Beam","Cold Snap","Chaos+1","White Noise","Stack","Coolheaded","Reprogram+1","Leap","Axe Kick","Amplify"],"max_hp_per_floor":[75,75,75,75,75,75,75,75,75,75,75,75,75,75,75,75],"relics":["Cracked Core","Shuriken","Anchor","Lantern"],"card_choices":[{"not_picked":["Double Energy","Cold Snap"],"picked":"Sweeping Beam","floor":1},{"not_picked":["Steam","Streamline"],"picked":"Chaos","floor":4},{"not_picked":["Beam Cell","Hologram"],"picked":"White Noise","floor":5},{"not_picked":["Impulse","All For One"],"picked":"Stack","floor":7},{"not_picked":["Streamline","Steam"],"picked":"Coolheaded","floor":8},{"not_picked":["Steam Power","Turbo"],"picked":"Reprogram","floor":10},{"not_picked":["Scrape","Hologram"],"picked":"Leap","floor":11},{"not_picked":["Turbo","Rebound"],"picked":"Axe Kick","floor":12},{"not_picked":["Hologram","Steam Power"],"picked":"Amplify","floor":14}],"player_experience":15901,"potions_floor_usage":[7,12,16],"damage_taken":[{"damage":6,"enemies":"Jaw Worm","floor":1,"turns":3},{"damage":0,"enemies":"Cultist","floor":4,"turns":4},{"damage":0,"enemies":"2 Louse","floor":5,"turns":2},{"damage":22,"enemies":"Lagavulin","floor":7,"turns":6},{"damage":3,"enemies":"2 Fungi Beasts","floor":8,"turns":3},{"damage":0,"enemies":"Blue Slaver","floor":10,"turns":4},{"damage":0,"enemies":"Red Slaver","floor":11,"turns":4},{"damage":0,"enemies":"Gremlin Gang","floor":12,"turns":4},{"damage":0,"enemies":"Exordium Wildlife","floor":14,"turns":5},{"damage":49,"enemies":"Hexaghost","floor":16,"turns":14}],"event_choices":[{"event_name":"The Woman in Blue","player_choice":"Bought 2 Potions","floor":2,"damage_taken":0},{"event_name":"Living Wall","player_choice":"Change","floor":3,"damage_taken":0}],"boss_relics":[],"potions_floor_spawned":[1,5,10],"seed_played":"-2716026891793518838","killed_by":"Hexaghost","ascension_level":0,"is_trial":false}