{"path_per_floor":["M","M","M","M","?","R","E","$","T","R","?","?","E","M","R","B",null,"M","$","?","M","M","R","M"],"character_chosen":"DEFECT","items_purchased":["Blood Vial","Static Discharge"],"gold_per_floor":[111,131,151,162,162,162,191,37,111,111,111,175,202,212,212,315,315,333,298,323,341,361,361,377,377],"floor_reached":25,"campfire_rested":2,"playtime":2404,"current_hp_per_floor":[74,73,65,62,62,62,43,43,43,43,43,25,21,23,45,11,75,56,56,39,31,25,47,12,0],"items_purged":[],"gold":377,"score":213,"play_id":"7e04ce2b-3ea7-49d7-83ec-d6698777da96","local_time":"20180509013925","is_prod":false,"is_daily":false,"chose_seed":false,"is_ascension_mode":false,"campfire_upgraded":2,"timestamp":1525844365,"path_taken":["M","M","M","M","?","R","E","?","T","R","?","?","E","M","R","BOSS","M","$","?","?","M","R","M","M"],"build_version":"2018-05-08","seed_source_timestamp":449350164484066,"purchased_purges":1,"victory":false,"master_deck":["Strike_B","Strike_B","Strike_B","Strike_B","Defend_B","Defend_B","Defend_B","Defend_B","Zap","Dualcast","Skim","Coolheaded","Stack+1","Loop","Static Discharge+1","Double Energy","Fission","Coolheaded","Rainbow","Aggregate","Static Discharge","Hello World+1","Stack","Hello World"],"max_hp_per_floor":[75,75,75,75,75,75,75,75,75,75,75,75,75,75,75,75,75,75,75,75,75,75,75,75,75],"relics":["Cracked Core","Thread and Needle","Blood Vial","Toolbox","Anchor","Darkstone Periapt","White Beast Statue","Red Mask"],"card_choices":[{"not_picked":["Go for the Eyes","Streamline"],"picked":"Skim","floor":1},{"not_picked":["Leap","Barrage"],"picked":"Coolheaded","floor":2},{"not_picked":["Multi-Cast","Auto Shields"],"picked":"Stack","floor":3},{"not_picked":["Steam","Genetic Algorithm"],"picked":"Loop","floor":4},{"not_picked":["Hologram","Leap"],"picked":"Static Discharge","floor":7},{"not_picked":["Lockon","Melter"],"picked":"Double Energy","floor":12},{"not_picked":["Rebound","Streamline"],"picked":"Fission","floor":13},{"not_picked":["Sweeping Beam","Skim"],"picked":"Coolheaded","floor":14},{"not_picked":["Fission","Thunder Strike"],"picked":"Rainbow","floor":16},{"not_picked":["Sweeping Beam","Coolheaded"],"picked":"Aggregate","floor":18},{"not_picked":["Undo","Barrage"],"picked":"Hello World","floor":20},{"not_picked":["Doom and Gloom","Capacitor"],"picked":"Stack","floor":21},{"not_picked":["Hologram","Consume"],"picked":"Hello World","floor":22}],"player_experience":7379,"potions_floor_usage":[12,12,16,16,20,22,24,25],"damage_taken":[{"damage":1,"enemies":"2 Louse","floor":1,"turns":3},{"damage":1,"enemies":"Jaw Worm","floor":2,"turns":6},{"damage":8,"enemies":"Small Slimes","floor":3,"turns":4},{"damage":3,"enemies":"Looter","floor":4,"turns":4},{"damage":19,"enemies":"Gremlin Nob","floor":7,"turns":5},{"damage":20,"enemies":"Lagavulin Event","floor":12,"turns":6},{"damage":6,"enemies":"3 Sentries","floor":13,"turns":7},{"damage":0,"enemies":"Blue Slaver","floor":14,"turns":6},{"damage":36,"enemies":"Slime Boss","floor":16,"turns":18},{"damage":19,"enemies":"Chosen","floor":18,"turns":6},{"damage":19,"enemies":"Masked Bandits","floor":20,"turns":5},{"damage":10,"enemies":"Spheric Guardian","floor":21,"turns":7},{"damage":8,"enemies":"Snecko","floor":22,"turns":5},{"damage":37,"enemies":"Chosen and Byrds","floor":24,"turns":7},{"damage":18,"enemies":"Cultist and Chosen","floor":25,"turns":4}],"event_choices":[{"event_name":"The Cleric","player_choice":"Leave","floor":5,"damage_taken":0},{"event_name":"Golden Wing","player_choice":"Ignored","floor":11,"damage_taken":0},{"event_name":"Dead Adventurer","player_choice":"Searched \u00273\u0027 times","floor":12,"damage_taken":0},{"event_name":"Masked Bandits","player_choice":"Fought over 298 gold","floor":20,"damage_taken":0}],"boss_relics":[{"not_picked":["Eternal Feather","Astrolabe"],"picked":"White Beast Statue"}],"potions_floor_spawned":[4,7,12,14,18,20,21,22,24],"seed_played":"-8893534678346477432","killed_by":"Cultist and Chosen","ascension_level":0,"is_trial":false}