{"gold_per_floor":[119,137,152,152,164,164,180,180,204,204,204,12,48,48,48,48],"floor_reached":16,"playtime":561,"items_purged":[],"score":195,"play_id":"9c273f52-fcd5-4da4-8f64-2c5c692a3eab","local_time":"20190218200208","is_ascension_mode":true,"campfire_choices":[{"data":"Bouncing Flask","floor":6,"key":"SMITH"},{"data":"Neutralize","floor":8,"key":"SMITH"},{"data":"Corpse Explosion","floor":11,"key":"SMITH"},{"data":"Caltrops","floor":15,"key":"SMITH"}],"neow_cost":"NONE","seed_source_timestamp":429741885367937,"circlet_count":0,"master_deck":["AscendersBane","Defend_G","Defend_G","Defend_G","Defend_G","Defend_G","Strike_G","Strike_G","Strike_G","Strike_G","Strike_G","Survivor","Neutralize+1","PiercingWail","Bouncing Flask+1","Terror","Dodge and Roll","Corpse Explosion+1","Prepared","Injury","Backflip","Caltrops+1"],"special_seed":0,"relics":["Ring of the Snake","WarpedTongs","Happy Flower","Golden Idol","Tiny Chest","Juzu Bracelet"],"potions_floor_usage":[13,16,16],"damage_taken":[{"damage":3,"enemies":"Cultist","floor":1,"turns":6},{"damage":0,"enemies":"2 Louse","floor":2,"turns":5},{"damage":0,"enemies":"Small Slimes","floor":3,"turns":3},{"damage":3,"enemies":"Looter","floor":5,"turns":4},{"damage":14,"enemies":"Lots of Slimes","floor":7,"turns":3},{"damage":28,"enemies":"Gremlin Nob","floor":13,"turns":4},{"damage":29,"enemies":"The Guardian","floor":16,"turns":7}],"seed_played":"-8181377934679451583","potions_obtained":[{"floor":3,"key":"Regen Potion"},{"floor":5,"key":"Strength Potion"},{"floor":7,"key":"PowerPotion"},{"floor":13,"key":"Regen Potion"}],"is_trial":false,"path_per_floor":["M","M","M","?","M","R","M","R","T","?","R","$","E","?","R","B"],"character_chosen":"THE_SILENT","items_purchased":["Tiny Chest","Backflip"],"campfire_rested":0,"item_purchase_floors":[12,12],"current_hp_per_floor":[56,56,56,56,53,53,39,39,39,39,39,39,11,11,11,0],"gold":48,"neow_bonus":"THREE_CARDS","is_prod":false,"is_daily":false,"chose_seed":false,"campfire_upgraded":4,"win_rate":0,"timestamp":1550538128,"path_taken":["M","M","?","?","?","R","M","R","T","?","R","$","E","?","R","BOSS"],"build_version":"2019-02-06","purchased_purges":0,"victory":false,"max_hp_per_floor":[66,66,66,66,66,66,66,66,66,66,66,66,66,66,66,66],"card_choices":[{"not_picked":["Concentrate","Outmaneuver"],"picked":"PiercingWail","floor":0.0},{"not_picked":["Acrobatics","Flying Knee"],"picked":"Bouncing Flask","floor":1},{"not_picked":["Bane","Deflect"],"picked":"Terror","floor":2},{"not_picked":["Blade Dance","Expertise"],"picked":"Dodge and Roll","floor":3},{"not_picked":["Backflip","Bane"],"picked":"Corpse Explosion","floor":5},{"not_picked":["Riddle With Holes","Bane"],"picked":"Prepared","floor":7},{"not_picked":["Distraction","Sucker Punch"],"picked":"Caltrops","floor":13}],"player_experience":995765,"relics_obtained":[{"floor":9,"key":"Happy Flower"},{"floor":13,"key":"Juzu Bracelet"}],"event_choices":[{"damage_healed":0,"gold_gain":0,"player_choice":"Rummage","damage_taken":0,"relics_obtained":["WarpedTongs"],"max_hp_gain":0,"max_hp_loss":0,"event_name":"Accursed Blacksmith","floor":4,"gold_loss":0,"cards_obtained":["Pain"]},{"damage_healed":0,"gold_gain":0,"player_choice":"Take Wound","damage_taken":0,"relics_obtained":["Golden Idol"],"max_hp_gain":0,"max_hp_loss":0,"event_name":"Golden Idol","floor":10,"gold_loss":0,"cards_obtained":["Injury"]},{"cards_removed":["Pain"],"damage_healed":0,"gold_gain":0,"player_choice":"Purged","damage_taken":0,"max_hp_gain":0,"max_hp_loss":0,"event_name":"Purifier","floor":14,"gold_loss":0}],"is_beta":true,"boss_relics":[],"items_purged_floors":[],"is_endless":false,"potions_floor_spawned":[3,5,7,13],"killed_by":"The Guardian","ascension_level":19}