{"gold_per_floor":[112,112,126,126,30,60,60,91,91,91,123,123,42,53,53,154,154,171,182,182,182,198,198],"floor_reached":23,"playtime":2656,"items_purged":[],"score":255,"play_id":"17b5775e-f949-4e6c-8ee5-c0e2d275b1a4","local_time":"20190610175640","is_ascension_mode":true,"campfire_choices":[{"floor":7.0,"key":"RECALL"},{"floor":10.0,"key":"REST"},{"floor":12.0,"key":"REST"},{"floor":15.0,"key":"REST"}],"neow_cost":"NONE","seed_source_timestamp":0,"circlet_count":0,"master_deck":["Defend_G","Defend_G","Defend_G","Defend_G","Defend_G","Strike_G","Strike_G","Strike_G","Strike_G","Survivor","Neutralize","Skewer+1","Quick Slash","Slice+1","Regret","Swift Strike","Slice","Poisoned Stab","Terror","Corpse Explosion","Deadly Poison","Adrenaline+1","Caltrops","Distraction","Deadly Poison"],"special_seed":0,"relics":["Ring of the Snake","NeowsBlessing","Calipers","Dead Branch","Whetstone","Matryoshka","Mummified Hand","Black Star"],"potions_floor_usage":[23],"damage_taken":[{"damage":0.0,"enemies":"Jaw Worm","floor":1.0,"turns":1.0},{"damage":0.0,"enemies":"Cultist","floor":3.0,"turns":1.0},{"damage":0.0,"enemies":"3 Sentries","floor":6.0,"turns":1.0},{"damage":46.0,"enemies":"Lagavulin","floor":8.0,"turns":8.0},{"damage":21.0,"enemies":"Gremlin Nob","floor":11.0,"turns":4.0},{"damage":2.0,"enemies":"Small Slimes","floor":14.0,"turns":2.0},{"damage":37.0,"enemies":"Hexaghost","floor":16.0,"turns":9.0},{"damage":14.0,"enemies":"3 Byrds","floor":18.0,"turns":4.0},{"damage":11.0,"enemies":"Shell Parasite","floor":19.0,"turns":6.0},{"damage":48.0,"enemies":"Snecko","floor":22.0,"turns":5.0},{"damage":31,"enemies":"Sentry and Sphere","floor":23,"turns":3}],"seed_played":"-4285237441081922495","potions_obtained":[{"floor":1.0,"key":"Swift Potion"},{"floor":14.0,"key":"Swift Potion"},{"floor":18.0,"key":"FairyPotion"},{"floor":22.0,"key":"Fire Potion"}],"is_trial":false,"path_per_floor":["M","?","M","?","$","E","R","E","T","R","E","R","$","M","R","B",null,"M","M","?","?","M","M"],"character_chosen":"THE_SILENT","items_purchased":["Swift Strike","Corpse Explosion"],"campfire_rested":3,"item_purchase_floors":[5,13],"current_hp_per_floor":[70,70,70,70,70,70,70,24,24,45,24,45,45,43,64,27,70,56,45,68,68,20,0],"gold":198,"neow_bonus":"THREE_ENEMY_KILL","is_prod":false,"is_daily":false,"chose_seed":false,"campfire_upgraded":0,"win_rate":0,"timestamp":1560203800,"path_taken":["M","?","M","?","?","E","R","E","T","R","E","R","$","?","R","BOSS","M","M","?","?","M","M"],"build_version":"2019-01-23","purchased_purges":0,"victory":false,"max_hp_per_floor":[70,70,70,70,70,70,70,70,70,70,70,70,70,70,70,70,70,70,70,70,70,70,70],"card_choices":[{"not_picked":["Quick Slash","Bane"],"picked":"Skewer","floor":1.0},{"not_picked":["Heel Hook","Backflip"],"picked":"Slice","floor":3.0},{"not_picked":["Cloak And Dagger","Escape Plan"],"picked":"Slice","floor":6.0},{"not_picked":["Dagger Throw","Setup"],"picked":"Poisoned Stab","floor":8.0},{"not_picked":["Quick Slash","All Out Attack"],"picked":"Terror","floor":11.0},{"not_picked":["Quick Slash","Choke"],"picked":"Deadly Poison","floor":14.0},{"not_picked":["Malaise","Die Die Die"],"picked":"Adrenaline","floor":16.0},{"not_picked":["Deadly Poison","Dagger Throw"],"picked":"Caltrops","floor":18.0},{"not_picked":["Heel Hook","Bane"],"picked":"Distraction","floor":19.0},{"not_picked":["PiercingWail+1","Bane"],"picked":"Deadly Poison","floor":22.0}],"player_experience":446530,"relics_obtained":[{"floor":6.0,"key":"Dead Branch"},{"floor":8.0,"key":"Whetstone"},{"floor":9.0,"key":"Matryoshka"},{"floor":11.0,"key":"Mummified Hand"}],"event_choices":[{"damage_healed":0.0,"max_hp_gain":0.0,"max_hp_loss":0.0,"gold_gain":0.0,"cards_transformed":["Strike_G"],"event_name":"Living Wall","player_choice":"Change","floor":2.0,"gold_loss":0.0,"damage_taken":0.0,"cards_obtained":["Quick Slash"]},{"damage_healed":0.0,"max_hp_gain":0.0,"max_hp_loss":0.0,"gold_gain":0.0,"event_name":"Big Fish","player_choice":"Box","floor":4.0,"gold_loss":0.0,"damage_taken":0.0,"relics_obtained":["Calipers"],"cards_obtained":["Regret"]},{"damage_healed":23.0,"max_hp_gain":0.0,"max_hp_loss":0.0,"gold_gain":0.0,"event_name":"The Library","player_choice":"Heal","floor":20.0,"gold_loss":0.0,"damage_taken":0.0},{"damage_healed":0.0,"max_hp_gain":0.0,"max_hp_loss":0.0,"gold_gain":0.0,"event_name":"Accursed Blacksmith","player_choice":"Forge","floor":21.0,"gold_loss":0.0,"damage_taken":0.0,"cards_upgraded":["Adrenaline"]}],"is_beta":false,"boss_relics":[{"not_picked":["Eternal Feather","HoveringKite"],"picked":"Black Star"}],"items_purged_floors":[],"is_endless":false,"potions_floor_spawned":[1,14,18,22],"killed_by":"Sentry and Sphere","ascension_level":2}