{"gold_per_floor":[116,116,116,135,158,83,108,143,170,170,170,170,213,238,238,366,366,385,408,147,147,190,190,209,209,209,250,1,24,24,24],"floor_reached":31,"playtime":1448,"items_purged":["Regret"],"score":276,"play_id":"bfae7304-6d57-4824-8db8-4e93c6be35f4","local_time":"20190521191459","is_ascension_mode":true,"campfire_choices":[{"floor":12.0,"key":"REST"},{"floor":15.0,"key":"REST"},{"floor":23.0,"key":"REST"},{"floor":25.0,"key":"RECALL"}],"neow_cost":"NONE","seed_source_timestamp":0,"circlet_count":0,"master_deck":["Defend_G","Defend_G","Defend_G","Defend_G","Defend_G","Strike_G","Strike_G","Strike_G","Strike_G","Strike_G","Survivor","Neutralize","Terror","Quick Slash","Dagger Spray","Outmaneuver","Backflip","A Thousand Cuts","Neutralize","Distraction","Sucker Punch","PiercingWail","Phantasmal Killer","Endless Agony+1","Deadly Poison","Sucker Punch+1","Acrobatics","Blade Dance","Mind Blast","Noxious Fumes","Backstab"],"special_seed":0,"relics":["Fusion Hammer","Bronze Scales","Golden Idol","Vajra","Juzu Bracelet","Matryoshka","Dodecahedron","Black Star","Mercury Hourglass","MutagenicStrength","Red Mask","Bottled Lightning","Girya","Bottled Flame"],"potions_floor_usage":[],"damage_taken":[{"damage":5.0,"enemies":"Small Slimes","floor":1.0,"turns":3.0},{"damage":3.0,"enemies":"Jaw Worm","floor":4.0,"turns":4.0},{"damage":0.0,"enemies":"2 Louse","floor":5.0,"turns":3.0},{"damage":5.0,"enemies":"2 Fungi Beasts","floor":7.0,"turns":3.0},{"damage":11.0,"enemies":"Lagavulin","floor":8.0,"turns":4.0},{"damage":7.0,"enemies":"3 Sentries","floor":13.0,"turns":6.0},{"damage":4.0,"enemies":"Red Slaver","floor":14.0,"turns":3.0},{"damage":6.0,"enemies":"The Guardian","floor":16.0,"turns":10.0},{"damage":10.0,"enemies":"Shell Parasite","floor":18.0,"turns":5.0},{"damage":15.0,"enemies":"Spheric Guardian","floor":19.0,"turns":4.0},{"damage":31.0,"enemies":"Masked Bandits","floor":22.0,"turns":4.0},{"damage":6.0,"enemies":"Snecko","floor":24.0,"turns":4.0},{"damage":11.0,"enemies":"Slavers","floor":27.0,"turns":5.0},{"damage":2.0,"enemies":"Chosen and Byrds","floor":29.0,"turns":2.0},{"damage":10,"enemies":"Snake Plant","floor":31,"turns":1}],"seed_played":"-6371571450719165653","potions_obtained":[{"floor":1.0,"key":"Strength Potion"},{"floor":8.0,"key":"Dexterity Potion"},{"floor":14.0,"key":"Fire Potion"},{"floor":18.0,"key":"GamblersBrew"},{"floor":24.0,"key":"Block Potion"}],"is_trial":false,"path_per_floor":["M","?","?","M","M","$","M","E","T","?","?","R","E","M","R","B",null,"M","M","$","?","?","R","M","R","T","E","$","M","?","M"],"character_chosen":"THE_SILENT","items_purchased":["Mercury Hourglass","Mind Blast","GhostInAJar","Noxious Fumes"],"campfire_rested":3,"item_purchase_floors":[20,28,28,28],"current_hp_per_floor":[65,65,65,62,62,62,57,46,46,39,39,58,51,47,65,59,65,55,40,40,40,9,28,22,22,22,11,11,9,9,0],"gold":24,"neow_bonus":"BOSS_RELIC","is_prod":false,"is_daily":false,"chose_seed":false,"campfire_upgraded":0,"win_rate":0,"timestamp":1558480499,"path_taken":["M","?","?","?","M","$","M","E","T","?","?","R","E","M","R","BOSS","M","M","$","?","?","R","M","R","T","E","$","M","?","M"],"build_version":"2019-01-23","purchased_purges":1,"victory":false,"max_hp_per_floor":[70,70,65,65,65,65,65,65,65,65,65,65,65,65,65,65,65,65,65,65,65,65,65,65,65,65,65,65,65,65,65],"card_choices":[{"not_picked":["Predator","Dagger Spray"],"picked":"Terror","floor":1.0},{"not_picked":["Underhanded Strike","Acrobatics"],"picked":"Quick Slash","floor":4.0},{"not_picked":["Flying Knee","Terror"],"picked":"Dagger Spray","floor":5.0},{"not_picked":["Acrobatics","Catalyst"],"picked":"Outmaneuver","floor":7.0},{"not_picked":["Envenom","Tactician"],"picked":"Backflip","floor":8.0},{"not_picked":["Slice","Flying Knee"],"picked":"Sucker Punch","floor":13.0},{"not_picked":["Deflect","Eviscerate"],"picked":"PiercingWail","floor":14.0},{"not_picked":["Envenom","Bullet Time"],"picked":"Phantasmal Killer","floor":16.0},{"not_picked":["Cloak And Dagger","Calculated Gamble"],"picked":"Endless Agony+1","floor":18.0},{"not_picked":["Deflect","Catalyst"],"picked":"Deadly Poison","floor":19.0},{"not_picked":["Underhanded Strike","Wraith Form v2"],"picked":"Sucker Punch+1","floor":22.0},{"not_picked":["Slice","Backflip"],"picked":"Acrobatics","floor":24.0},{"not_picked":["Dagger Spray","After Image"],"picked":"Blade Dance","floor":27.0},{"not_picked":["Cloak And Dagger+1","Slice"],"picked":"Backstab","floor":29.0}],"player_experience":356814,"relics_obtained":[{"floor":8.0,"key":"Vajra"},{"floor":9.0,"key":"Juzu Bracelet"},{"floor":13.0,"key":"Dodecahedron"},{"floor":22.0,"key":"Red Mask"},{"floor":26.0,"key":"Bottled Lightning"},{"floor":27.0,"key":"Girya"},{"floor":27.0,"key":"Bottled Flame"}],"event_choices":[{"damage_healed":0.0,"max_hp_gain":0.0,"max_hp_loss":0.0,"gold_gain":0.0,"event_name":"Big Fish","player_choice":"Box","floor":2.0,"gold_loss":0.0,"damage_taken":0.0,"relics_obtained":["Bronze Scales"],"cards_obtained":["Regret"]},{"damage_healed":0.0,"max_hp_gain":0.0,"max_hp_loss":5.0,"gold_gain":0.0,"event_name":"Golden Idol","player_choice":"Lose Max HP","floor":3.0,"gold_loss":0.0,"damage_taken":0.0,"relics_obtained":["Golden Idol"]},{"damage_healed":0.0,"max_hp_gain":0.0,"max_hp_loss":0.0,"gold_gain":0.0,"event_name":"Scrap Ooze","player_choice":"Success","floor":10.0,"gold_loss":0.0,"damage_taken":7.0,"relics_obtained":["Matryoshka"]},{"damage_healed":0.0,"max_hp_gain":0.0,"max_hp_loss":0.0,"gold_gain":0.0,"event_name":"Match and Keep!","player_choice":"3 cards matched","floor":11.0,"gold_loss":0.0,"damage_taken":0.0,"cards_obtained":["A Thousand Cuts","Neutralize","Distraction"]},{"damage_healed":0.0,"max_hp_gain":0.0,"max_hp_loss":0.0,"gold_gain":0.0,"event_name":"Drug Dealer","player_choice":"Inject Mutagens","floor":21.0,"gold_loss":0.0,"damage_taken":0.0,"relics_obtained":["MutagenicStrength"]},{"damage_healed":0.0,"max_hp_gain":0.0,"max_hp_loss":0.0,"gold_gain":0.0,"event_name":"Masked Bandits","player_choice":"Fought Bandits","floor":22.0,"gold_loss":0.0,"damage_taken":0.0},{"damage_healed":0.0,"max_hp_gain":0.0,"max_hp_loss":0.0,"gold_gain":0.0,"event_name":"WeMeetAgain","player_choice":"Ignored","floor":30.0,"gold_loss":0.0,"damage_taken":0.0}],"is_beta":false,"boss_relics":[{"not_picked":["Pandora\u0027s Box","Lizard Tail"],"picked":"Black Star"}],"items_purged_floors":[6],"is_endless":false,"potions_floor_spawned":[1,8,14,18,24],"killed_by":"Snake Plant","ascension_level":1}