{"gold_per_floor":[111,38,113,113,126,126,156,81,81,81,97,97,97,129,129,129],"floor_reached":16,"playtime":625,"items_purged":["Regret"],"score":159,"play_id":"34261c4a-0cae-40e4-9aec-1c76c3d70c36","local_time":"20181204033356","is_ascension_mode":true,"campfire_choices":[{"data":"Flame Barrier","floor":6,"key":"SMITH"},{"data":"Spot Weakness","floor":10,"key":"SMITH"},{"data":"Body Slam","floor":15,"key":"SMITH"}],"neow_cost":"TEN_PERCENT_HP_LOSS","seed_source_timestamp":477782189508702,"circlet_count":0,"master_deck":["AscendersBane","Strike_R","Strike_R","Strike_R","Strike_R","Defend_R","Defend_R","Defend_R","Defend_R","Bash","Shrug It Off","Flame Barrier+1","Spot Weakness+1","Reaper","Body Slam+1","Intimidate"],"relics":["Burning Blood","Magic Flower","Charon\u0027s Ashes","Ancient Tea Set","Mango","Frozen Egg 2"],"potions_floor_usage":[14,16],"damage_taken":[{"damage":1,"enemies":"Cultist","floor":1,"turns":4},{"damage":5,"enemies":"Small Slimes","floor":5,"turns":5},{"damage":50,"enemies":"Lagavulin","floor":7,"turns":8},{"damage":7,"enemies":"Jaw Worm","floor":11,"turns":4},{"damage":27,"enemies":"3 Sentries","floor":14,"turns":6},{"damage":83,"enemies":"Hexaghost","floor":16,"turns":11}],"seed_played":"-7049861252601662758","potions_obtained":[{"floor":7,"key":"BloodPotion"},{"floor":14,"key":"SteroidPotion"}],"is_trial":false,"path_per_floor":["M","$","?","?","M","R","E","$","T","R","M","$","?","E","R","B"],"character_chosen":"IRONCLAD","items_purchased":["Flame Barrier"],"campfire_rested":0,"item_purchase_floors":[2],"current_hp_per_floor":[72,72,61,61,65,65,24,24,38,38,52,52,52,80,80,0],"gold":129,"neow_bonus":"ONE_RARE_RELIC","is_prod":false,"is_daily":false,"chose_seed":false,"campfire_upgraded":3,"win_rate":0,"timestamp":1543912436,"path_taken":["M","?","?","?","M","R","E","?","T","R","M","$","?","E","R","BOSS"],"build_version":"2018-11-15","purchased_purges":1,"victory":false,"max_hp_per_floor":[72,72,72,72,72,72,72,72,86,86,86,86,86,86,86,86],"card_choices":[{"not_picked":["Cleave","Havoc"],"picked":"Shrug It Off","floor":1},{"not_picked":["Heavy Blade","Power Through"],"picked":"Spot Weakness","floor":5},{"not_picked":["Havoc","Searing Blow"],"picked":"Reaper","floor":7},{"not_picked":["Power Through","Carnage"],"picked":"Body Slam","floor":11},{"not_picked":["Clothesline","Sword Boomerang"],"picked":"Intimidate","floor":14}],"player_experience":579026,"relics_obtained":[{"floor":7,"key":"Ancient Tea Set"},{"floor":9,"key":"Mango"},{"floor":14,"key":"Frozen Egg 2"}],"event_choices":[{"damage_healed":0,"gold_gain":75,"player_choice":"Gather Gold","damage_taken":11,"max_hp_gain":0,"max_hp_loss":0,"event_name":"World of Goop","floor":3,"gold_loss":0},{"damage_healed":0,"gold_gain":0,"player_choice":"Box","damage_taken":0,"relics_obtained":["Charon\u0027s Ashes"],"max_hp_gain":0,"max_hp_loss":0,"event_name":"Big Fish","floor":4,"gold_loss":0,"cards_obtained":["Regret"]},{"cards_removed":["Strike_R"],"damage_healed":0,"gold_gain":0,"player_choice":"Offered Basic","damage_taken":0,"max_hp_gain":0,"max_hp_loss":0,"event_name":"Bonfire Elementals","floor":13,"gold_loss":0}],"is_beta":true,"boss_relics":[],"items_purged_floors":[8],"is_endless":false,"potions_floor_spawned":[7,14],"killed_by":"Hexaghost","ascension_level":10}