{"gold_per_floor":[112,125,125,143,143,143,160,173,173,189,202,227,227,246,246,350,350,366,281,189,189,201,201,201,231,231,248,262,281,63,63,63,63],"floor_reached":33,"playtime":3293,"items_purged":["Defend_G"],"score":310,"play_id":"27f4f83d-53cb-45f7-aae3-b3948d7cdbe3","local_time":"20190706110559","is_ascension_mode":true,"campfire_choices":[{"data":"Deadly Poison","floor":6.0,"key":"SMITH"},{"data":"Corpse Explosion","floor":13.0,"key":"SMITH"},{"data":"Tactician","floor":15.0,"key":"SMITH"},{"data":"Unload","floor":23.0,"key":"SMITH"},{"data":"Dash","floor":32.0,"key":"SMITH"}],"neow_cost":"NONE","seed_source_timestamp":0,"circlet_count":0,"master_deck":["Defend_G","Defend_G","Defend_G","Defend_G","Survivor","Neutralize","Crippling Poison+1","Outmaneuver+1","Noxious Fumes+1","Deadly Poison+1","Acrobatics","Dash+1","Terror","Corpse Explosion+1","Tactician+1","Unload+1","Setup+1","Bandage Up","Bite","Bite","Bite","Bite","Bite","Flying Knee+1","Catalyst+1","Riddle With Holes+1"],"special_seed":0,"relics":["Astrolabe","Pear","CultistMask","Ice Cream","Ginger","White Beast Statue","Anchor","Tough Bandages","Vajra","Snake Skull"],"potions_floor_usage":[],"damage_taken":[{"damage":0.0,"enemies":"2 Louse","floor":1.0,"turns":3.0},{"damage":0.0,"enemies":"Cultist","floor":2.0,"turns":4.0},{"damage":0.0,"enemies":"Small Slimes","floor":4.0,"turns":3.0},{"damage":2.0,"enemies":"Blue Slaver","floor":7.0,"turns":5.0},{"damage":7.0,"enemies":"Large Slime","floor":8.0,"turns":7.0},{"damage":0.0,"enemies":"Exordium Wildlife","floor":10.0,"turns":5.0},{"damage":7.0,"enemies":"Exordium Thugs","floor":11.0,"turns":5.0},{"damage":1.0,"enemies":"3 Sentries","floor":12.0,"turns":6.0},{"damage":4.0,"enemies":"Blue Slaver","floor":14.0,"turns":3.0},{"damage":17.0,"enemies":"Hexaghost","floor":16.0,"turns":8.0},{"damage":7.0,"enemies":"Chosen","floor":18.0,"turns":5.0},{"damage":12.0,"enemies":"Spheric Guardian","floor":22.0,"turns":4.0},{"damage":16.0,"enemies":"Gremlin Leader","floor":25.0,"turns":6.0},{"damage":10.0,"enemies":"Centurion and Healer","floor":27.0,"turns":5.0},{"damage":0.0,"enemies":"Snake Plant","floor":28.0,"turns":4.0},{"damage":23.0,"enemies":"Snecko","floor":29.0,"turns":5.0},{"damage":0,"enemies":"Champ","floor":33,"turns":1}],"seed_played":"6057899137707457665","potions_obtained":[{"floor":2.0,"key":"Weak Potion"},{"floor":12.0,"key":"Swift Potion"},{"floor":18.0,"key":"AttackPotion"},{"floor":22.0,"key":"Strength Potion"},{"floor":25.0,"key":"SkillPotion"},{"floor":27.0,"key":"Dexterity Potion"},{"floor":28.0,"key":"Poison Potion"},{"floor":29.0,"key":"Weak Potion"}],"is_trial":false,"path_per_floor":["M","M","?","M","?","R","M","M","T","M","M","E","R","M","R","B",null,"M","?","$","?","M","R","?","E","T","M","M","M","$","$","R","B"],"character_chosen":"THE_SILENT","items_purchased":["Bandage Up","Snake Skull"],"campfire_rested":0,"item_purchase_floors":[20,30],"current_hp_per_floor":[70,70,77,77,77,77,75,68,68,68,61,60,60,56,56,39,80,73,73,73,56,48,48,48,46,46,48,56,39,39,39,39,39],"gold":63,"neow_bonus":"BOSS_RELIC","is_prod":false,"is_daily":false,"chose_seed":false,"campfire_upgraded":5,"win_rate":0,"timestamp":1562425559,"path_taken":["M","M","?","M","?","R","M","M","T","M","?","E","R","M","R","BOSS","M","?","$","?","M","R","?","E","T","?","M","M","?","$","R","BOSS"],"build_version":"2019-07-05","purchased_purges":1,"victory":false,"max_hp_per_floor":[70,70,80,80,80,80,80,80,80,80,80,80,80,80,80,80,80,80,80,80,56,56,56,56,56,56,56,56,56,56,56,56,56],"card_choices":[{"not_picked":["Blade Dance","Dagger Throw"],"picked":"Deadly Poison","floor":1.0},{"not_picked":["Accuracy","Eviscerate"],"picked":"Acrobatics","floor":2.0},{"not_picked":["Outmaneuver","Distraction"],"picked":"Dash","floor":4.0},{"not_picked":["Endless Agony","Crippling Poison","Reflex"],"picked":"SKIP","floor":7.0},{"not_picked":["PiercingWail","Choke","Riddle With Holes"],"picked":"SKIP","floor":8.0},{"not_picked":["Prepared","Slice","PiercingWail"],"picked":"SKIP","floor":10.0},{"not_picked":["Underhanded Strike","Prepared"],"picked":"Terror","floor":11.0},{"not_picked":["Concentrate","PiercingWail"],"picked":"Corpse Explosion","floor":12.0},{"not_picked":["Acrobatics","Quick Slash"],"picked":"Tactician","floor":14.0},{"not_picked":["After Image","Grand Finale"],"picked":"Unload","floor":16.0},{"not_picked":["Bane","PiercingWail"],"picked":"Setup+1","floor":18.0},{"not_picked":["Dagger Throw+1","Bane"],"picked":"Flying Knee+1","floor":22.0},{"not_picked":["Accuracy","Deadly Poison"],"picked":"Catalyst+1","floor":25.0},{"not_picked":["Dodge and Roll","Slice+1","Wraith Form v2"],"picked":"SKIP","floor":27.0},{"not_picked":["Deflect+1","Dodge and Roll"],"picked":"Riddle With Holes+1","floor":28.0},{"not_picked":["Cloak And Dagger","Dagger Spray","Underhanded Strike+1"],"picked":"SKIP","floor":29.0}],"player_experience":625880,"relics_obtained":[{"floor":9.0,"key":"Ice Cream"},{"floor":12.0,"key":"Ginger"},{"floor":25.0,"key":"Tough Bandages"},{"floor":26.0,"key":"Vajra"}],"event_choices":[{"damage_healed":0.0,"max_hp_gain":0.0,"max_hp_loss":0.0,"gold_gain":0.0,"event_name":"Scrap Ooze","player_choice":"Success","floor":3.0,"gold_loss":0.0,"damage_taken":3.0,"relics_obtained":["Pear"]},{"damage_healed":0.0,"max_hp_gain":0.0,"max_hp_loss":0.0,"gold_gain":0.0,"event_name":"FaceTrader","player_choice":"Trade","floor":5.0,"gold_loss":0.0,"damage_taken":0.0,"relics_obtained":["CultistMask"]},{"damage_healed":0.0,"max_hp_gain":0.0,"max_hp_loss":0.0,"gold_gain":0.0,"event_name":"Addict","player_choice":"Obtained Relic","floor":19.0,"gold_loss":85.0,"damage_taken":0.0,"relics_obtained":["Anchor"]},{"damage_healed":0.0,"max_hp_gain":0.0,"max_hp_loss":24.0,"gold_gain":0.0,"event_name":"Vampires","player_choice":"Became a vampire","floor":21.0,"gold_loss":0.0,"damage_taken":0.0,"cards_obtained":["Bite","Bite","Bite","Bite","Bite"]},{"damage_healed":0.0,"max_hp_gain":0.0,"max_hp_loss":0.0,"gold_gain":0.0,"event_name":"Ghosts","player_choice":"Ignored","floor":24.0,"gold_loss":0.0,"damage_taken":0.0}],"is_beta":false,"boss_relics":[{"not_picked":["HoveringKite","Sozu"],"picked":"White Beast Statue"}],"items_purged_floors":[30],"is_endless":false,"potions_floor_spawned":[2,8,12,18,22,25,27,28,29],"killed_by":"Champ","ascension_level":1}