{"gold_per_floor":[113,127,138,62,72,131,142,174,174,174],"floor_reached":10,"playtime":845,"items_purged":[],"score":88,"play_id":"8788a28b-5723-40f3-bd3a-1e271a904e91","local_time":"20190720140854","is_ascension_mode":true,"campfire_choices":[],"neow_cost":"NONE","seed_source_timestamp":420106466240554,"circlet_count":0,"master_deck":["Strike_R","Strike_R","Strike_R","Strike_R","Strike_R","Defend_R","Defend_R","Defend_R","Defend_R","Bash","Inflame","Pommel Strike","Ghostly Armor","Metallicize","Wild Strike","Whirlwind","Body Slam","Armaments","Perfected Strike"],"relics":["Burning Blood","Tiny Chest","Self Forming Clay","Ginger"],"potions_floor_usage":[5,6,6],"damage_taken":[{"damage":6,"enemies":"Cultist","floor":1,"turns":4},{"damage":10,"enemies":"Small Slimes","floor":2,"turns":3},{"damage":0,"enemies":"Jaw Worm","floor":3,"turns":3},{"damage":0,"enemies":"Exordium Thugs","floor":5,"turns":4},{"damage":39,"enemies":"Lagavulin","floor":6,"turns":6},{"damage":5,"enemies":"Large Slime","floor":7,"turns":5},{"damage":41,"enemies":"Gremlin Nob","floor":8,"turns":5},{"damage":22,"enemies":"Gremlin Gang","floor":10,"turns":1}],"seed_played":"1632138563968766763","potions_obtained":[{"floor":1,"key":"AttackPotion"},{"floor":6,"key":"Fruit Juice"}],"is_trial":false,"path_per_floor":["M","M","M","$","M","E","M","E","T","M"],"character_chosen":"IRONCLAD","items_purchased":["Wild Strike","SteroidPotion"],"campfire_rested":0,"item_purchase_floors":[4,4],"current_hp_per_floor":[80,76,80,80,80,52,53,18,18,0],"gold":174,"neow_bonus":"THREE_CARDS","is_prod":false,"is_daily":false,"chose_seed":false,"campfire_upgraded":0,"win_rate":0,"timestamp":1563649734,"path_taken":["M","M","M","$","M","E","M","E","T","M"],"build_version":"2019-07-17","purchased_purges":0,"victory":false,"max_hp_per_floor":[80,80,80,80,80,85,85,85,85,85],"card_choices":[{"not_picked":["Iron Wave","Thunderclap"],"picked":"Inflame","floor":0},{"not_picked":["Metallicize","Power Through"],"picked":"Pommel Strike","floor":1},{"not_picked":["Bloodletting","Havoc"],"picked":"Ghostly Armor","floor":2},{"not_picked":["Evolve","Pommel Strike"],"picked":"Metallicize","floor":3},{"not_picked":["True Grit","Reckless Charge"],"picked":"Whirlwind","floor":5},{"not_picked":["True Grit","Combust"],"picked":"Body Slam","floor":6},{"not_picked":["Twin Strike","Fire Breathing"],"picked":"Armaments","floor":7},{"not_picked":["Armaments","Barricade"],"picked":"Perfected Strike","floor":8}],"player_experience":202539,"relics_obtained":[{"floor":6,"key":"Tiny Chest"},{"floor":8,"key":"Self Forming Clay"},{"floor":9,"key":"Ginger"}],"event_choices":[],"is_beta":false,"boss_relics":[],"items_purged_floors":[],"is_endless":false,"potions_floor_spawned":[1,6],"killed_by":"Gremlin Gang","ascension_level":2}