{"gold_per_floor":[119,119,136,136,13,46,57,68,68,98,112,41,66,66,66,164,164,181,181,198,214,233,260,279,279,306,317,21,21],"floor_reached":29,"playtime":3346,"items_purged":["Strike_G"],"score":349,"play_id":"13fedbab-cf61-4d50-9f7a-98fb3c1b9a67","local_time":"20190723102652","is_ascension_mode":true,"campfire_choices":[{"data":"Finisher","floor":15,"key":"SMITH"},{"floor":25,"key":"REST"}],"neow_cost":"NONE","seed_source_timestamp":168350462226481,"circlet_count":0,"master_deck":["Defend_G","Defend_G","Defend_G","Defend_G","Survivor","Neutralize","All Out Attack","Heel Hook","Finisher+1","Sucker Punch","Blade Dance","Acrobatics","Calculated Gamble","Tools of the Trade","Bouncing Flask+1","Accuracy+1","Bullet Time+1","Blur","Crippling Poison","PiercingWail+1","A Thousand Cuts"],"relics":["Ring of the Snake","NeowsBlessing","Bag of Marbles","Ninja Scroll","Blood Vial","Orichalcum","Centennial Puzzle","Astrolabe","Boot","Dream Catcher","Oddly Smooth Stone"],"potions_floor_usage":[10,10,10,22,23,23,24,29],"damage_taken":[{"damage":0,"enemies":"Cultist","floor":1,"turns":1},{"damage":0,"enemies":"Jaw Worm","floor":3,"turns":1},{"damage":0,"enemies":"Gremlin Nob","floor":6,"turns":1},{"damage":0,"enemies":"Small Slimes","floor":7,"turns":1},{"damage":7,"enemies":"3 Louse","floor":8,"turns":2},{"damage":7,"enemies":"3 Sentries","floor":10,"turns":5},{"damage":0,"enemies":"Looter","floor":11,"turns":2},{"damage":0,"enemies":"Gremlin Nob","floor":13,"turns":2},{"damage":27,"enemies":"Slime Boss","floor":16,"turns":8},{"damage":5,"enemies":"2 Thieves","floor":18,"turns":3},{"damage":6,"enemies":"Spheric Guardian","floor":20,"turns":3},{"damage":28,"enemies":"Centurion and Healer","floor":21,"turns":6},{"damage":27,"enemies":"Snake Plant","floor":22,"turns":4},{"damage":11,"enemies":"Book of Stabbing","floor":23,"turns":5},{"damage":9,"enemies":"Sentry and Sphere","floor":24,"turns":4},{"damage":19,"enemies":"3 Cultists","floor":27,"turns":6},{"damage":22,"enemies":"Slavers","floor":29,"turns":4}],"seed_played":"-6121300571526495493","potions_obtained":[{"floor":1,"key":"FearPotion"},{"floor":3,"key":"Explosive Potion"},{"floor":8,"key":"Weak Potion"},{"floor":11,"key":"Energy Potion"},{"floor":18,"key":"Regen Potion"},{"floor":21,"key":"SteroidPotion"},{"floor":23,"key":"Dexterity Potion"},{"floor":27,"key":"Dexterity Potion"}],"is_trial":false,"path_per_floor":["M","?","M","?","$","E","M","M","T","E","M","$","E","?","R","B",null,"M","?","M","M","M","E","M","R","T","M","$","E"],"character_chosen":"THE_SILENT","items_purchased":["PowerPotion","Calculated Gamble","Oddly Smooth Stone","A Thousand Cuts"],"campfire_rested":1,"item_purchase_floors":[5,12,28,28],"current_hp_per_floor":[70,45,45,68,68,68,68,61,61,56,58,58,60,53,53,28,70,65,65,61,35,24,15,8,29,29,12,12,0],"gold":21,"neow_bonus":"THREE_ENEMY_KILL","is_prod":false,"is_daily":false,"chose_seed":false,"campfire_upgraded":1,"win_rate":0,"timestamp":1563895612,"path_taken":["M","?","M","?","$","E","M","M","T","E","M","$","E","?","R","BOSS","M","?","M","M","M","E","M","R","T","M","$","E"],"build_version":"2019-07-17","purchased_purges":1,"victory":false,"max_hp_per_floor":[70,70,70,70,70,70,70,70,70,70,70,70,70,70,70,70,70,70,70,70,70,70,70,70,70,70,70,70,70],"card_choices":[{"not_picked":["Noxious Fumes","Backflip"],"picked":"All Out Attack","floor":1},{"not_picked":["Slice","Poisoned Stab"],"picked":"Heel Hook","floor":3},{"not_picked":["Grand Finale","Flechettes"],"picked":"Finisher","floor":6},{"not_picked":["Predator","Bane"],"picked":"Sucker Punch","floor":7},{"not_picked":["Setup","Outmaneuver"],"picked":"Blade Dance","floor":8},{"not_picked":["Prepared","Deadly Poison"],"picked":"Acrobatics","floor":10},{"not_picked":["Night Terror","Bane","Masterful Stab"],"picked":"SKIP","floor":11},{"not_picked":["Poisoned Stab","Dash","Crippling Poison"],"picked":"SKIP","floor":13},{"not_picked":["Phantasmal Killer","Night Terror"],"picked":"Tools of the Trade","floor":16},{"not_picked":["Backstab","Bouncing Flask+1"],"picked":"Blur","floor":18},{"not_picked":["Flying Knee","Prepared+1"],"picked":"Crippling Poison","floor":20},{"not_picked":["Distraction","Acrobatics+1","Poisoned Stab"],"picked":"SKIP","floor":21},{"not_picked":["Outmaneuver","Quick Slash","Dagger Spray"],"picked":"SKIP","floor":22},{"not_picked":["Blade Dance","Setup+1","Reflex"],"picked":"SKIP","floor":23},{"not_picked":["Slice","Quick Slash","Malaise"],"picked":"SKIP","floor":24},{"not_picked":["Terror","Blade Dance"],"picked":"PiercingWail+1","floor":27}],"player_experience":222743,"relics_obtained":[{"floor":6,"key":"Ninja Scroll"},{"floor":9,"key":"Blood Vial"},{"floor":10,"key":"Orichalcum"},{"floor":13,"key":"Centennial Puzzle"},{"floor":23,"key":"Boot"},{"floor":26,"key":"Dream Catcher"}],"event_choices":[{"damage_healed":0,"gold_gain":0,"player_choice":"Success","damage_taken":25,"relics_obtained":["Bag of Marbles"],"max_hp_gain":0,"max_hp_loss":0,"event_name":"Scrap Ooze","floor":2,"gold_loss":0},{"damage_healed":23,"gold_gain":0,"player_choice":"Banana","damage_taken":0,"max_hp_gain":0,"max_hp_loss":0,"event_name":"Big Fish","floor":4,"gold_loss":0},{"cards_removed":["Strike_G"],"damage_healed":0,"gold_gain":0,"player_choice":"Card Removal","damage_taken":7,"max_hp_gain":0,"max_hp_loss":0,"event_name":"Golden Wing","floor":14,"gold_loss":0},{"cards_removed":["Defend_G"],"damage_healed":0,"gold_gain":0,"player_choice":"Elegance","damage_taken":0,"max_hp_gain":0,"max_hp_loss":0,"event_name":"Back to Basics","floor":19,"gold_loss":0}],"is_beta":false,"boss_relics":[{"not_picked":["Philosopher\u0027s Stone","Cursed Key"],"picked":"Astrolabe"}],"items_purged_floors":[5],"is_endless":false,"potions_floor_spawned":[1,3,6,8,11,18,21,23,27],"killed_by":"Slavers","ascension_level":2}