{"gold_per_floor":[110,110,130,31,31,57,67,67,67,99,113,170,17,34,34,132,132,149,165,177,92,92,127,144,144,144,144],"floor_reached":27,"playtime":2202,"items_purged":[],"score":268,"play_id":"cdd6fb75-ec4b-4c95-91a8-87bffbb4cbe7","local_time":"20190620055500","is_ascension_mode":false,"campfire_choices":[{"data":"Outmaneuver","floor":8,"key":"SMITH"},{"floor":15,"key":"REST"}],"neow_cost":"NONE","seed_source_timestamp":324463399855113,"circlet_count":0,"master_deck":["Defend_G","Defend_G","Defend_G","Defend_G","Defend_G","Strike_G","Strike_G","Strike_G","Strike_G","Strike_G","Survivor","Neutralize","Blade Dance+1","Deadly Poison","Blade Dance","Deflect","Bouncing Flask+1","Poisoned Stab","Infinite Blades","Envenom","Dodge and Roll+1","After Image","Flying Knee","Blade Dance+1","Slice","Blade Dance+1"],"relics":["Ring of the Snake","Mercury Hourglass","Lantern","Toxic Egg 2","Blood Vial","Lizard Tail","Potion Belt","Orichalcum","Dodecahedron"],"potions_floor_usage":[10,12,12,23],"damage_taken":[{"damage":0,"enemies":"Small Slimes","floor":1,"turns":3},{"damage":0,"enemies":"Jaw Worm","floor":3,"turns":5},{"damage":38,"enemies":"Lagavulin","floor":6,"turns":8},{"damage":2,"enemies":"2 Louse","floor":7,"turns":2},{"damage":15,"enemies":"3 Sentries","floor":10,"turns":6},{"damage":10,"enemies":"Large Slime","floor":11,"turns":5},{"damage":10,"enemies":"Lagavulin Event","floor":12,"turns":4},{"damage":0,"enemies":"Blue Slaver","floor":14,"turns":3},{"damage":16,"enemies":"Slime Boss","floor":16,"turns":9},{"damage":5,"enemies":"Chosen","floor":18,"turns":5},{"damage":2,"enemies":"3 Byrds","floor":19,"turns":4},{"damage":21,"enemies":"3 Cultists","floor":20,"turns":6},{"damage":47,"enemies":"Slavers","floor":23,"turns":5},{"damage":41,"enemies":"Chosen and Byrds","floor":24,"turns":7},{"damage":29,"enemies":"Gremlin Leader","floor":27,"turns":2}],"seed_played":"-5981655230740370468","potions_obtained":[{"floor":3,"key":"PowerPotion"},{"floor":10,"key":"Dexterity Potion"},{"floor":11,"key":"LiquidBronze"},{"floor":23,"key":"Dexterity Potion"},{"floor":24,"key":"Poison Potion"}],"is_trial":false,"path_per_floor":["M","?","M","$","?","E","M","R","T","E","M","?","$","M","R","B",null,"M","M","M","?","?","E","M","?","T","E"],"character_chosen":"THE_SILENT","items_purchased":["Blade Dance","Fire Potion","Envenom"],"campfire_rested":1,"item_purchase_floors":[4,4,13],"current_hp_per_floor":[77,77,77,77,77,39,37,37,37,22,12,2,2,4,27,13,77,72,72,53,53,53,8,18,23,23,0],"gold":144,"neow_bonus":"TEN_PERCENT_HP_BONUS","is_prod":false,"is_daily":false,"chose_seed":false,"campfire_upgraded":1,"win_rate":0.0,"timestamp":1561028100,"path_taken":["M","?","M","$","?","E","?","R","T","E","M","?","$","M","R","BOSS","M","M","M","?","?","E","M","?","T","E"],"build_version":"2019-01-23","purchased_purges":0,"victory":false,"max_hp_per_floor":[77,77,77,77,77,77,77,77,77,77,77,77,77,77,77,77,77,77,77,77,77,77,77,77,77,77,77],"card_choices":[{"not_picked":["Deadly Poison","Predator"],"picked":"Blade Dance","floor":1},{"not_picked":["Underhanded Strike","Acrobatics"],"picked":"Deadly Poison","floor":3},{"not_picked":["Heel Hook","Noxious Fumes"],"picked":"Deflect","floor":6},{"not_picked":["Dagger Throw","Dagger Spray"],"picked":"Outmaneuver","floor":7},{"not_picked":["Footwork","Underhanded Strike"],"picked":"Bouncing Flask","floor":10},{"not_picked":["Quick Slash","Dash"],"picked":"Poisoned Stab","floor":11},{"not_picked":["Underhanded Strike","Prepared+1"],"picked":"Infinite Blades","floor":12},{"not_picked":["Glass Knife","Prepared+1"],"picked":"Dodge and Roll+1","floor":14},{"not_picked":["Doppelganger+1","A Thousand Cuts"],"picked":"After Image","floor":16},{"not_picked":["PiercingWail+1","Dagger Spray"],"picked":"Flying Knee","floor":18},{"not_picked":["Predator","Dash","Sucker Punch"],"picked":"SKIP","floor":19},{"not_picked":["All Out Attack","Predator+1"],"picked":"Blade Dance+1","floor":20},{"not_picked":["Dodge and Roll+1","Tactician+1"],"picked":"Slice","floor":23},{"not_picked":["Backflip+1","Well Laid Plans"],"picked":"Blade Dance+1","floor":24}],"player_experience":51628,"relics_obtained":[{"floor":6,"key":"Mercury Hourglass"},{"floor":9,"key":"Lantern"},{"floor":10,"key":"Toxic Egg 2"},{"floor":12,"key":"Blood Vial"},{"floor":23,"key":"Orichalcum"},{"floor":26,"key":"Dodecahedron"}],"event_choices":[{"damage_healed":0,"gold_gain":0,"player_choice":"Leave","damage_taken":0,"max_hp_gain":0,"max_hp_loss":0,"event_name":"The Cleric","floor":2,"gold_loss":0},{"damage_healed":0,"gold_gain":0,"player_choice":"Grow","damage_taken":0,"max_hp_gain":0,"max_hp_loss":0,"event_name":"Living Wall","floor":5,"gold_loss":0,"cards_upgraded":["Blade Dance"]},{"damage_healed":0,"gold_gain":30,"player_choice":"Searched \u00273\u0027 times","damage_taken":0,"max_hp_gain":0,"max_hp_loss":0,"event_name":"Dead Adventurer","floor":12,"gold_loss":0},{"damage_healed":0,"gold_gain":0,"player_choice":"Obtained Relic","damage_taken":0,"relics_obtained":["Potion Belt"],"max_hp_gain":0,"max_hp_loss":0,"event_name":"Addict","floor":21,"gold_loss":85},{"damage_healed":0,"gold_gain":0,"player_choice":"Ignored","damage_taken":0,"max_hp_gain":0,"max_hp_loss":0,"event_name":"Beggar","floor":22,"gold_loss":0},{"cards_removed":["Outmaneuver"],"damage_healed":5,"gold_gain":0,"player_choice":"Offered Common","damage_taken":0,"max_hp_gain":0,"max_hp_loss":0,"event_name":"Bonfire Elementals","floor":25,"gold_loss":0},{"cards_removed":["Outmaneuver"],"damage_healed":5,"gold_gain":0,"player_choice":"Offered Special","damage_taken":0,"max_hp_gain":0,"max_hp_loss":0,"event_name":"Bonfire Elementals","floor":25,"gold_loss":0}],"is_beta":false,"boss_relics":[{"not_picked":["Velvet Choker","Eternal Feather"],"picked":"Lizard Tail"}],"items_purged_floors":[],"is_endless":false,"potions_floor_spawned":[3,10,11,23,24],"killed_by":"Gremlin Leader","ascension_level":0}