{"gold_per_floor":[118,118,138,41,57,85,85,85,85,96,96,111,146,321,321,397,397,415,430,430,430,430,430,441,457,510,510,524,551,126,152,152,152],"floor_reached":33,"playtime":1238,"items_purged":["Pain","Doubt"],"score":544,"play_id":"fdb2a6fb-8d1e-4900-873b-2b9bd376388e","local_time":"20190721194457","is_ascension_mode":true,"campfire_choices":[{"data":"Wild Strike","floor":11,"key":"SMITH"},{"data":"Dropkick","floor":15,"key":"SMITH"},{"floor":23,"key":"REST"},{"data":"Carnage","floor":32,"key":"SMITH"}],"neow_cost":"NONE","seed_source_timestamp":246073322128400,"circlet_count":0,"master_deck":["AscendersBane","Strike_R+1","Strike_R+1","Strike_R+1","Strike_R+1","Defend_R+1","Defend_R+1","Defend_R+1","Bash","Wild Strike+1","Headbutt","Clothesline","Anger","Thunderclap","Dropkick+1","Anger","Reaper","Shrug It Off","Shrug It Off","Dual Wield+1","Havoc","Fire Breathing","Carnage+1","Blood for Blood","Blood for Blood","Cleave"],"relics":["Burning Blood","NeowsBlessing","WarpedTongs","Mercury Hourglass","Happy Flower","Dodecahedron","Oddly Smooth Stone","Snecko Eye","Enchiridion","Tiny Chest","Charon\u0027s Ashes","Gremlin Horn","PreservedInsect"],"potions_floor_usage":[13,25,33,33],"damage_taken":[{"damage":0,"enemies":"2 Louse","floor":1,"turns":1},{"damage":0,"enemies":"Cultist","floor":3,"turns":1},{"damage":0,"enemies":"Small Slimes","floor":5,"turns":1},{"damage":24,"enemies":"Gremlin Nob","floor":6,"turns":4},{"damage":16,"enemies":"Looter","floor":10,"turns":3},{"damage":0,"enemies":"3 Louse","floor":12,"turns":2},{"damage":18,"enemies":"Lagavulin","floor":13,"turns":5},{"damage":34,"enemies":"Hexaghost","floor":16,"turns":9},{"damage":26,"enemies":"Shell Parasite","floor":18,"turns":3},{"damage":0,"enemies":"Spheric Guardian","floor":19,"turns":3},{"damage":5,"enemies":"Centurion and Healer","floor":24,"turns":5},{"damage":27,"enemies":"Sentry and Sphere","floor":25,"turns":4},{"damage":0,"enemies":"Snecko","floor":28,"turns":4},{"damage":51,"enemies":"Slavers","floor":29,"turns":5},{"damage":0,"enemies":"Gremlin Leader","floor":31,"turns":2},{"damage":64,"enemies":"Collector","floor":33,"turns":5}],"seed_played":"3493776292974467640","potions_obtained":[{"floor":6,"key":"SteroidPotion"},{"floor":12,"key":"Block Potion"},{"floor":13,"key":"Fire Potion"},{"floor":25,"key":"Strength Potion"}],"is_trial":false,"path_per_floor":["M","?","M","$","M","E","T","?","T","M","R","M","E","?","R","B",null,"M","M","?","?","?","R","M","M","T","?","M","E","$","E","R","B"],"character_chosen":"IRONCLAD","items_purchased":["Clothesline","Blood for Blood","Cleave","Gremlin Horn"],"campfire_rested":1,"item_purchase_floors":[4,30,30,30],"current_hp_per_floor":[74,74,75,75,75,57,57,62,62,52,52,58,46,46,46,18,65,49,55,39,39,39,63,71,50,50,50,56,41,41,47,47,0],"gold":152,"neow_bonus":"THREE_ENEMY_KILL","is_prod":false,"is_daily":false,"chose_seed":false,"campfire_upgraded":3,"win_rate":0,"timestamp":1563752697,"path_taken":["M","?","M","$","?","E","?","?","T","M","R","M","E","?","R","BOSS","M","M","?","?","?","R","M","?","T","?","M","E","?","E","R","BOSS"],"build_version":"2019-07-17","purchased_purges":2,"victory":false,"max_hp_per_floor":[75,75,75,75,75,75,75,80,80,80,80,80,80,80,80,80,80,80,80,80,80,80,80,80,80,80,80,80,80,80,80,80,80],"card_choices":[{"not_picked":["Perfected Strike","Power Through"],"picked":"Wild Strike","floor":1},{"not_picked":["True Grit","Havoc"],"picked":"Headbutt","floor":3},{"not_picked":["Armaments","Headbutt"],"picked":"Anger","floor":5},{"not_picked":["Entrench","Feel No Pain","Blood for Blood"],"picked":"SKIP","floor":6},{"not_picked":["Flex","Warcry"],"picked":"Thunderclap","floor":10},{"not_picked":["Armaments","Body Slam"],"picked":"Dropkick","floor":12},{"not_picked":["True Grit","Corruption"],"picked":"Anger","floor":13},{"not_picked":["Double Tap","Fiend Fire"],"picked":"Reaper","floor":16},{"not_picked":["Sentinel","Wild Strike"],"picked":"Shrug It Off","floor":18},{"not_picked":["Armaments","Power Through"],"picked":"Shrug It Off","floor":19},{"not_picked":["Anger","Armaments"],"picked":"Dual Wield+1","floor":24},{"not_picked":["Clash+1","Shrug It Off","Sword Boomerang"],"picked":"SKIP","floor":25},{"not_picked":["Cleave","Pummel+1"],"picked":"Carnage","floor":28},{"not_picked":["Brutality","Entrench"],"picked":"Blood for Blood","floor":29},{"not_picked":["Clash","Pommel Strike","Flex"],"picked":"SKIP","floor":31}],"player_experience":679707,"relics_obtained":[{"floor":6,"key":"Mercury Hourglass"},{"floor":7,"key":"Happy Flower"},{"floor":9,"key":"Dodecahedron"},{"floor":13,"key":"Oddly Smooth Stone"},{"floor":20,"key":"Enchiridion"},{"floor":26,"key":"Tiny Chest"},{"floor":29,"key":"Charon\u0027s Ashes"},{"floor":31,"key":"PreservedInsect"}],"event_choices":[{"damage_healed":0,"gold_gain":0,"player_choice":"Rummage","damage_taken":0,"relics_obtained":["WarpedTongs"],"max_hp_gain":0,"max_hp_loss":0,"event_name":"Accursed Blacksmith","floor":2,"gold_loss":0,"cards_obtained":["Pain"]},{"damage_healed":0,"gold_gain":0,"player_choice":"Donut","damage_taken":0,"max_hp_gain":5,"max_hp_loss":0,"event_name":"Big Fish","floor":8,"gold_loss":0},{"damage_healed":0,"gold_gain":175,"player_choice":"AGREE","damage_taken":0,"max_hp_gain":0,"max_hp_loss":0,"event_name":"Liars Game","floor":14,"gold_loss":0,"cards_obtained":["Doubt"]},{"damage_healed":0,"gold_gain":0,"player_choice":"Obtained Book","damage_taken":16,"max_hp_gain":0,"max_hp_loss":0,"event_name":"Cursed Tome","floor":20,"gold_loss":0},{"damage_healed":0,"gold_gain":0,"player_choice":"Simplicity","damage_taken":0,"max_hp_gain":0,"max_hp_loss":0,"event_name":"Back to Basics","floor":21,"gold_loss":0,"cards_upgraded":["Strike_R","Strike_R","Strike_R","Strike_R","Strike_R","Defend_R","Defend_R","Defend_R","Defend_R"]},{"damage_healed":0,"gold_gain":0,"player_choice":"Ignored","damage_taken":0,"max_hp_gain":0,"max_hp_loss":0,"event_name":"Ghosts","floor":22,"gold_loss":0},{"damage_healed":0,"gold_gain":0,"cards_transformed":["Defend_R","Strike_R"],"player_choice":"Became Test Subject","damage_taken":0,"max_hp_gain":0,"max_hp_loss":0,"event_name":"Drug Dealer","floor":27,"gold_loss":0,"cards_obtained":["Havoc","Fire Breathing"]}],"is_beta":false,"boss_relics":[{"not_picked":["Fusion Hammer","Philosopher\u0027s Stone"],"picked":"Snecko Eye"}],"items_purged_floors":[4,30],"is_endless":false,"potions_floor_spawned":[6,12,13,24,25,28,31],"killed_by":"Collector","ascension_level":14}