{"gold_per_floor":[109,128,203,203,53,53,53,72,72,88,113,38,38,62,62,190,190,210,235,59,59,59,100,100,113,113,113,113,113,138,162,162,162],"floor_reached":33,"playtime":3475,"items_purged":["Strike_G","Strike_G"],"score":282,"play_id":"1f5d6368-1cb9-4208-8655-75ff17dd46e9","local_time":"20190704203958","is_ascension_mode":false,"campfire_choices":[{"data":"Blade Dance","floor":6,"key":"SMITH"},{"data":"Expertise","floor":13,"key":"SMITH"},{"floor":15,"key":"REST"},{"data":"Night Terror","floor":29,"key":"SMITH"},{"floor":32,"key":"REST"}],"neow_cost":"NONE","seed_source_timestamp":1060168927959638,"circlet_count":0,"master_deck":["Strike_G","Strike_G","Strike_G","Defend_G","Defend_G","Defend_G","Defend_G","Defend_G","Survivor","Neutralize","Flying Knee","Blade Dance+1","Dagger Throw","Trip","Neutralize","Endless Agony","Expertise+1","Escape Plan","Deflect","Night Terror+1","Calculated Gamble+1","Tactician","Ghostly","Ghostly","Ghostly","Ghostly","Ghostly","Outmaneuver+1","Prepared"],"relics":["Ring of the Serpent","Golden Idol","Vajra","Bag of Marbles","Bronze Scales","Darkstone Periapt"],"potions_floor_usage":[31],"damage_taken":[{"damage":0,"enemies":"Jaw Worm","floor":1,"turns":4},{"damage":0,"enemies":"2 Louse","floor":2,"turns":3},{"damage":0,"enemies":"Cultist","floor":8,"turns":2},{"damage":0,"enemies":"Lots of Slimes","floor":10,"turns":3},{"damage":0,"enemies":"3 Louse","floor":11,"turns":3},{"damage":0,"enemies":"Large Slime","floor":14,"turns":4},{"damage":26,"enemies":"Hexaghost","floor":16,"turns":9},{"damage":17,"enemies":"Spheric Guardian","floor":18,"turns":4},{"damage":0,"enemies":"Chosen","floor":19,"turns":3},{"damage":3,"enemies":"Slavers","floor":23,"turns":7},{"damage":3,"enemies":"Snake Plant","floor":25,"turns":5},{"damage":5,"enemies":"Sentry and Sphere","floor":30,"turns":8},{"damage":2,"enemies":"Cultist and Chosen","floor":31,"turns":9},{"damage":46,"enemies":"Collector","floor":33,"turns":10}],"seed_played":"-6228936193243496042","potions_obtained":[{"floor":1,"key":"FairyPotion"},{"floor":8,"key":"GamblersBrew"},{"floor":14,"key":"Weak Potion"},{"floor":19,"key":"Fire Potion"}],"is_trial":false,"path_per_floor":["M","M","?","?","$","R","?","M","T","M","M","$","R","M","R","B",null,"M","M","$","?","?","E","$","M","T","$","?","R","M","M","R","B"],"character_chosen":"THE_SILENT","items_purchased":["Vajra","Tactician"],"campfire_rested":2,"item_purchase_floors":[5,20],"current_hp_per_floor":[70,70,59,42,42,42,42,42,42,42,42,42,42,42,63,37,70,53,53,53,53,35,32,32,29,29,29,29,29,24,22,32,0],"gold":162,"neow_bonus":"THREE_CARDS","is_prod":false,"is_daily":false,"chose_seed":false,"campfire_upgraded":3,"win_rate":0.0,"timestamp":1562297998,"path_taken":["M","M","?","?","$","R","?","M","T","M","?","$","R","M","R","BOSS","M","M","?","?","?","E","$","M","T","$","?","R","M","M","R","BOSS"],"build_version":"2019-07-01","purchased_purges":2,"victory":false,"max_hp_per_floor":[70,70,70,70,70,70,70,70,70,70,70,70,70,70,70,70,70,70,70,70,70,35,35,35,35,35,35,35,35,35,35,35,35],"card_choices":[{"not_picked":["Sucker Punch","Quick Slash"],"picked":"Flying Knee","floor":0},{"not_picked":["Distraction","Flying Knee"],"picked":"Blade Dance","floor":1},{"not_picked":["Flying Knee","Quick Slash"],"picked":"Dagger Throw","floor":2},{"not_picked":["Acrobatics","PiercingWail"],"picked":"Endless Agony","floor":8},{"not_picked":["Masterful Stab","Flechettes"],"picked":"Expertise","floor":10},{"not_picked":["Crippling Poison","Blur"],"picked":"Escape Plan","floor":11},{"not_picked":["Dagger Throw","Quick Slash"],"picked":"Deflect","floor":14},{"not_picked":["Unload","Envenom"],"picked":"Night Terror","floor":16},{"not_picked":["Dagger Spray","Dagger Throw"],"picked":"Calculated Gamble+1","floor":18},{"not_picked":["Quick Slash","Expertise","Dagger Spray"],"picked":"SKIP","floor":19},{"not_picked":["Skewer","PiercingWail"],"picked":"Outmaneuver+1","floor":23},{"not_picked":["Well Laid Plans","Blade Dance","Dodge and Roll"],"picked":"SKIP","floor":25},{"not_picked":["Backflip","Venomology","Deflect"],"picked":"SKIP","floor":30},{"not_picked":["Quick Slash","Acrobatics"],"picked":"Prepared","floor":31}],"player_experience":59056,"relics_obtained":[{"floor":9,"key":"Bag of Marbles"},{"floor":23,"key":"Bronze Scales"},{"floor":26,"key":"Darkstone Periapt"}],"event_choices":[{"damage_healed":0,"gold_gain":75,"player_choice":"Gather Gold","damage_taken":11,"max_hp_gain":0,"max_hp_loss":0,"event_name":"World of Goop","floor":3,"gold_loss":0},{"damage_healed":0,"gold_gain":0,"player_choice":"Take Damage","damage_taken":17,"relics_obtained":["Golden Idol"],"max_hp_gain":0,"max_hp_loss":0,"event_name":"Golden Idol","floor":4,"gold_loss":0},{"damage_healed":0,"gold_gain":0,"player_choice":"2 cards matched","damage_taken":0,"max_hp_gain":0,"max_hp_loss":0,"event_name":"Match and Keep!","floor":7,"gold_loss":0,"cards_obtained":["Trip","Neutralize"]},{"damage_healed":0,"gold_gain":0,"player_choice":"Ignored","damage_taken":0,"max_hp_gain":0,"max_hp_loss":0,"event_name":"The Mausoleum","floor":21,"gold_loss":0},{"damage_healed":0,"gold_gain":0,"player_choice":"Became a Ghost","damage_taken":0,"max_hp_gain":0,"max_hp_loss":35,"event_name":"Ghosts","floor":22,"gold_loss":0,"cards_obtained":["Ghostly","Ghostly","Ghostly","Ghostly","Ghostly"]},{"damage_healed":0,"gold_gain":0,"player_choice":"Ignored","damage_taken":0,"max_hp_gain":0,"max_hp_loss":0,"event_name":"Vampires","floor":28,"gold_loss":0}],"is_beta":false,"boss_relics":[{"not_picked":["White Beast Statue","Velvet Choker"],"picked":"Ring of the Serpent"}],"items_purged_floors":[12,20],"is_endless":false,"potions_floor_spawned":[1,8,14,19,23,25],"killed_by":"Collector","ascension_level":0}