{"gold_per_floor":[112,112,122,122,136,136,154,154,154,154,154,167,181,20,20,121,121,133,133,147,158,32,32,52,52,52,52,52,65,65,164,164,260,260,274,274,374,374,387,387,400,414,414,414],"floor_reached":44,"playtime":2748,"items_purged":[],"score":400,"play_id":"be9e7b87-b80e-40ed-ad60-29fd71209880","local_time":"20181109172412","is_ascension_mode":false,"campfire_choices":[{"data":"Conserve Battery","floor":6,"key":"SMITH"},{"data":"Double Energy","floor":8,"key":"SMITH"},{"data":"Cold Snap","floor":10,"key":"SMITH"},{"data":"Chrysalis","floor":15,"key":"SMITH"},{"data":"Loop","floor":23,"key":"SMITH"},{"floor":27,"key":"REST"},{"data":"Heatsinks","floor":30,"key":"SMITH"},{"data":"Blizzard","floor":32,"key":"SMITH"},{"data":"Amplify","floor":40,"key":"SMITH"}],"neow_cost":"NONE","seed_source_timestamp":172780741533220,"circlet_count":0,"master_deck":["Strike_B","Defend_B","Defend_B","Defend_B","Zap","Dualcast","Double Energy+1","Cold Snap+1","Conserve Battery+1","Cold Snap","Blizzard+1","Auto Shields","White Noise","Chrysalis+1","Electrodynamics","Hello World+1","Hyperbeam+1","Tempest+1","Loop+1","Loop+1","Necronomicurse","Heatsinks+1","Amplify+1","Self Repair+1","Beam Cell+1","Coolheaded","Lockon"],"relics":["Cracked Core","Nunchaku","The Courier","Dodecahedron","Astrolabe","NlothsMask","DataDisk","Necronomicon","Orichalcum","Nuclear Battery","Gambling Chip","Shuriken"],"potions_floor_usage":[16,16,16,24,37,39],"damage_taken":[{"damage":1,"enemies":"Cultist","floor":1,"turns":3},{"damage":11,"enemies":"Small Slimes","floor":3,"turns":5},{"damage":0,"enemies":"2 Louse","floor":5,"turns":1},{"damage":7,"enemies":"Exordium Wildlife","floor":7,"turns":2},{"damage":0,"enemies":"Blue Slaver","floor":12,"turns":3},{"damage":18,"enemies":"Gremlin Gang","floor":13,"turns":7},{"damage":17,"enemies":"Hexaghost","floor":16,"turns":10},{"damage":19,"enemies":"Shell Parasite","floor":18,"turns":5},{"damage":0,"enemies":"Chosen","floor":20,"turns":4},{"damage":4,"enemies":"Snake Plant","floor":21,"turns":4},{"damage":0,"enemies":"3 Cultists","floor":24,"turns":3},{"damage":1,"enemies":"Cultist and Chosen","floor":29,"turns":4},{"damage":8,"enemies":"Champ","floor":33,"turns":9},{"damage":3,"enemies":"3 Shapes","floor":35,"turns":2},{"damage":0,"enemies":"Mind Bloom Boss Battle","floor":37,"turns":3},{"damage":8,"enemies":"Orb Walker","floor":39,"turns":3},{"damage":32,"enemies":"Transient","floor":41,"turns":5},{"damage":21,"enemies":"4 Shapes","floor":42,"turns":3},{"damage":52,"enemies":"3 Darklings","floor":44,"turns":2}],"seed_played":"5303670317155024990","potions_obtained":[{"floor":0,"key":"SpeedPotion"},{"floor":0,"key":"EssenceOfSteel"},{"floor":0,"key":"LiquidBronze"},{"floor":12,"key":"EssenceOfSteel"},{"floor":16,"key":"SteroidPotion"},{"floor":20,"key":"Explosive Potion"},{"floor":24,"key":"SpeedPotion"},{"floor":33,"key":"GamblersBrew"},{"floor":35,"key":"Fruit Juice"}],"is_trial":false,"path_per_floor":["M","?","M","?","M","R","M","R","T","R","?","M","M","$","R","B",null,"M","?","M","M","$","R","M","?","T","R","T","M","R","?","R","B",null,"M","?","?","?","M","R","M","M","T","M"],"character_chosen":"DEFECT","items_purchased":["White Noise","Chrysalis","DataDisk"],"campfire_rested":1,"item_purchase_floors":[14,14,22],"current_hp_per_floor":[74,74,63,63,63,63,56,56,56,56,49,49,31,31,31,14,75,56,56,56,52,52,52,52,36,36,58,58,57,57,57,57,49,75,72,72,77,77,79,79,57,46,46,0],"gold":414,"neow_bonus":"THREE_SMALL_POTIONS","is_prod":false,"is_daily":false,"chose_seed":false,"campfire_upgraded":8,"win_rate":0,"timestamp":1541802252,"path_taken":["M","?","M","?","?","R","M","R","T","R","?","M","M","?","R","BOSS","M","?","M","?","$","R","M","?","T","R","?","M","R","?","R","BOSS","M","?","?","?","M","R","M","?","T","M"],"build_version":"2018-11-08","purchased_purges":0,"victory":false,"max_hp_per_floor":[75,75,75,75,75,75,75,75,75,75,75,75,75,75,75,75,75,75,75,75,75,75,75,75,75,75,75,75,75,75,75,75,75,75,75,75,80,80,80,80,80,80,80,80],"card_choices":[{"not_picked":["Turbo","Steam Power"],"picked":"Double Energy","floor":1},{"not_picked":["Conserve Battery","Rebound"],"picked":"Cold Snap","floor":3},{"not_picked":["Stack","Barrage"],"picked":"Conserve Battery","floor":5},{"not_picked":["Ball Lightning","Gash"],"picked":"Cold Snap","floor":7},{"not_picked":["Sweeping Beam","Steam"],"picked":"Blizzard","floor":12},{"not_picked":["Rebound","Barrage"],"picked":"Auto Shields","floor":13},{"not_picked":["Buffer","Hyperbeam"],"picked":"Electrodynamics","floor":16},{"not_picked":["Ball Lightning+1","Gash","Streamline"],"picked":"SKIP","floor":18},{"not_picked":["Ball Lightning","Cold Snap","Reprogram"],"picked":"SKIP","floor":20},{"not_picked":["Doom and Gloom","Go for the Eyes"],"picked":"Loop","floor":21},{"not_picked":["Hologram","Fusion"],"picked":"Loop+1","floor":24},{"not_picked":["Go for the Eyes","Melter"],"picked":"Heatsinks","floor":29},{"not_picked":["Fission","Hyperbeam"],"picked":"Amplify","floor":33},{"not_picked":["Turbo","Steam+1"],"picked":"Self Repair+1","floor":35},{"not_picked":["Stack","Gash+1"],"picked":"Beam Cell+1","floor":39},{"not_picked":["Streamline","Lockon+1"],"picked":"Coolheaded","floor":41},{"not_picked":["Compile Driver+1","Stack"],"picked":"Lockon","floor":42}],"player_experience":261059,"relics_obtained":[{"floor":9,"key":"Dodecahedron"},{"floor":25,"key":"Necronomicon"},{"floor":28,"key":"Orichalcum"},{"floor":37,"key":"Gambling Chip"},{"floor":43,"key":"Shuriken"}],"event_choices":[{"damage_healed":0,"gold_gain":0,"player_choice":"Box","damage_taken":0,"relics_obtained":["Nunchaku"],"max_hp_gain":0,"max_hp_loss":0,"event_name":"Big Fish","floor":2,"gold_loss":0,"cards_obtained":["Regret"]},{"damage_healed":0,"gold_gain":0,"player_choice":"Gave Potion","damage_taken":0,"relics_obtained":["The Courier"],"max_hp_gain":0,"max_hp_loss":0,"event_name":"WeMeetAgain","floor":4,"gold_loss":0},{"cards_removed":["Regret"],"damage_healed":0,"gold_gain":0,"player_choice":"Card Removal","damage_taken":7,"max_hp_gain":0,"max_hp_loss":0,"event_name":"Golden Wing","floor":11,"gold_loss":0},{"damage_healed":0,"gold_gain":0,"player_choice":"Trade","damage_taken":0,"relics_obtained":["NlothsMask"],"max_hp_gain":0,"max_hp_loss":0,"event_name":"FaceTrader","floor":19,"gold_loss":0},{"damage_healed":0,"gold_gain":0,"player_choice":"Obtained Book","damage_taken":16,"max_hp_gain":0,"max_hp_loss":0,"event_name":"Cursed Tome","floor":25,"gold_loss":0},{"damage_healed":0,"gold_gain":99,"player_choice":"Stole From Cult","damage_taken":0,"max_hp_gain":0,"max_hp_loss":0,"event_name":"Nest","floor":31,"gold_loss":0},{"damage_healed":0,"gold_gain":0,"player_choice":"Ignored","damage_taken":0,"max_hp_gain":0,"max_hp_loss":0,"event_name":"Mysterious Sphere","floor":36,"gold_loss":0},{"damage_healed":0,"gold_gain":0,"player_choice":"Fight","damage_taken":0,"max_hp_gain":0,"max_hp_loss":0,"event_name":"MindBloom","floor":37,"gold_loss":0},{"cards_removed":["Defend_B"],"damage_healed":0,"gold_gain":0,"player_choice":"Removed Skill","damage_taken":0,"max_hp_gain":0,"max_hp_loss":0,"event_name":"Falling","floor":38,"gold_loss":0}],"is_beta":true,"boss_relics":[{"not_picked":["Pandora\u0027s Box","Runic Dome"],"picked":"Astrolabe"},{"not_picked":["Empty Cage","Black Star"],"picked":"Nuclear Battery"}],"items_purged_floors":[],"is_endless":false,"potions_floor_spawned":[12,16,20,24,33,35],"killed_by":"3 Darklings","ascension_level":0}