{"gold_per_floor":[17,32,32,42,142,167,187,187,187,134,134,153,153,186,186,281,281,293,310,326,337,63,63],"floor_reached":23,"playtime":1068,"items_purged":[],"score":203,"play_id":"eb8a32ca-4baf-464f-a359-9930a6782123","local_time":"20190705114149","is_ascension_mode":false,"campfire_choices":[{"data":"Caltrops","floor":8,"key":"SMITH"},{"data":"Neutralize","floor":11,"key":"SMITH"},{"data":"Catalyst","floor":13,"key":"SMITH"},{"floor":15,"key":"REST"}],"neow_cost":"NO_GOLD","seed_source_timestamp":1157251013036538,"circlet_count":0,"master_deck":["Strike_G","Strike_G","Strike_G","Strike_G","Strike_G","Defend_G","Defend_G","Defend_G","Defend_G","Defend_G","Survivor","Neutralize+1","Bouncing Flask+1","Slice","PiercingWail","Bane","Caltrops+1","Poisoned Stab","Catalyst+1","Adrenaline","Deadly Poison+1","After Image"],"relics":["Ring of the Snake","The Specimen","Singing Bowl","Pantograph","Ancient Tea Set","Busted Crown","TwistedFunnel"],"potions_floor_usage":[6,6,14,19,23,23],"damage_taken":[{"damage":3,"enemies":"2 Louse","floor":1,"turns":2},{"damage":2,"enemies":"Small Slimes","floor":2,"turns":4},{"damage":0,"enemies":"Cultist","floor":4,"turns":3},{"damage":26,"enemies":"Gremlin Nob","floor":6,"turns":4},{"damage":3,"enemies":"Exordium Thugs","floor":7,"turns":5},{"damage":2,"enemies":"Gremlin Gang","floor":12,"turns":3},{"damage":17,"enemies":"Lagavulin","floor":14,"turns":4},{"damage":27,"enemies":"Hexaghost","floor":16,"turns":8},{"damage":13,"enemies":"Spheric Guardian","floor":18,"turns":4},{"damage":8,"enemies":"Shell Parasite","floor":19,"turns":3},{"damage":24,"enemies":"Snake Plant","floor":20,"turns":3},{"damage":12,"enemies":"Centurion and Healer","floor":21,"turns":4},{"damage":22,"enemies":"Book of Stabbing","floor":23,"turns":3}],"seed_played":"-4247662265050689659","potions_obtained":[{"floor":1,"key":"Weak Potion"},{"floor":2,"key":"PowerPotion"},{"floor":4,"key":"Weak Potion"},{"floor":16,"key":"Strength Potion"},{"floor":18,"key":"Fire Potion"},{"floor":19,"key":"Poison Potion"}],"is_trial":false,"path_per_floor":["M","M","?","M","?","E","M","R","T","$","R","M","R","E","R","B",null,"M","M","M","M","$","E"],"character_chosen":"THE_SILENT","items_purchased":["Poisoned Stab","TwistedFunnel","After Image"],"campfire_rested":1,"item_purchase_floors":[10,22,22],"current_hp_per_floor":[67,65,65,65,65,39,36,36,36,36,36,34,34,19,40,38,72,59,53,31,21,21,0],"gold":63,"neow_bonus":"ONE_RARE_RELIC","is_prod":false,"is_daily":false,"chose_seed":false,"campfire_upgraded":3,"win_rate":0,"timestamp":1562344909,"path_taken":["M","M","?","M","?","E","?","R","T","?","R","M","R","E","R","BOSS","M","?","M","M","$","E"],"build_version":"2019-07-01","purchased_purges":0,"victory":false,"max_hp_per_floor":[70,70,70,70,70,70,70,70,70,70,70,70,70,72,72,72,72,72,74,76,78,78,78],"card_choices":[{"not_picked":["Heel Hook","Prepared"],"picked":"Bouncing Flask","floor":1},{"not_picked":["Cloak And Dagger","Predator"],"picked":"Slice","floor":2},{"not_picked":["Heel Hook","Dash"],"picked":"PiercingWail","floor":4},{"not_picked":["Dagger Spray","Storm of Steel"],"picked":"Bane","floor":6},{"not_picked":["Eviscerate","Cloak And Dagger"],"picked":"Caltrops","floor":7},{"not_picked":["Backflip","Quick Slash"],"picked":"Catalyst","floor":12},{"not_picked":["Dagger Spray","Dagger Throw","Endless Agony"],"picked":"Singing Bowl","floor":14},{"not_picked":["Unload","Storm of Steel"],"picked":"Adrenaline","floor":16},{"not_picked":[],"picked":"Deadly Poison+1","floor":18},{"not_picked":["Blade Dance"],"picked":"Singing Bowl","floor":19},{"not_picked":["Leg Sweep"],"picked":"Singing Bowl","floor":20},{"not_picked":["Dodge and Roll"],"picked":"Singing Bowl","floor":21}],"player_experience":119062,"relics_obtained":[{"floor":6,"key":"Singing Bowl"},{"floor":9,"key":"Pantograph"},{"floor":14,"key":"Ancient Tea Set"}],"event_choices":[{"damage_healed":0,"gold_gain":0,"player_choice":"Grow","damage_taken":0,"max_hp_gain":0,"max_hp_loss":0,"event_name":"Living Wall","floor":3,"gold_loss":0,"cards_upgraded":["Bouncing Flask"]},{"damage_healed":0,"gold_gain":100,"player_choice":"Pray","damage_taken":0,"max_hp_gain":0,"max_hp_loss":0,"event_name":"Golden Shrine","floor":5,"gold_loss":0}],"is_beta":false,"boss_relics":[{"not_picked":["Ectoplasm","Philosopher\u0027s Stone"],"picked":"Busted Crown"}],"items_purged_floors":[],"is_endless":false,"potions_floor_spawned":[1,2,4,16,18,19],"killed_by":"Book of Stabbing","ascension_level":0}