{"gold_per_floor":[118,136,148,165,181,181,216,216,216,216],"floor_reached":10,"playtime":604,"items_purged":[],"score":74,"play_id":"f663db60-4a3d-472c-a685-396cc3457795","local_time":"20190704005054","is_ascension_mode":true,"campfire_choices":[{"data":"Riddle With Holes","floor":6,"key":"SMITH"},{"data":"After Image","floor":8,"key":"SMITH"}],"neow_cost":"NONE","seed_source_timestamp":949211629284500,"circlet_count":0,"master_deck":["Strike_G","Strike_G","Strike_G","Strike_G","Strike_G","Defend_G","Defend_G","Defend_G","Defend_G","Defend_G","Survivor","Neutralize","Backflip","Riddle With Holes+1","Backstab","After Image+1"],"relics":["Eternal Feather","Ginger","Letter Opener"],"potions_floor_usage":[5,7,7],"damage_taken":[{"damage":0,"enemies":"Small Slimes","floor":1,"turns":5},{"damage":1,"enemies":"2 Louse","floor":2,"turns":4},{"damage":4,"enemies":"Jaw Worm","floor":3,"turns":4},{"damage":6,"enemies":"3 Louse","floor":4,"turns":4},{"damage":0,"enemies":"Looter","floor":5,"turns":3},{"damage":15,"enemies":"Gremlin Nob","floor":7,"turns":6},{"damage":16,"enemies":"Lagavulin Event","floor":10,"turns":5}],"seed_played":"6983216801552966008","potions_obtained":[{"floor":1,"key":"Energy Potion"},{"floor":4,"key":"SpeedPotion"},{"floor":5,"key":"Block Potion"}],"is_trial":false,"path_per_floor":["M","M","M","M","M","R","E","R","T","?"],"character_chosen":"THE_SILENT","items_purchased":[],"campfire_rested":0,"item_purchase_floors":[],"current_hp_per_floor":[70,69,65,59,59,68,53,62,62,46],"gold":216,"neow_bonus":"BOSS_RELIC","is_prod":false,"is_daily":false,"chose_seed":false,"campfire_upgraded":2,"win_rate":0,"timestamp":1562215854,"path_taken":["M","M","M","M","M","R","E","R","T","?"],"build_version":"2019-07-01","purchased_purges":0,"victory":false,"max_hp_per_floor":[70,70,70,70,70,70,70,70,70,70],"card_choices":[{"not_picked":["Underhanded Strike","Slice"],"picked":"Backflip","floor":1},{"not_picked":["Deadly Poison","Accuracy"],"picked":"Riddle With Holes","floor":2},{"not_picked":["Dagger Spray","Riddle With Holes","Underhanded Strike"],"picked":"SKIP","floor":3},{"not_picked":["Blade Dance","Crippling Poison"],"picked":"Backstab","floor":4},{"not_picked":["Outmaneuver","Cloak And Dagger","Deadly Poison"],"picked":"SKIP","floor":5},{"not_picked":["Prepared","Blade Dance"],"picked":"After Image","floor":7}],"player_experience":577242,"relics_obtained":[{"floor":7,"key":"Ginger"},{"floor":9,"key":"Letter Opener"}],"event_choices":[{"damage_healed":0,"gold_gain":0,"player_choice":"Searched \u00271\u0027 times","damage_taken":0,"max_hp_gain":0,"max_hp_loss":0,"event_name":"Dead Adventurer","floor":10,"gold_loss":0}],"is_beta":false,"boss_relics":[],"items_purged_floors":[],"is_endless":false,"potions_floor_spawned":[1,4,5],"killed_by":"Lagavulin Event","ascension_level":1}