{"gold_per_floor":[109,122,122,13,13,51,51,89,115,138,138,177,193,193,193,323,386,407,163,438,451,16,50,50,89,116,150,150,75,75,75,75,204,204,219,234,234,567,581,581,581,581,605,68,68],"floor_reached":45,"playtime":2398,"items_purged":["Strike_G","Injury"],"score":709,"play_id":"cfb4a4fe-ad12-42d3-b370-bf187ddce7ef","local_time":"20190724234508","is_ascension_mode":true,"campfire_choices":[{"floor":7,"key":"REST"},{"floor":11,"key":"REST"},{"floor":15,"key":"REST"},{"data":"Mayhem","floor":24,"key":"SMITH"},{"floor":28,"key":"REST"},{"floor":30,"key":"REST"},{"data":"Well Laid Plans","floor":32,"key":"SMITH"},{"data":"Catalyst","floor":40,"key":"SMITH"},{"data":"Catalyst","floor":42,"key":"SMITH"}],"neow_cost":"PERCENT_DAMAGE","seed_source_timestamp":248483439107500,"circlet_count":0,"master_deck":["Strike_G+1","Strike_G","Defend_G","Defend_G","Defend_G+1","Defend_G+1","Defend_G","Survivor","Neutralize+1","PiercingWail","Noxious Fumes","Noxious Fumes","Catalyst+1","Backstab","Bouncing Flask","Blur","Wraith Form v2+1","Sucker Punch","Adrenaline","Cloak And Dagger","Masterful Stab","Deadly Poison","PiercingWail+1","Footwork","Regret","Noxious Fumes","Mayhem+1","Outmaneuver+1","Well Laid Plans+1","Catalyst+1","Masterful Stab","RitualDagger","Malaise","Riddle With Holes+1","Secret Weapon","Backflip+1","Malaise","Footwork"],"relics":["Ring of the Snake","The Specimen","Whetstone","Potion Belt","Blood Vial","Art of War","Tiny House","War Paint","Ancient Tea Set","Bag of Marbles","Dream Catcher","Red Mask","Busted Crown","Happy Flower","OrangePellets"],"potions_floor_usage":[6,12,23,25,27,27,39,45],"damage_taken":[{"damage":2,"enemies":"Small Slimes","floor":1,"turns":3},{"damage":0,"enemies":"Jaw Worm","floor":2,"turns":5},{"damage":27,"enemies":"Gremlin Nob","floor":6,"turns":6},{"damage":19,"enemies":"Lagavulin","floor":8,"turns":8},{"damage":0,"enemies":"Cultist","floor":10,"turns":3},{"damage":19,"enemies":"3 Sentries","floor":12,"turns":7},{"damage":14,"enemies":"3 Louse","floor":13,"turns":3},{"damage":7,"enemies":"Hexaghost","floor":16,"turns":8},{"damage":13,"enemies":"2 Thieves","floor":18,"turns":5},{"damage":15,"enemies":"Spheric Guardian","floor":21,"turns":5},{"damage":20,"enemies":"Book of Stabbing","floor":23,"turns":5},{"damage":14,"enemies":"Slavers","floor":25,"turns":7},{"damage":5,"enemies":"Masked Bandits","floor":27,"turns":6},{"damage":43,"enemies":"Collector","floor":33,"turns":8},{"damage":4,"enemies":"Orb Walker","floor":35,"turns":4},{"damage":2,"enemies":"3 Shapes","floor":36,"turns":5},{"damage":23,"enemies":"Maw","floor":39,"turns":6},{"damage":43,"enemies":"Reptomancer","floor":45,"turns":2}],"seed_played":"6270415101010360851","potions_obtained":[{"floor":2,"key":"EssenceOfSteel"},{"floor":6,"key":"Strength Potion"},{"floor":10,"key":"Block Potion"},{"floor":16,"key":"EssenceOfSteel"},{"floor":17,"key":"Strength Potion"},{"floor":18,"key":"GamblersBrew"},{"floor":33,"key":"FearPotion"},{"floor":35,"key":"GamblersBrew"},{"floor":39,"key":"FearPotion"}],"is_trial":false,"path_per_floor":["M","M","?","$","?","E","R","E","T","M","R","E","M","?","R","B",null,"M","$","?","M","$","E","R","E","T","?","R","?","R","?","R","B",null,"M","M","?","?","M","R","?","R","T","$","E"],"character_chosen":"THE_SILENT","items_purchased":["Noxious Fumes","Catalyst","Deadly Poison","PiercingWail","Footwork","Mayhem","War Paint","EntropicBrew","OrangePellets","Malaise","Footwork","EssenceOfSteel"],"campfire_rested":5,"item_purchase_floors":[4,4,19,19,19,22,22,44,44,44,44,44],"current_hp_per_floor":[43,43,43,43,36,9,30,11,11,13,34,17,5,5,26,21,63,52,52,52,39,39,21,21,9,9,6,28,28,50,44,44,3,57,55,55,55,55,34,34,34,34,34,34,0],"gold":68,"neow_bonus":"ONE_RARE_RELIC","is_prod":false,"is_daily":false,"chose_seed":false,"campfire_upgraded":4,"win_rate":0,"timestamp":1564026308,"path_taken":["M","M","?","$","?","E","R","E","T","?","R","E","M","?","R","BOSS","M","$","?","?","$","E","R","E","T","?","R","?","R","?","R","BOSS","M","M","?","?","M","R","?","R","T","$","E"],"build_version":"2019-07-17","purchased_purges":2,"victory":false,"max_hp_per_floor":[70,70,70,70,70,70,70,70,70,70,70,70,70,70,70,70,75,75,75,75,75,75,75,75,75,75,75,75,75,75,75,75,75,75,75,75,75,75,75,75,75,75,75,75,75],"card_choices":[{"not_picked":["Outmaneuver","Footwork"],"picked":"PiercingWail","floor":1},{"not_picked":["Bane","Prepared"],"picked":"Noxious Fumes","floor":2},{"not_picked":["Unload","Quick Slash"],"picked":"Backstab","floor":6},{"not_picked":["Blade Dance","Accuracy"],"picked":"Bouncing Flask","floor":8},{"not_picked":["Prepared","Deflect"],"picked":"Blur","floor":10},{"not_picked":["Backflip","Blade Dance"],"picked":"Wraith Form v2","floor":12},{"not_picked":["Deadly Poison","Acrobatics"],"picked":"Sucker Punch","floor":13},{"not_picked":["Wraith Form v2","Night Terror"],"picked":"Adrenaline","floor":16},{"not_picked":["Slice","Dagger Throw"],"picked":"Cloak And Dagger","floor":17},{"not_picked":["Distraction","Calculated Gamble"],"picked":"Masterful Stab","floor":18},{"not_picked":["Acrobatics","Backflip"],"picked":"Noxious Fumes","floor":21},{"not_picked":["Infinite Blades","Venomology"],"picked":"Outmaneuver+1","floor":23},{"not_picked":["Expertise","Tactician"],"picked":"Well Laid Plans","floor":25},{"not_picked":["Backstab","Predator"],"picked":"Catalyst","floor":27},{"not_picked":["Underhanded Strike","Choke"],"picked":"Masterful Stab","floor":30},{"not_picked":["Wraith Form v2","A Thousand Cuts"],"picked":"Malaise","floor":33},{"not_picked":["Outmaneuver"],"picked":"SKIP","floor":35},{"not_picked":[],"picked":"Riddle With Holes+1","floor":36},{"not_picked":[],"picked":"Secret Weapon","floor":37},{"not_picked":[],"picked":"Backflip+1","floor":39}],"player_experience":688470,"relics_obtained":[{"floor":6,"key":"Whetstone"},{"floor":8,"key":"Potion Belt"},{"floor":9,"key":"Blood Vial"},{"floor":12,"key":"Art of War"},{"floor":23,"key":"Ancient Tea Set"},{"floor":25,"key":"Bag of Marbles"},{"floor":26,"key":"Dream Catcher"},{"floor":27,"key":"Red Mask"},{"floor":43,"key":"Happy Flower"}],"event_choices":[{"damage_healed":0,"gold_gain":0,"player_choice":"Take Wound","damage_taken":0,"relics_obtained":["Golden Idol"],"max_hp_gain":0,"max_hp_loss":0,"event_name":"Golden Idol","floor":3,"gold_loss":0,"cards_obtained":["Injury"]},{"cards_removed":["Strike_G"],"damage_healed":0,"gold_gain":0,"player_choice":"Card Removal","damage_taken":7,"max_hp_gain":0,"max_hp_loss":0,"event_name":"Golden Wing","floor":5,"gold_loss":0},{"damage_healed":0,"gold_gain":0,"player_choice":"Grow","damage_taken":0,"max_hp_gain":0,"max_hp_loss":0,"event_name":"Living Wall","floor":14,"gold_loss":0,"cards_upgraded":["Wraith Form v2"]},{"damage_healed":0,"gold_gain":275,"player_choice":"Desecrate","damage_taken":0,"max_hp_gain":0,"max_hp_loss":0,"event_name":"Golden Shrine","floor":20,"gold_loss":0,"cards_obtained":["Regret"]},{"damage_healed":0,"gold_gain":0,"player_choice":"Fought Bandits","damage_taken":0,"max_hp_gain":0,"max_hp_loss":0,"event_name":"Masked Bandits","floor":27,"gold_loss":0},{"cards_removed":["Strike_G"],"damage_healed":0,"gold_gain":0,"player_choice":"Gave Gold","damage_taken":0,"max_hp_gain":0,"max_hp_loss":0,"event_name":"Beggar","floor":29,"gold_loss":75},{"damage_healed":0,"gold_gain":0,"player_choice":"Joined the Cult","damage_taken":6,"max_hp_gain":0,"max_hp_loss":0,"event_name":"Nest","floor":31,"gold_loss":0,"cards_obtained":["RitualDagger"]},{"damage_healed":0,"gold_gain":0,"player_choice":"Memory 1","damage_taken":0,"max_hp_gain":0,"max_hp_loss":0,"event_name":"SensoryStone","floor":37,"gold_loss":0},{"damage_healed":0,"gold_gain":333,"player_choice":"Gave Idol","damage_taken":0,"max_hp_gain":0,"max_hp_loss":0,"event_name":"The Moai Head","floor":38,"relics_lost":["Golden Idol"],"gold_loss":0},{"damage_healed":0,"gold_gain":0,"player_choice":"Ignored","damage_taken":0,"max_hp_gain":0,"max_hp_loss":0,"event_name":"Mysterious Sphere","floor":41,"gold_loss":0}],"is_beta":false,"boss_relics":[{"not_picked":["Fusion Hammer","Coffee Dripper"],"picked":"Tiny House"},{"not_picked":["Eternal Feather","Runic Dome"],"picked":"Busted Crown"}],"items_purged_floors":[19,22],"is_endless":false,"potions_floor_spawned":[2,6,10,16,18,33,35,39],"killed_by":"Reptomancer","ascension_level":7}