{"gold_per_floor":[20,36,36,36,56,56,73,73,143,143,57,57,57,81,81,180,180,198,198,221,221,244,244,244],"floor_reached":24,"playtime":740,"items_purged":[],"score":372,"play_id":"65a89290-1abb-4d96-9c03-61b8e139493e","local_time":"20190706163848","is_ascension_mode":true,"campfire_choices":[{"data":"Defragment","floor":6.0,"key":"SMITH"},{"data":"Zap","floor":8.0,"key":"SMITH"},{"data":"Leap","floor":10.0,"key":"SMITH"},{"floor":15.0,"key":"REST"},{"floor":23.0,"key":"REST"}],"neow_cost":"NO_GOLD","seed_source_timestamp":0,"circlet_count":0,"master_deck":["AscendersBane","Strike_B","Defend_B","Defend_B","Defend_B","Defend_B","Zap+1","Dualcast","Gash","Leap+1","Melter","Amplify","Defragment+1","FTL","Static Discharge","Capacitor","Recycle","Fission","Recycle+1","Steam Power+1","Heatsinks+1","Undo","Writhe","Coolheaded","Loop"],"special_seed":0,"relics":["Cracked Core","Gambling Chip","Pen Nib","Blue Candle","Golden Idol","Dream Catcher","Astrolabe","Blood Vial"],"potions_floor_usage":[24],"damage_taken":[{"damage":6.0,"enemies":"Cultist","floor":1.0,"turns":4.0},{"damage":2.0,"enemies":"Jaw Worm","floor":2.0,"turns":3.0},{"damage":1.0,"enemies":"2 Louse","floor":5.0,"turns":3.0},{"damage":4.0,"enemies":"Blue Slaver","floor":7.0,"turns":3.0},{"damage":9.0,"enemies":"Exordium Thugs","floor":14.0,"turns":3.0},{"damage":15.0,"enemies":"Hexaghost","floor":16.0,"turns":6.0},{"damage":15.0,"enemies":"Chosen","floor":18.0,"turns":5.0},{"damage":21.0,"enemies":"3 Byrds","floor":20.0,"turns":3.0},{"damage":30.0,"enemies":"Snake Plant","floor":22.0,"turns":5.0},{"damage":38,"enemies":"Snecko","floor":24,"turns":6}],"seed_played":"5402762300991250458","potions_obtained":[{"floor":2.0,"key":"Block Potion"},{"floor":7.0,"key":"Energy Potion"},{"floor":16.0,"key":"Strength Potion"},{"floor":22.0,"key":"Dexterity Potion"}],"is_trial":false,"path_per_floor":["M","M","?","?","M","R","M","R","T","R","$","?","T","M","R","B",null,"M","?","M","?","M","R","M"],"character_chosen":"DEFECT","items_purchased":["Static Discharge"],"campfire_rested":2,"item_purchase_floors":[11],"current_hp_per_floor":[58,56,45,45,44,44,40,40,40,40,40,16,16,7,28,13,57,42,42,23,37,9,30,0],"gold":244,"neow_bonus":"ONE_RARE_RELIC","is_prod":false,"is_daily":false,"chose_seed":false,"campfire_upgraded":3,"win_rate":0,"timestamp":1562445528,"path_taken":["M","?","?","?","?","R","M","R","T","R","$","?","?","M","R","BOSS","M","?","M","?","M","R","M"],"build_version":"2019-07-03","purchased_purges":0,"victory":false,"max_hp_per_floor":[71,71,71,71,71,71,71,71,71,71,71,71,71,71,71,71,71,71,71,71,71,71,71,71],"card_choices":[{"not_picked":["Rebound","Fusion"],"picked":"Gash","floor":1.0},{"not_picked":["Aggregate","Barrage"],"picked":"Leap","floor":2.0},{"not_picked":["Redo","Steam"],"picked":"Defragment","floor":5.0},{"not_picked":["Ball Lightning","Redo"],"picked":"FTL","floor":7.0},{"not_picked":["Reprogram","Steam Power"],"picked":"Capacitor","floor":14.0},{"not_picked":["Compile Driver","Sweeping Beam"],"picked":"Recycle","floor":15.0},{"not_picked":["Multi-Cast","Amplify"],"picked":"Fission","floor":16.0},{"not_picked":["Gash+1","Aggregate"],"picked":"Undo","floor":18.0},{"not_picked":["Redo","Auto Shields+1"],"picked":"Coolheaded","floor":20.0},{"not_picked":["Hologram","Fusion","Barrage"],"picked":"SKIP","floor":22.0},{"not_picked":["Coolheaded","Aggregate"],"picked":"Loop","floor":23.0}],"player_experience":1077480,"relics_obtained":[{"floor":9.0,"key":"Blue Candle"},{"floor":13.0,"key":"Dream Catcher"}],"event_choices":[{"damage_healed":0.0,"max_hp_gain":0.0,"max_hp_loss":0.0,"gold_gain":0.0,"event_name":"Scrap Ooze","player_choice":"Success","floor":3.0,"gold_loss":0.0,"damage_taken":11.0,"relics_obtained":["Pen Nib"]},{"damage_healed":0.0,"max_hp_gain":0.0,"max_hp_loss":0.0,"gold_gain":0.0,"event_name":"Match and Keep!","player_choice":"2 cards matched","floor":4.0,"gold_loss":0.0,"damage_taken":0.0,"cards_obtained":["Melter","Amplify"]},{"damage_healed":0.0,"max_hp_gain":0.0,"max_hp_loss":0.0,"gold_gain":0.0,"event_name":"Golden Idol","player_choice":"Take Damage","floor":12.0,"gold_loss":0.0,"damage_taken":24.0,"relics_obtained":["Golden Idol"]},{"damage_healed":0.0,"max_hp_gain":0.0,"max_hp_loss":0.0,"gold_gain":0.0,"event_name":"The Mausoleum","player_choice":"Opened","floor":19.0,"gold_loss":0.0,"damage_taken":0.0,"relics_obtained":["Blood Vial"],"cards_obtained":["Writhe"]},{"damage_healed":14.0,"max_hp_gain":0.0,"max_hp_loss":0.0,"gold_gain":0.0,"event_name":"The Library","player_choice":"Heal","floor":21.0,"gold_loss":0.0,"damage_taken":0.0}],"is_beta":true,"boss_relics":[{"not_picked":["Runic Dome","Sozu"],"picked":"Astrolabe"}],"items_purged_floors":[],"is_endless":false,"potions_floor_spawned":[2,7,16,22],"killed_by":"Snecko","ascension_level":20}