{"gold_per_floor":[215,67,81,91,91,91,109,109,134,149,183,183,196,196,196,296,296,261,261],"floor_reached":19,"playtime":1097,"items_purged":[],"score":169,"play_id":"8ec9022f-81f5-4bf2-aa05-5ac52889a62b","local_time":"20181109000307","is_ascension_mode":false,"campfire_choices":[{"data":"Creative AI","floor":6,"key":"SMITH"},{"data":"Zap","floor":8,"key":"SMITH"},{"data":"Amplify","floor":12,"key":"SMITH"},{"floor":15,"key":"REST"}],"neow_cost":"NONE","seed_source_timestamp":111967174338832,"circlet_count":0,"master_deck":["Strike_B","Strike_B","Strike_B","Strike_B","Defend_B","Defend_B","Defend_B","Defend_B","Zap+1","Dualcast","Coolheaded","Capacitor+1","Creative AI+1","Heatsinks","Amplify+1","Conserve Battery+1"],"relics":["Cracked Core","Bronze Scales","Regal Pillow","Anchor","Smiling Mask","Nuclear Battery"],"potions_floor_usage":[19],"damage_taken":[{"damage":0,"enemies":"Cultist","floor":1,"turns":3},{"damage":0,"enemies":"Small Slimes","floor":3,"turns":4},{"damage":0,"enemies":"2 Louse","floor":4,"turns":3},{"damage":6,"enemies":"Large Slime","floor":7,"turns":7},{"damage":3,"enemies":"Blue Slaver","floor":10,"turns":4},{"damage":31,"enemies":"3 Sentries","floor":11,"turns":6},{"damage":1,"enemies":"Red Slaver","floor":13,"turns":4},{"damage":25,"enemies":"Slime Boss","floor":16,"turns":7},{"damage":38,"enemies":"2 Thieves","floor":18,"turns":5},{"damage":57,"enemies":"Masked Bandits","floor":19,"turns":3}],"seed_played":"-5202427099545711699","potions_obtained":[{"floor":3,"key":"SneckoOil"},{"floor":16,"key":"Regen Potion"}],"is_trial":false,"path_per_floor":["M","$","M","M","?","R","M","R","T","M","E","R","M","?","R","B",null,"M","?"],"character_chosen":"DEFECT","items_purchased":["Bronze Scales"],"campfire_rested":1,"item_purchase_floors":[2],"current_hp_per_floor":[75,75,75,75,72,72,66,66,66,63,32,32,31,16,53,28,75,37,0],"gold":261,"neow_bonus":"HUNDRED_GOLD","is_prod":false,"is_daily":false,"chose_seed":false,"campfire_upgraded":3,"win_rate":0,"timestamp":1541739787,"path_taken":["M","$","?","M","?","R","M","R","T","M","E","R","M","?","R","BOSS","M","?"],"build_version":"2018-11-07","purchased_purges":0,"victory":false,"max_hp_per_floor":[75,75,75,75,75,75,75,75,75,75,75,75,75,75,75,75,75,75,75],"card_choices":[{"not_picked":["Cold Snap","Hologram"],"picked":"Coolheaded","floor":1},{"not_picked":["Stack","Beam Cell"],"picked":"Capacitor","floor":3},{"not_picked":["Sweeping Beam","Redo"],"picked":"Creative AI","floor":4},{"not_picked":["Force Field","Barrage","Reprogram"],"picked":"SKIP","floor":7},{"not_picked":["Ball Lightning","Loop"],"picked":"Heatsinks","floor":10},{"not_picked":["Beam Cell","FTL"],"picked":"Amplify","floor":11},{"not_picked":["Skim","Doom and Gloom"],"picked":"Conserve Battery","floor":13},{"not_picked":["Ball Lightning","Capacitor","Stack+1"],"picked":"SKIP","floor":18}],"player_experience":232160,"relics_obtained":[{"floor":9,"key":"Anchor"},{"floor":11,"key":"Smiling Mask"}],"event_choices":[{"damage_healed":0,"gold_gain":0,"player_choice":"Success","damage_taken":3,"relics_obtained":["Regal Pillow"],"max_hp_gain":0,"max_hp_loss":0,"event_name":"Scrap Ooze","floor":5,"gold_loss":0},{"damage_healed":0,"gold_gain":0,"player_choice":"Entered Light","damage_taken":15,"max_hp_gain":0,"max_hp_loss":0,"event_name":"Shining Light","floor":14,"gold_loss":0,"cards_upgraded":["Capacitor","Conserve Battery"]},{"damage_healed":0,"gold_gain":0,"player_choice":"Fought Bandits","damage_taken":0,"max_hp_gain":0,"max_hp_loss":0,"event_name":"Masked Bandits","floor":19,"gold_loss":0}],"is_beta":true,"boss_relics":[{"not_picked":["Pandora\u0027s Box","Coffee Dripper"],"picked":"Nuclear Battery"}],"items_purged_floors":[],"is_endless":false,"potions_floor_spawned":[3,16],"killed_by":"Masked Bandits","ascension_level":0}