{"gold_per_floor":[116,126,139,150,150,150,168,182,208,238,238,252,271,287,287,392,392,412,412,432,432,452,452,462,462,462,479,479,499,151,163,163,260,260,272,282,298,298,310,310,83,83,83,10,10,30,30,50,50,50],"floor_reached":50,"playtime":8863,"items_purged":[],"score":479,"play_id":"2a1b5d85-9aa5-47d2-afc0-76971c2dcb66","local_time":"20190627215002","is_ascension_mode":false,"campfire_choices":[{"floor":11.0,"key":"REST"},{"floor":15.0,"key":"REST"},{"data":"White Noise","floor":23.0,"key":"SMITH"},{"data":"Hyperbeam","floor":25.0,"key":"SMITH"},{"floor":32.0,"key":"REST"},{"data":"Streamline","floor":40.0,"key":"SMITH"},{"data":"Defragment","floor":45.0,"key":"SMITH"},{"floor":49.0,"key":"REST"}],"neow_cost":"NONE","seed_source_timestamp":0,"circlet_count":0,"master_deck":["Strike_B+1","Strike_B+1","Strike_B+1","Defend_B+1","Defend_B+1","Defend_B+1","Defend_B+1","Zap","Dualcast","All For One","Sweeping Beam","Conserve Battery","Hologram","Sunder","Rebound","Rip and Tear","White Noise+1","Beam Cell","Redo","Hyperbeam+1","Conserve Battery","Cold Snap","Decay","Go for the Eyes+1","Skim","Rebound+1","Beam Cell","Biased Cognition","Ball Lightning","Cold Snap+1","Stack","Echo Form","Recycle+1","Chaos","Streamline+1","Coolheaded+1","Purity","The Bomb","Defragment+1","Stack+1","Cold Snap","Coolheaded"],"special_seed":0,"relics":["Cracked Core","Art of War","Mercury Hourglass","Nuclear Battery","Dream Catcher","MutagenicStrength","Bag of Marbles","White Beast Statue","Ancient Tea Set","Cables"],"potions_floor_usage":[],"damage_taken":[{"damage":19.0,"enemies":"Small Slimes","floor":1.0,"turns":4.0},{"damage":1.0,"enemies":"Cultist","floor":2.0,"turns":3.0},{"damage":0.0,"enemies":"Jaw Worm","floor":3.0,"turns":3.0},{"damage":8.0,"enemies":"Exordium Wildlife","floor":4.0,"turns":5.0},{"damage":4.0,"enemies":"Large Slime","floor":7.0,"turns":6.0},{"damage":5.0,"enemies":"Looter","floor":8.0,"turns":2.0},{"damage":14.0,"enemies":"Lagavulin","floor":10.0,"turns":5.0},{"damage":0.0,"enemies":"3 Louse","floor":12.0,"turns":2.0},{"damage":0.0,"enemies":"Large Slime","floor":13.0,"turns":3.0},{"damage":0.0,"enemies":"Blue Slaver","floor":14.0,"turns":2.0},{"damage":44.0,"enemies":"The Guardian","floor":16.0,"turns":10.0},{"damage":22.0,"enemies":"Shell Parasite","floor":18.0,"turns":5.0},{"damage":0.0,"enemies":"3 Byrds","floor":20.0,"turns":4.0},{"damage":9.0,"enemies":"Snecko","floor":22.0,"turns":4.0},{"damage":15.0,"enemies":"Centurion and Healer","floor":24.0,"turns":6.0},{"damage":5.0,"enemies":"Chosen and Byrds","floor":27.0,"turns":5.0},{"damage":0.0,"enemies":"Snecko","floor":29.0,"turns":3.0},{"damage":4.0,"enemies":"Shelled Parasite and Fungi","floor":31.0,"turns":3.0},{"damage":39.0,"enemies":"Automaton","floor":33.0,"turns":10.0},{"damage":10.0,"enemies":"Orb Walker","floor":35.0,"turns":2.0},{"damage":15.0,"enemies":"3 Darklings","floor":36.0,"turns":2.0},{"damage":9.0,"enemies":"Transient","floor":37.0,"turns":5.0},{"damage":0.0,"enemies":"4 Shapes","floor":39.0,"turns":1.0},{"damage":6.0,"enemies":"Maw","floor":46.0,"turns":7.0},{"damage":0.0,"enemies":"Transient","floor":48.0,"turns":5.0},{"damage":0,"enemies":"Awakened One","floor":50,"turns":1}],"seed_played":"7696702913065708320","potions_obtained":[{"floor":2.0,"key":"Fire Potion"},{"floor":7.0,"key":"Dexterity Potion"},{"floor":8.0,"key":"SteroidPotion"},{"floor":12.0,"key":"AttackPotion"},{"floor":14.0,"key":"Regen Potion"},{"floor":27.0,"key":"Fire Potion"},{"floor":29.0,"key":"Weak Potion"},{"floor":31.0,"key":"Energy Potion"},{"floor":33.0,"key":"Block Potion"},{"floor":35.0,"key":"Explosive Potion"},{"floor":36.0,"key":"Weak Potion"},{"floor":37.0,"key":"Poison Potion"},{"floor":46.0,"key":"PowerPotion"},{"floor":48.0,"key":"Regen Potion"}],"is_trial":false,"path_per_floor":["M","M","M","M","?","?","M","M","T","E","R","M","M","M","R","B",null,"M","?","M","?","M","R","M","R","T","M","?","M","$","M","R","B",null,"M","M","M","?","M","R","$","?","T","$","R","M","$","M","R","B"],"character_chosen":"DEFECT","items_purchased":["Biased Cognition","Ball Lightning","Bag of Marbles","Ancient Tea Set","Purity","Defragment"],"campfire_rested":4,"item_purchase_floors":[30,30,30,41,41,44],"current_hp_per_floor":[56,55,55,47,40,33,29,24,24,10,32,32,32,32,54,22,75,53,53,53,53,44,44,29,29,29,24,24,24,24,20,42,3,75,65,50,41,41,41,41,41,41,41,41,41,35,35,35,57,57],"gold":50,"neow_bonus":"ONE_RANDOM_RARE_CARD","is_prod":false,"is_daily":false,"chose_seed":false,"campfire_upgraded":4,"win_rate":0,"timestamp":1561686602,"path_taken":["M","M","M","M","?","?","M","M","T","E","R","?","M","M","R","BOSS","M","?","M","?","M","R","M","R","T","M","?","M","?","M","R","BOSS","M","M","M","?","M","R","$","?","T","$","R","M","$","M","R","BOSS"],"build_version":"2019-01-23","purchased_purges":0,"victory":false,"max_hp_per_floor":[75,75,75,75,75,75,75,75,75,75,75,75,75,75,75,75,75,75,75,75,75,75,75,75,75,75,75,75,75,75,75,75,75,75,75,75,75,75,75,75,75,75,75,75,75,75,75,75,75,75],"card_choices":[{"not_picked":["Barrage","Hologram"],"picked":"Sweeping Beam","floor":1.0},{"not_picked":["Streamline","Coolheaded"],"picked":"Conserve Battery","floor":2.0},{"not_picked":["Turbo","Compile Driver"],"picked":"Sweeping Beam","floor":3.0},{"not_picked":["Streamline","Coolheaded"],"picked":"Hologram","floor":4.0},{"not_picked":["Stack","Darkness"],"picked":"Sunder","floor":7.0},{"not_picked":["Scrape","Stack"],"picked":"Rebound","floor":8.0},{"not_picked":["Echo Form","Lockon"],"picked":"Rip and Tear","floor":10.0},{"not_picked":["Blizzard","Hologram"],"picked":"White Noise","floor":12.0},{"not_picked":["Blizzard","Streamline"],"picked":"Beam Cell","floor":13.0},{"not_picked":["Rip and Tear","Turbo"],"picked":"Redo","floor":14.0},{"not_picked":["Thunder Strike","Multi-Cast"],"picked":"Hyperbeam","floor":16.0},{"not_picked":["Leap","Aggregate"],"picked":"Conserve Battery","floor":18.0},{"not_picked":["Beam Cell","Streamline"],"picked":"Cold Snap","floor":20.0},{"not_picked":["Coolheaded","Glacier"],"picked":"Go for the Eyes+1","floor":22.0},{"not_picked":["Compile Driver","Blizzard"],"picked":"Skim","floor":24.0},{"not_picked":["Beam Cell","Force Field+1"],"picked":"Rebound+1","floor":27.0},{"not_picked":["Storm","Conserve Battery"],"picked":"Beam Cell","floor":29.0},{"not_picked":["Rebound+1","Reprogram"],"picked":"Cold Snap+1","floor":31.0},{"not_picked":["Lockon","Chaos"],"picked":"Stack","floor":32.0},{"not_picked":["Meteor Strike","Machine Learning"],"picked":"Echo Form","floor":33.0},{"not_picked":["Streamline+1","Beam Cell"],"picked":"Recycle+1","floor":35.0},{"not_picked":["Go for the Eyes+1","Undo"],"picked":"Chaos","floor":36.0},{"not_picked":["Redo+1","Gash"],"picked":"Streamline","floor":37.0},{"not_picked":["Hologram","Darkness+1"],"picked":"Coolheaded+1","floor":39.0},{"not_picked":["Master of Strategy","PanicButton"],"picked":"The Bomb","floor":42.0},{"not_picked":["Undo+1","Blizzard+1"],"picked":"Stack+1","floor":46.0},{"not_picked":["Beam Cell+1","Turbo+1"],"picked":"Cold Snap","floor":48.0},{"not_picked":["Reprogram+1","Self Repair+1"],"picked":"Coolheaded","floor":49.0}],"player_experience":485123,"relics_obtained":[{"floor":9.0,"key":"Art of War"},{"floor":10.0,"key":"Mercury Hourglass"},{"floor":26.0,"key":"Dream Catcher"},{"floor":43.0,"key":"Cables"}],"event_choices":[{"cards_removed":["Strike_B"],"damage_healed":0.0,"max_hp_gain":0.0,"max_hp_loss":0.0,"gold_gain":0.0,"event_name":"Golden Wing","player_choice":"Card Removal","floor":5.0,"gold_loss":0.0,"damage_taken":7.0},{"damage_healed":0.0,"max_hp_gain":0.0,"max_hp_loss":0.0,"gold_gain":0.0,"event_name":"Wheel of Change","player_choice":"Damaged","floor":6.0,"gold_loss":0.0,"damage_taken":7.0},{"damage_healed":0.0,"max_hp_gain":0.0,"max_hp_loss":0.0,"gold_gain":0.0,"event_name":"Back to Basics","player_choice":"Simplicity","floor":19.0,"gold_loss":0.0,"damage_taken":0.0,"cards_upgraded":["Strike_B","Strike_B","Strike_B","Defend_B","Defend_B","Defend_B","Defend_B"]},{"damage_healed":0.0,"max_hp_gain":0.0,"max_hp_loss":0.0,"gold_gain":0.0,"event_name":"Forgotten Altar","player_choice":"Smashed Altar","floor":21.0,"gold_loss":0.0,"damage_taken":0.0,"cards_obtained":["Decay"]},{"damage_healed":0.0,"max_hp_gain":0.0,"max_hp_loss":0.0,"gold_gain":0.0,"event_name":"Drug Dealer","player_choice":"Inject Mutagens","floor":28.0,"gold_loss":0.0,"damage_taken":0.0,"relics_obtained":["MutagenicStrength"]},{"cards_removed":["Sweeping Beam"],"damage_healed":0.0,"max_hp_gain":0.0,"max_hp_loss":0.0,"gold_gain":0.0,"event_name":"Falling","player_choice":"Removed Attack","floor":38.0,"gold_loss":0.0,"damage_taken":0.0},{"damage_healed":0.0,"max_hp_gain":0.0,"max_hp_loss":0.0,"gold_gain":0.0,"event_name":"SensoryStone","player_choice":"Memory 1","floor":42.0,"gold_loss":0.0,"damage_taken":0.0}],"is_beta":false,"boss_relics":[{"not_picked":["Snecko Eye","Astrolabe"],"picked":"Nuclear Battery"},{"not_picked":["Empty Cage","Runic Dome"],"picked":"White Beast Statue"}],"items_purged_floors":[],"is_endless":false,"potions_floor_spawned":[2,7,8,12,14,27,29,31,33,35,36,37,39,46,48],"killed_by":"Awakened One","ascension_level":0}