{"gold_per_floor":[119,69,69,131,146,146,196,273,273,273,286,318,443,478,478,575,575,592,437,451,451],"floor_reached":21,"playtime":1001,"items_purged":[],"score":187,"play_id":"891c269d-5c80-4dc6-b78e-5b6e50a7f1da","local_time":"20190726231125","is_ascension_mode":false,"campfire_choices":[{"data":"Juggernaut","floor":6,"key":"SMITH"},{"floor":10,"key":"REST"},{"floor":15,"key":"REST"}],"neow_cost":"TEN_PERCENT_HP_LOSS","seed_source_timestamp":373284800645537,"circlet_count":0,"master_deck":["Strike_R+1","Defend_R","Defend_R","Defend_R","Defend_R","Bash","Juggernaut+1","Spot Weakness+1","Anger","Thunderclap","Dual Wield","Heavy Blade","Barricade","Impervious+1","Headbutt+1","Impervious+1","Infernal Blade","Power Through"],"relics":["Burning Blood","SsserpentHead","Odd Mushroom","Matryoshka","Question Card","Anchor","Astrolabe","Happy Flower"],"potions_floor_usage":[12,16,21,21],"damage_taken":[{"damage":5,"enemies":"Jaw Worm","floor":1,"turns":4},{"damage":5,"enemies":"Cultist","floor":4,"turns":4},{"damage":5,"enemies":"Small Slimes","floor":5,"turns":4},{"damage":20,"enemies":"The Mushroom Lair","floor":8,"turns":4},{"damage":5,"enemies":"3 Louse","floor":11,"turns":2},{"damage":10,"enemies":"Gremlin Nob","floor":12,"turns":3},{"damage":49,"enemies":"Lagavulin","floor":14,"turns":7},{"damage":24,"enemies":"Slime Boss","floor":16,"turns":8},{"damage":36,"enemies":"2 Thieves","floor":18,"turns":5},{"damage":28,"enemies":"Spheric Guardian","floor":20,"turns":7},{"damage":27,"enemies":"Shelled Parasite and Fungi","floor":21,"turns":3}],"seed_played":"1879401538174091712","potions_obtained":[{"floor":1,"key":"Poison Potion"},{"floor":8,"key":"Energy Potion"},{"floor":11,"key":"Dexterity Potion"},{"floor":18,"key":"EssenceOfSteel"},{"floor":20,"key":"Regen Potion"}],"is_trial":false,"path_per_floor":["M","?","?","M","M","R","?","?","T","R","M","E","?","E","R","B",null,"M","$","M","M"],"character_chosen":"IRONCLAD","items_purchased":["Happy Flower"],"campfire_rested":2,"item_purchase_floors":[19],"current_hp_per_floor":[72,72,72,72,72,72,58,44,44,65,66,62,51,8,29,11,72,42,42,20,0],"gold":451,"neow_bonus":"THREE_RARE_CARDS","is_prod":false,"is_daily":false,"chose_seed":false,"campfire_upgraded":1,"win_rate":0,"timestamp":1564200685,"path_taken":["M","?","?","?","M","R","?","?","T","R","M","E","?","E","R","BOSS","M","$","M","M"],"build_version":"2019-07-17","purchased_purges":0,"victory":false,"max_hp_per_floor":[72,72,72,72,72,72,72,72,72,72,72,72,72,72,72,72,72,72,72,72,72],"card_choices":[{"not_picked":["Dark Embrace","Fiend Fire"],"picked":"Juggernaut","floor":0},{"not_picked":["Perfected Strike","Thunderclap"],"picked":"Spot Weakness","floor":1},{"not_picked":["Flame Barrier","Havoc","True Grit"],"picked":"SKIP","floor":4},{"not_picked":["Blood for Blood","Warcry"],"picked":"Anger","floor":5},{"not_picked":["Clothesline","Evolve"],"picked":"Thunderclap","floor":8},{"not_picked":["Havoc","Sword Boomerang"],"picked":"Dual Wield","floor":11},{"not_picked":["Offering","Flex"],"picked":"Heavy Blade","floor":12},{"not_picked":["Shockwave","Searing Blow","Brutality","Fire Breathing"],"picked":"SKIP","floor":14},{"not_picked":["Dark Embrace","Reaper","Berserk"],"picked":"Barricade","floor":16},{"not_picked":["Warcry+1","Sword Boomerang","Pommel Strike"],"picked":"Infernal Blade","floor":18},{"not_picked":["Headbutt","Thunderclap","Body Slam"],"picked":"Power Through","floor":20}],"player_experience":154563,"relics_obtained":[{"floor":8,"key":"Odd Mushroom"},{"floor":9,"key":"Matryoshka"},{"floor":12,"key":"Question Card"},{"floor":14,"key":"Anchor"}],"event_choices":[{"cards_removed":["Strike_R"],"damage_healed":0,"gold_gain":0,"player_choice":"Card Removal","damage_taken":0,"max_hp_gain":0,"max_hp_loss":0,"event_name":"The Cleric","floor":2,"gold_loss":50},{"damage_healed":0,"gold_gain":0,"player_choice":"Trade","damage_taken":0,"relics_obtained":["SsserpentHead"],"max_hp_gain":0,"max_hp_loss":0,"event_name":"FaceTrader","floor":3,"gold_loss":0},{"damage_healed":0,"gold_gain":0,"player_choice":"Entered Light","damage_taken":14,"max_hp_gain":0,"max_hp_loss":0,"event_name":"Shining Light","floor":7,"gold_loss":0,"cards_upgraded":["Strike_R","Spot Weakness"]},{"damage_healed":0,"gold_gain":0,"player_choice":"Fought Mushrooms","damage_taken":0,"max_hp_gain":0,"max_hp_loss":0,"event_name":"Mushrooms","floor":8,"gold_loss":0},{"damage_healed":0,"gold_gain":75,"player_choice":"Gather Gold","damage_taken":11,"max_hp_gain":0,"max_hp_loss":0,"event_name":"World of Goop","floor":13,"gold_loss":0}],"is_beta":false,"boss_relics":[{"not_picked":["Calling Bell","Pandora\u0027s Box"],"picked":"Astrolabe"}],"items_purged_floors":[],"is_endless":false,"potions_floor_spawned":[1,8,11,18,20],"killed_by":"Shelled Parasite and Fungi","ascension_level":0}