{"gold_per_floor":[117,117,117,136,161,161,175,175,175,175,210,285,57,122,122,211,211,259,259,348,364,364,364,425,351,374,443,512,512,512,577,577,692,692,761,782,40,40,40,105,105,154,204,204,31,31,77,141,141,141],"floor_reached":51,"playtime":3545,"items_purged":["Normality"],"score":1437,"play_id":"68d51f2f-2ab5-490b-a3b8-f8223f3d1d68","local_time":"20190126114206","is_ascension_mode":true,"campfire_choices":[{"data":"Doppelganger","floor":6.0,"key":"SMITH"},{"data":"Neutralize","floor":10.0,"key":"SMITH"},{"data":"Well Laid Plans","floor":15.0,"key":"SMITH"},{"floor":23.0,"key":"REST"},{"floor":29.0,"key":"REST"},{"data":"Footwork","floor":32.0,"key":"SMITH"},{"data":"Caltrops","floor":41,"key":"SMITH"},{"floor":44,"key":"REST"},{"data":"Leg Sweep","floor":46,"key":"SMITH"},{"floor":49,"key":"REST"}],"neow_cost":"CURSE","seed_source_timestamp":173306215945591,"circlet_count":0,"master_deck":["AscendersBane","Survivor","Neutralize+1","Predator","Doppelganger+1","Acrobatics","Well Laid Plans+1","HandOfGreed+1","Dodge and Roll+1","After Image","Grand Finale+1","Bouncing Flask","Quick Slash+1","Finisher+1","Footwork+1","Dagger Throw+1","Backflip","Sucker Punch+1","Adrenaline+1","PiercingWail+1","Acrobatics+1","Corpse Explosion","Caltrops+1","Leg Sweep+1","Blur","Dodge and Roll","After Image","Escape Plan","Adrenaline","Clumsy","Injury","Backflip","Prepared+1","After Image","Glass Knife+1","Backflip+1","Expertise+1","Deflect"],"special_seed":0,"relics":["Ring of the Snake","Incense Burner","Golden Idol","Molten Egg 2","Oddly Smooth Stone","Shuriken","Pandora\u0027s Box","MutagenicStrength","Red Mask","Enchiridion","War Paint","Boot","Calling Bell","Centennial Puzzle","Pantograph","Pocketwatch","Meat on the Bone","Bag of Marbles","DollysMirror","Dodecahedron","Ancient Tea Set","Happy Flower"],"potions_floor_usage":[50],"damage_taken":[{"damage":7.0,"enemies":"Jaw Worm","floor":1.0,"turns":6.0},{"damage":2.0,"enemies":"2 Louse","floor":4.0,"turns":3.0},{"damage":0.0,"enemies":"Cultist","floor":5.0,"turns":3.0},{"damage":0.0,"enemies":"3 Louse","floor":7.0,"turns":4.0},{"damage":6.0,"enemies":"3 Sentries","floor":11.0,"turns":8.0},{"damage":14.0,"enemies":"Hexaghost","floor":16.0,"turns":14.0},{"damage":0.0,"enemies":"Chosen","floor":18.0,"turns":4.0},{"damage":11.0,"enemies":"Masked Bandits","floor":20.0,"turns":5.0},{"damage":0.0,"enemies":"Spheric Guardian","floor":21.0,"turns":3.0},{"damage":1.0,"enemies":"Book of Stabbing","floor":24.0,"turns":4.0},{"damage":0.0,"enemies":"Centurion and Healer","floor":27.0,"turns":6.0},{"damage":0.0,"enemies":"Shelled Parasite and Fungi","floor":28.0,"turns":5.0},{"damage":0.0,"enemies":"Chosen and Byrds","floor":31.0,"turns":8.0},{"damage":26.0,"enemies":"Automaton","floor":33.0,"turns":11.0},{"damage":5.0,"enemies":"3 Shapes","floor":35.0,"turns":7.0},{"damage":11.0,"enemies":"3 Darklings","floor":36.0,"turns":6.0},{"damage":0,"enemies":"Reptomancer","floor":40,"turns":10},{"damage":0,"enemies":"Writhing Mass","floor":42,"turns":10},{"damage":0,"enemies":"Maw","floor":47,"turns":8},{"damage":0,"enemies":"4 Shapes","floor":48,"turns":9},{"damage":0,"enemies":"Donu and Deca","floor":50,"turns":12}],"seed_played":"-6456504524672818670","potions_obtained":[{"floor":1.0,"key":"Fire Potion"},{"floor":7.0,"key":"Ancient Potion"},{"floor":16.0,"key":"SteroidPotion"},{"floor":18.0,"key":"SkillPotion"},{"floor":27.0,"key":"EssenceOfSteel"},{"floor":31.0,"key":"Weak Potion"},{"floor":36.0,"key":"SpeedPotion"},{"floor":48,"key":"Strength Potion"}],"is_trial":false,"path_per_floor":["M","?","?","M","M","R","M","?","T","R","E","?","$","?","R","B",null,"M","?","?","M","?","R","E","$","T","M","M","R","?","M","R","B",null,"M","M","$","?","?","E","R","M","T","R","$","R","M","M","R","B",null],"character_chosen":"THE_SILENT","items_purchased":["HandOfGreed+1","Dodge and Roll","Leg Sweep","Meat on the Bone","Bag of Marbles","DollysMirror","Happy Flower"],"campfire_rested":4,"item_purchase_floors":[13,13,25,37,37,37,45],"current_hp_per_floor":[52,52,52,50,50,50,50,39,39,39,33,22,22,22,22,8,52,52,52,41,41,20,39,38,38,38,38,38,57,57,57,57,31,57,52,41,41,41,41,41,41,41,41,60,60,60,60,60,66,66],"gold":141,"neow_bonus":"ONE_RARE_RELIC","is_prod":false,"is_daily":false,"chose_seed":false,"campfire_upgraded":6,"win_rate":0,"timestamp":1548520926,"path_taken":["M","?","?","M","M","R","?","?","T","R","E","?","?","?","R","BOSS","M","?","?","M","?","R","E","?","T","M","M","R","?","?","R","BOSS","M","M","$","?","?","E","R","M","T","R","$","R","M","M","R","BOSS"],"build_version":"2019-01-23","purchased_purges":1,"victory":true,"max_hp_per_floor":[66,66,66,66,66,66,66,66,66,66,66,66,66,66,66,66,66,66,66,66,66,66,66,66,66,66,66,66,66,66,66,66,66,66,66,66,66,66,66,66,66,66,66,66,66,66,66,66,66,66],"card_choices":[{"not_picked":["Poisoned Stab","Outmaneuver"],"picked":"Predator","floor":1.0},{"not_picked":["Flechettes","Sucker Punch"],"picked":"Dagger Throw","floor":4.0},{"not_picked":["Dagger Spray","Sucker Punch"],"picked":"Doppelganger","floor":5.0},{"not_picked":["Dagger Throw","Riddle With Holes"],"picked":"Acrobatics","floor":7.0},{"not_picked":["Venomology","Distraction"],"picked":"Well Laid Plans","floor":11.0},{"not_picked":["Phantasmal Killer","Night Terror"],"picked":"After Image","floor":16.0},{"not_picked":["Concentrate","Blade Dance"],"picked":"PiercingWail+1","floor":18.0},{"not_picked":["All Out Attack+1","Flying Knee+1"],"picked":"Acrobatics+1","floor":20.0},{"not_picked":["Endless Agony+1","Escape Plan"],"picked":"Corpse Explosion","floor":21.0},{"not_picked":["Outmaneuver","Quick Slash+1"],"picked":"Caltrops","floor":24.0},{"not_picked":["Sucker Punch+1","Quick Slash+1"],"picked":"Blur","floor":27.0},{"not_picked":["Poisoned Stab+1","Bane+1"],"picked":"Dodge and Roll","floor":28.0},{"not_picked":["Concentrate","Tactician"],"picked":"Escape Plan","floor":31.0},{"not_picked":["Malaise","Night Terror"],"picked":"Adrenaline","floor":33.0},{"not_picked":["Sucker Punch+1","All Out Attack+1"],"picked":"Backflip","floor":35.0},{"not_picked":["Reflex","Backflip"],"picked":"Prepared+1","floor":36.0},{"not_picked":["Underhanded Strike+1","Bane+1","Deadly Poison+1"],"picked":"SKIP","floor":40},{"not_picked":["Predator+1","Riddle With Holes+1"],"picked":"Backflip+1","floor":42},{"not_picked":["Dagger Spray+1","Quick Slash+1"],"picked":"Expertise+1","floor":47},{"not_picked":["Sucker Punch+1","Venomology"],"picked":"Deflect","floor":48}],"player_experience":866994,"relics_obtained":[{"floor":9.0,"key":"Oddly Smooth Stone"},{"floor":11.0,"key":"Shuriken"},{"floor":20.0,"key":"Red Mask"},{"floor":22.0,"key":"Enchiridion"},{"floor":24.0,"key":"War Paint"},{"floor":26.0,"key":"Boot"},{"floor":34.0,"key":"Centennial Puzzle"},{"floor":34.0,"key":"Pantograph"},{"floor":34.0,"key":"Pocketwatch"},{"floor":40,"key":"Dodecahedron"},{"floor":43,"key":"Ancient Tea Set"}],"event_choices":[{"damage_healed":0.0,"max_hp_gain":0.0,"max_hp_loss":0.0,"gold_gain":0.0,"event_name":"Golden Idol","player_choice":"Take Wound","floor":2.0,"gold_loss":0.0,"damage_taken":0.0,"relics_obtained":["Golden Idol"],"cards_obtained":["Injury"]},{"cards_removed":["Injury","Writhe"],"damage_healed":0.0,"max_hp_gain":0.0,"max_hp_loss":0.0,"gold_gain":0.0,"event_name":"Fountain of Cleansing","player_choice":"Removed Curses","floor":3.0,"gold_loss":0.0,"damage_taken":0.0},{"damage_healed":0.0,"max_hp_gain":0.0,"max_hp_loss":0.0,"gold_gain":0.0,"event_name":"Scrap Ooze","player_choice":"Success","floor":8.0,"gold_loss":0.0,"damage_taken":11.0,"relics_obtained":["Molten Egg 2"]},{"damage_healed":0.0,"max_hp_gain":0.0,"max_hp_loss":0.0,"gold_gain":75.0,"event_name":"World of Goop","player_choice":"Gather Gold","floor":12.0,"gold_loss":0.0,"damage_taken":11.0},{"damage_healed":0.0,"max_hp_gain":0.0,"max_hp_loss":0.0,"gold_gain":65.0,"event_name":"Golden Wing","player_choice":"Gained Gold","floor":14.0,"gold_loss":0.0,"damage_taken":0.0},{"damage_healed":0.0,"max_hp_gain":0.0,"max_hp_loss":0.0,"gold_gain":0.0,"event_name":"Drug Dealer","player_choice":"Inject Mutagens","floor":19.0,"gold_loss":0.0,"damage_taken":0.0,"relics_obtained":["MutagenicStrength"]},{"damage_healed":0.0,"max_hp_gain":0.0,"max_hp_loss":0.0,"gold_gain":0.0,"event_name":"Masked Bandits","player_choice":"Fought Bandits","floor":20.0,"gold_loss":0.0,"damage_taken":0.0},{"damage_healed":0.0,"max_hp_gain":0.0,"max_hp_loss":0.0,"gold_gain":0.0,"event_name":"Cursed Tome","player_choice":"Obtained Book","floor":22.0,"gold_loss":0.0,"damage_taken":21.0},{"damage_healed":0.0,"max_hp_gain":0.0,"max_hp_loss":0.0,"gold_gain":0.0,"event_name":"Duplicator","player_choice":"Copied","floor":30.0,"gold_loss":0.0,"damage_taken":0.0,"cards_obtained":["After Image"]},{"cards_removed":["Sucker Punch"],"damage_healed":0.0,"max_hp_gain":0.0,"max_hp_loss":0.0,"gold_gain":0.0,"event_name":"Falling","player_choice":"Removed Attack","floor":38.0,"gold_loss":0.0,"damage_taken":0.0},{"damage_healed":0.0,"max_hp_gain":0.0,"max_hp_loss":0.0,"gold_gain":0.0,"cards_transformed":["Dagger Throw"],"event_name":"Transmorgrifier","player_choice":"Transformed","floor":39.0,"gold_loss":0.0,"damage_taken":0.0,"cards_obtained":["Glass Knife"]}],"is_beta":true,"boss_relics":[{"not_picked":["Runic Dome","Velvet Choker"],"picked":"Pandora\u0027s Box"},{"not_picked":["Tiny House","Snecko Eye"],"picked":"Calling Bell"}],"items_purged_floors":[37],"is_endless":false,"potions_floor_spawned":[1,7,16,18,27,31,36,40,48],"ascension_level":16}