{"gold_per_floor":[111,125,275,299,0,0,26,65,119,119,154,167,167,178,178,178],"floor_reached":16,"playtime":721,"items_purged":[],"score":193,"play_id":"d01b816e-5c95-42e9-9804-cda6da229a5c","local_time":"20190125141347","is_ascension_mode":true,"campfire_choices":[{"data":"Transmutation","floor":6.0,"key":"SMITH"},{"data":"Flame Barrier","floor":10.0,"key":"SMITH"},{"data":"Demon Form","floor":13.0,"key":"SMITH"},{"data":"Limit Break","floor":15,"key":"SMITH"}],"neow_cost":"CURSE","seed_source_timestamp":98953830906271,"circlet_count":0,"master_deck":["AscendersBane","Strike_R","Strike_R","Strike_R","Strike_R","Strike_R","Defend_R","Defend_R","Defend_R","Defend_R","Bash","Transmutation+1","Enlightenment","Injury","Clothesline","Doubt","Demon Form+1","Feel No Pain","Flame Barrier+1","Ghostly Armor","Limit Break+1"],"special_seed":0,"relics":["Burning Blood","Oddly Smooth Stone","Blood Vial","Kunai","Potion Belt","Pear"],"potions_floor_usage":[],"damage_taken":[{"damage":23.0,"enemies":"Cultist","floor":1.0,"turns":6.0},{"damage":0.0,"enemies":"Small Slimes","floor":2.0,"turns":4.0},{"damage":16.0,"enemies":"Lagavulin","floor":7.0,"turns":6.0},{"damage":13.0,"enemies":"Jaw Worm","floor":8.0,"turns":6.0},{"damage":21.0,"enemies":"Gremlin Nob","floor":11.0,"turns":5.0},{"damage":9.0,"enemies":"Blue Slaver","floor":12.0,"turns":4.0},{"damage":21,"enemies":"Exordium Wildlife","floor":14,"turns":6},{"damage":30,"enemies":"The Guardian","floor":16,"turns":7}],"seed_played":"-3559212247207699341","potions_obtained":[{"floor":2.0,"key":"Dexterity Potion"},{"floor":7.0,"key":"SpeedPotion"},{"floor":14,"key":"Dexterity Potion"}],"is_trial":false,"path_per_floor":["M","M","?","T","$","R","E","M","T","R","E","M","R","M","R","B"],"character_chosen":"IRONCLAD","items_purchased":["Blood Vial","Demon Form"],"campfire_rested":0,"item_purchase_floors":[5,5],"current_hp_per_floor":[51,57,57,57,57,57,49,44,44,44,41,40,40,27,27,0],"gold":178,"neow_bonus":"RANDOM_COLORLESS_2","is_prod":false,"is_daily":false,"chose_seed":false,"campfire_upgraded":4,"win_rate":0,"timestamp":1548443627,"path_taken":["M","?","?","?","?","R","E","M","T","R","E","?","R","M","R","BOSS"],"build_version":"2019-01-23","purchased_purges":0,"victory":false,"max_hp_per_floor":[75,75,75,75,75,75,75,75,75,75,85,85,85,85,85,85],"card_choices":[{"not_picked":["Sword Boomerang","Perfected Strike"],"picked":"Clothesline","floor":1.0},{"not_picked":["Corruption","Perfected Strike","Anger"],"picked":"SKIP","floor":2.0},{"not_picked":["Shockwave","Reckless Charge"],"picked":"Feel No Pain","floor":7.0},{"not_picked":["Pommel Strike","Sword Boomerang"],"picked":"Flame Barrier","floor":8.0},{"not_picked":["Sword Boomerang","Clash"],"picked":"Ghostly Armor","floor":11.0},{"not_picked":["Clothesline","Havoc","True Grit"],"picked":"SKIP","floor":12.0},{"not_picked":["Power Through","Infernal Blade"],"picked":"Limit Break","floor":14}],"player_experience":858015,"relics_obtained":[{"floor":4.0,"key":"Oddly Smooth Stone"},{"floor":7.0,"key":"Kunai"},{"floor":9.0,"key":"Potion Belt"},{"floor":11.0,"key":"Pear"}],"event_choices":[{"damage_healed":0.0,"max_hp_gain":0.0,"max_hp_loss":0.0,"gold_gain":150.0,"event_name":"Liars Game","player_choice":"AGREE","floor":3.0,"gold_loss":0.0,"damage_taken":0.0,"cards_obtained":["Doubt"]}],"is_beta":true,"boss_relics":[],"items_purged_floors":[],"is_endless":false,"potions_floor_spawned":[2,7,8,14],"killed_by":"The Guardian","ascension_level":15}