{"gold_per_floor":[110,128,128,141,160,171,171,187,187,220,240,253,253,273,273,371,371,382,400,400,420,61,61,91,91,91,91,91,65,82,92,92,92],"floor_reached":33,"playtime":3371,"items_purged":[],"score":313,"play_id":"95576387-236c-4117-b082-e13253808345","local_time":"20190704123728","is_ascension_mode":true,"campfire_choices":[{"data":"Predator","floor":7,"key":"SMITH"},{"data":"Leg Sweep","floor":13,"key":"SMITH"},{"data":"Setup","floor":15,"key":"SMITH"},{"data":"Noxious Fumes","floor":23,"key":"SMITH"},{"floor":25,"key":"REST"},{"floor":27,"key":"REST"},{"data":"Leg Sweep","floor":32,"key":"SMITH"}],"neow_cost":"NONE","seed_source_timestamp":988834706346900,"circlet_count":0,"master_deck":["Strike_G","Strike_G","Strike_G","Defend_G","Defend_G","Defend_G","Defend_G","Survivor","Neutralize","Dagger Throw","Predator+1","Bane","Quick Slash","Leg Sweep+1","Setup+1","Blur","Leg Sweep+1","Phantasmal Killer","Well Laid Plans+1","Burst+1","Night Terror+1","Deflect","Backstab","J.A.X.","Noxious Fumes+1","Setup+1","Sadistic Nature","Noxious Fumes","Injury","Footwork","Caltrops","Footwork+1"],"relics":["Cursed Key","Juzu Bracelet","Astrolabe","DollysMirror","The Courier","Boot"],"potions_floor_usage":[10,10,16,21,24,24,33],"damage_taken":[{"damage":0,"enemies":"Small Slimes","floor":1,"turns":4},{"damage":0,"enemies":"Cultist","floor":2,"turns":4},{"damage":0,"enemies":"Jaw Worm","floor":4,"turns":2},{"damage":12,"enemies":"3 Louse","floor":5,"turns":3},{"damage":0,"enemies":"Exordium Thugs","floor":6,"turns":3},{"damage":3,"enemies":"Red Slaver","floor":8,"turns":4},{"damage":0,"enemies":"Gremlin Nob","floor":10,"turns":2},{"damage":7,"enemies":"Large Slime","floor":11,"turns":5},{"damage":2,"enemies":"3 Louse","floor":12,"turns":2},{"damage":0,"enemies":"2 Fungi Beasts","floor":14,"turns":3},{"damage":9,"enemies":"Slime Boss","floor":16,"turns":9},{"damage":19,"enemies":"Spheric Guardian","floor":18,"turns":8},{"damage":5,"enemies":"Chosen","floor":19,"turns":5},{"damage":6,"enemies":"Centurion and Healer","floor":21,"turns":13},{"damage":30,"enemies":"Book of Stabbing","floor":24,"turns":4},{"damage":9,"enemies":"Cultist and Chosen","floor":30,"turns":8},{"damage":8,"enemies":"Snake Plant","floor":31,"turns":6},{"damage":28,"enemies":"Automaton","floor":33,"turns":6}],"seed_played":"5715680218440296280","potions_obtained":[{"floor":2,"key":"SteroidPotion"},{"floor":4,"key":"Strength Potion"},{"floor":5,"key":"Explosive Potion"},{"floor":14,"key":"Ancient Potion"},{"floor":18,"key":"Fire Potion"},{"floor":21,"key":"AttackPotion"},{"floor":31,"key":"FearPotion"}],"is_trial":false,"path_per_floor":["M","M","?","M","M","M","R","M","T","E","M","M","R","M","R","B",null,"M","M","?","M","$","R","E","R","T","R","?","$","M","M","R","B"],"character_chosen":"THE_SILENT","items_purchased":["DollysMirror","Sadistic Nature","Caltrops"],"campfire_rested":2,"item_purchase_floors":[22,22,29],"current_hp_per_floor":[70,70,70,70,58,58,58,55,55,55,48,46,46,46,46,37,70,51,46,46,40,40,40,10,31,31,52,52,52,43,35,35,7],"gold":92,"neow_bonus":"BOSS_RELIC","is_prod":false,"is_daily":false,"chose_seed":false,"campfire_upgraded":5,"win_rate":0,"timestamp":1562258248,"path_taken":["M","M","?","M","?","M","R","M","T","E","M","M","R","M","R","BOSS","M","M","?","M","$","R","E","R","T","R","?","$","M","M","R","BOSS"],"build_version":"2019-07-01","purchased_purges":0,"victory":false,"max_hp_per_floor":[70,70,70,70,70,70,70,70,70,70,70,70,70,70,70,70,70,70,70,70,70,70,70,70,70,70,70,70,70,70,70,70,70],"card_choices":[{"not_picked":["Deadly Poison","Caltrops"],"picked":"Dagger Throw","floor":1},{"not_picked":["Concentrate","Leg Sweep"],"picked":"Riddle With Holes","floor":2},{"not_picked":["Crippling Poison","Tactician"],"picked":"Bane","floor":4},{"not_picked":["Tactician","Acrobatics"],"picked":"Quick Slash","floor":5},{"not_picked":["Poisoned Stab","Dagger Throw","Skewer"],"picked":"SKIP","floor":6},{"not_picked":["Acrobatics","Dagger Spray"],"picked":"Leg Sweep","floor":8},{"not_picked":["Die Die Die","Corpse Explosion"],"picked":"Setup","floor":10},{"not_picked":["Slice","Bane"],"picked":"Blur","floor":11},{"not_picked":["Bane","Backflip"],"picked":"Leg Sweep","floor":12},{"not_picked":["Outmaneuver","Quick Slash","Bane"],"picked":"SKIP","floor":14},{"not_picked":["Wraith Form v2","Die Die Die"],"picked":"Phantasmal Killer","floor":16},{"not_picked":["Dagger Spray","Backflip"],"picked":"Deflect","floor":18},{"not_picked":["Heel Hook","Prepared"],"picked":"Backstab","floor":19},{"not_picked":["Slice","Catalyst"],"picked":"Noxious Fumes","floor":21},{"not_picked":["Caltrops","Blade Dance"],"picked":"Noxious Fumes","floor":24},{"not_picked":["Slice","Flying Knee"],"picked":"Footwork+1","floor":30},{"not_picked":["Sucker Punch","Prepared","Skewer+1"],"picked":"SKIP","floor":31}],"player_experience":580803,"relics_obtained":[{"floor":10,"key":"Juzu Bracelet"},{"floor":24,"key":"The Courier"},{"floor":26,"key":"Boot"}],"event_choices":[{"damage_healed":0,"gold_gain":0,"cards_transformed":["Strike_G"],"player_choice":"Transformed","damage_taken":0,"max_hp_gain":0,"max_hp_loss":0,"event_name":"Transmorgrifier","floor":3,"gold_loss":0,"cards_obtained":["Predator"]},{"damage_healed":0,"gold_gain":0,"player_choice":"Obtain J.A.X.","damage_taken":0,"max_hp_gain":0,"max_hp_loss":0,"event_name":"Drug Dealer","floor":20,"gold_loss":0,"cards_obtained":["J.A.X."]},{"damage_healed":0,"gold_gain":0,"player_choice":"Read","damage_taken":0,"max_hp_gain":0,"max_hp_loss":0,"event_name":"The Library","floor":28,"gold_loss":0,"cards_obtained":["Footwork"]}],"is_beta":false,"boss_relics":[{"not_picked":["HoveringKite","Snecko Eye"],"picked":"Astrolabe"}],"items_purged_floors":[],"is_endless":false,"potions_floor_spawned":[2,4,5,6,14,18,21,31],"killed_by":"Automaton","ascension_level":1}