{"gold_per_floor":[116,129,129,148,167,198,214,214,293,305,315,340,340,355,355,459,459,474,24,44,6,0,0,13,25,99,99,20,20,39,58,58,157,157,172,272,31,42,56,56,68,68,145,145,145,164,0,0,0,0],"floor_reached":50,"playtime":2841,"items_purged":["Strike_G"],"score":715,"play_id":"ff52cef8-6e36-4659-b6ea-2cf8719745a9","local_time":"20190724181436","is_ascension_mode":true,"campfire_choices":[{"floor":13,"key":"REST"},{"floor":15,"key":"REST"},{"floor":23,"key":"REST"},{"floor":27,"key":"REST"},{"floor":29,"key":"REST"},{"floor":32,"key":"REST"},{"floor":40,"key":"REST"},{"floor":42,"key":"REST"},{"floor":49,"key":"REST"}],"neow_cost":"NONE","seed_source_timestamp":0,"circlet_count":0,"master_deck":["AscendersBane","Strike_G","Strike_G","Defend_G","Defend_G","Defend_G","Defend_G","Survivor","Neutralize+1","Quick Slash","Poisoned Stab","Terror","Dodge and Roll","PiercingWail","Backstab","A Thousand Cuts+1","PiercingWail","A Thousand Cuts+1","Caltrops+1","Footwork+1","Glass Knife","Cloak And Dagger","Panache+1","Leg Sweep+1","Noxious Fumes+1","Flying Knee","Deflect+1","Footwork+1","Outmaneuver","Dodge and Roll+1","Die Die Die","Outmaneuver+1","Dodge and Roll+1","Catalyst","Caltrops+1","Blade Dance","Flying Knee","Backflip","Outmaneuver"],"special_seed":0,"relics":["Ring of the Snake","Vajra","Frozen Egg 2","StoneCalendar","Runic Pyramid","Question Card","Busted Crown","Nunchaku","Ornamental Fan","Red Mask"],"potions_floor_usage":[7,12,12,16,20,30,41,41,44,50,50],"damage_taken":[{"damage":2.0,"enemies":"2 Louse","floor":1.0,"turns":5.0},{"damage":3.0,"enemies":"Jaw Worm","floor":2.0,"turns":4.0},{"damage":0.0,"enemies":"Cultist","floor":4.0,"turns":4.0},{"damage":8,"enemies":"Exordium Thugs","floor":5,"turns":5},{"damage":29,"enemies":"Lagavulin","floor":6,"turns":9},{"damage":0,"enemies":"Looter","floor":7,"turns":3},{"damage":9,"enemies":"2 Fungi Beasts","floor":10,"turns":4},{"damage":2,"enemies":"Blue Slaver","floor":11,"turns":5},{"damage":8,"enemies":"Gremlin Nob","floor":12,"turns":3},{"damage":2,"enemies":"3 Louse","floor":14,"turns":4},{"damage":27,"enemies":"The Guardian","floor":16,"turns":12},{"damage":27,"enemies":"Chosen","floor":18,"turns":6},{"damage":11,"enemies":"3 Byrds","floor":20,"turns":5},{"damage":18,"enemies":"Snecko","floor":24,"turns":7},{"damage":18,"enemies":"Sentry and Sphere","floor":25,"turns":6},{"damage":6,"enemies":"Chosen and Byrds","floor":30,"turns":5},{"damage":1,"enemies":"Shelled Parasite and Fungi","floor":31,"turns":7},{"damage":40,"enemies":"Champ","floor":33,"turns":15},{"damage":9,"enemies":"Orb Walker","floor":35,"turns":5},{"damage":1,"enemies":"Mind Bloom Boss Battle","floor":36,"turns":7},{"damage":4,"enemies":"3 Shapes","floor":38,"turns":3},{"damage":16,"enemies":"Sphere and 2 Shapes","floor":39,"turns":4},{"damage":21,"enemies":"Transient","floor":41,"turns":5},{"damage":7,"enemies":"Jaw Worm Horde","floor":44,"turns":3},{"damage":17,"enemies":"4 Shapes","floor":46,"turns":6},{"damage":49,"enemies":"Donu and Deca","floor":50,"turns":6}],"seed_played":"7792805920654637201","potions_obtained":[{"floor":6,"key":"SkillPotion"},{"floor":7,"key":"Weak Potion"},{"floor":10,"key":"AttackPotion"},{"floor":11,"key":"AttackPotion"},{"floor":14,"key":"Block Potion"},{"floor":16,"key":"Strength Potion"},{"floor":24,"key":"Weak Potion"},{"floor":25,"key":"Ancient Potion"},{"floor":30,"key":"GamblersBrew"},{"floor":41,"key":"SmokeBomb"},{"floor":46,"key":"FearPotion"}],"is_trial":false,"path_per_floor":["M","M","?","M","M","E","M","?","T","M","M","E","R","M","R","B",null,"M","$","M","$","?","R","M","M","T","R","$","R","M","M","R","B",null,"M","?","$","M","M","R","M","R","T","M","?","M","?","$","R","B"],"character_chosen":"THE_SILENT","items_purchased":["Footwork+1","Glass Knife","Cloak And Dagger","Panache+1","Noxious Fumes+1","Footwork+1","Catalyst","Caltrops+1","Blade Dance"],"campfire_rested":9,"item_purchase_floors":[19,19,19,19,21,28,37,37,37],"current_hp_per_floor":[61,58,58,58,50,21,21,21,21,12,10,2,23,21,42,15,56,29,29,18,18,18,39,21,3,3,24,24,45,39,38,59,19,57,48,47,47,43,27,48,27,48,48,41,41,24,24,24,45,0],"gold":0,"neow_bonus":"UPGRADE_CARD","is_prod":false,"is_daily":false,"chose_seed":false,"campfire_upgraded":0,"win_rate":0,"timestamp":1564010076,"path_taken":["M","M","?","M","M","E","M","?","T","?","M","E","R","M","R","BOSS","M","$","M","$","?","R","M","M","T","R","$","R","M","M","R","BOSS","M","?","$","M","M","R","M","R","T","M","?","M","?","?","R","BOSS"],"build_version":"2019-07-17","purchased_purges":1,"victory":false,"max_hp_per_floor":[70,70,70,70,70,70,70,70,70,70,70,70,70,70,70,70,70,70,70,70,70,70,70,70,70,70,70,70,70,70,70,70,70,70,70,70,70,70,70,70,70,70,70,70,70,70,70,70,70,70],"card_choices":[{"not_picked":["Cloak And Dagger","Acrobatics"],"picked":"Quick Slash","floor":1.0},{"not_picked":["Skewer","Deadly Poison"],"picked":"Poisoned Stab","floor":2.0},{"not_picked":["Blade Dance","Calculated Gamble"],"picked":"Terror","floor":4},{"not_picked":["Doppelganger","Endless Agony"],"picked":"Dodge and Roll","floor":5},{"not_picked":["Backflip","Deadly Poison","Flechettes"],"picked":"SKIP","floor":6},{"not_picked":["Skewer","Riddle With Holes","Blade Dance"],"picked":"SKIP","floor":7},{"not_picked":["Tactician","Dash"],"picked":"PiercingWail","floor":10},{"not_picked":["Poisoned Stab","Dagger Throw"],"picked":"Backstab","floor":11},{"not_picked":["Backflip","Deadly Poison"],"picked":"A Thousand Cuts+1","floor":12},{"not_picked":["Dagger Throw","Dagger Spray"],"picked":"PiercingWail","floor":14},{"not_picked":["Night Terror","Storm of Steel"],"picked":"A Thousand Cuts+1","floor":16},{"not_picked":["Well Laid Plans+1","Setup"],"picked":"Caltrops+1","floor":18},{"not_picked":["Flying Knee","Cloak And Dagger"],"picked":"Leg Sweep+1","floor":20},{"not_picked":["Outmaneuver","Prepared+1"],"picked":"Flying Knee","floor":24},{"not_picked":["Dagger Spray","Dagger Throw+1"],"picked":"Deflect+1","floor":25},{"not_picked":["Poisoned Stab+1","Dagger Spray+1","Dodge and Roll"],"picked":"Outmaneuver","floor":30},{"not_picked":["Dagger Spray","Escape Plan","Reflex"],"picked":"Dodge and Roll+1","floor":31},{"not_picked":["Phantasmal Killer","Tools of the Trade+1","Unload"],"picked":"Die Die Die","floor":33},{"not_picked":["Dagger Spray+1"],"picked":"Outmaneuver+1","floor":35},{"not_picked":["Tactician+1"],"picked":"Dodge and Roll+1","floor":36},{"not_picked":["Quick Slash","Dodge and Roll"],"picked":"SKIP","floor":38},{"not_picked":["Blade Dance"],"picked":"Flying Knee","floor":39},{"not_picked":["Flechettes"],"picked":"Backflip","floor":41},{"not_picked":["Dagger Spray"],"picked":"Outmaneuver","floor":46}],"player_experience":222406,"relics_obtained":[{"floor":6,"key":"Vajra"},{"floor":9,"key":"Frozen Egg 2"},{"floor":12,"key":"StoneCalendar"},{"floor":26,"key":"Question Card"},{"floor":36,"key":"Nunchaku"},{"floor":43,"key":"Ornamental Fan"}],"event_choices":[{"cards_removed":["Strike_G"],"damage_healed":0.0,"max_hp_gain":0.0,"max_hp_loss":0.0,"gold_gain":0.0,"event_name":"Living Wall","player_choice":"Forget","floor":3.0,"gold_loss":0.0,"damage_taken":0.0},{"cards_removed":["Strike_G"],"damage_healed":0,"gold_gain":0,"player_choice":"Offered Basic","damage_taken":0,"max_hp_gain":0,"max_hp_loss":0,"event_name":"Bonfire Elementals","floor":8,"gold_loss":0},{"damage_healed":0,"gold_gain":0,"player_choice":"Paid Fearfully","damage_taken":0,"max_hp_gain":0,"max_hp_loss":0,"event_name":"Masked Bandits","floor":22,"gold_loss":6},{"damage_healed":0,"gold_gain":0,"player_choice":"Fight","damage_taken":0,"max_hp_gain":0,"max_hp_loss":0,"event_name":"MindBloom","floor":36,"gold_loss":0},{"cards_removed":["Defend_G"],"damage_healed":0,"gold_gain":0,"player_choice":"Removed Skill","damage_taken":0,"max_hp_gain":0,"max_hp_loss":0,"event_name":"Falling","floor":45,"gold_loss":0},{"damage_healed":0,"gold_gain":0,"player_choice":"Paid","damage_taken":0,"relics_obtained":["Red Mask"],"max_hp_gain":0,"max_hp_loss":0,"event_name":"Tomb of Lord Red Mask","floor":47,"gold_loss":164}],"is_beta":false,"boss_relics":[{"not_picked":["Coffee Dripper","Velvet Choker"],"picked":"Runic Pyramid"},{"not_picked":["Eternal Feather","Black Star"],"picked":"Busted Crown"}],"items_purged_floors":[37],"is_endless":false,"potions_floor_spawned":[6,7,10,11,14,16,24,25,30,33,36,41,44,46],"killed_by":"Donu and Deca","ascension_level":10}