{"gold_per_floor":[111,129,142,153,171,200,220,220,220,247,267,283,294,259,259,357,357,377,394,275,275,289,289,316,328,328,328,428,428,53,70,70,70],"floor_reached":33,"playtime":2085,"items_purged":[],"score":340,"play_id":"cb7a6c21-dd0f-414c-bc33-664f42a1e33a","local_time":"20190721193830","is_ascension_mode":true,"campfire_choices":[{"floor":8,"key":"RECALL"},{"floor":15,"key":"REST"},{"data":"Armaments","floor":23,"key":"SMITH"},{"floor":29,"key":"REST"},{"floor":32,"key":"REST"}],"neow_cost":"NONE","seed_source_timestamp":722986675384200,"circlet_count":0,"master_deck":["Strike_R","Strike_R","Strike_R","Strike_R","Strike_R","Defend_R","Defend_R","Defend_R","Thunderclap","Perfected Strike","Armaments+1","Power Through","Twin Strike","Clothesline+1","Thunderclap+1","Anger+1","Twin Strike+1","Perfected Strike+1","Dropkick+1","Bludgeon+1","Rage+1","Twin Strike+1","Sentinel+1","Shockwave","Body Slam+1","Uppercut+1","Flex","Limit Break","Inflame","Shrug It Off"],"relics":["Burning Blood","Molten Egg 2","Vajra","Bottled Lightning","Astrolabe","GremlinMask","PreservedInsect","Magic Flower"],"potions_floor_usage":[3,6,7,18,24,25,33],"damage_taken":[{"damage":1,"enemies":"Cultist","floor":1,"turns":4},{"damage":13,"enemies":"Jaw Worm","floor":2,"turns":4},{"damage":7,"enemies":"Small Slimes","floor":3,"turns":2},{"damage":14,"enemies":"Blue Slaver","floor":4,"turns":4},{"damage":18,"enemies":"Lots of Slimes","floor":5,"turns":5},{"damage":10,"enemies":"3 Sentries","floor":6,"turns":8},{"damage":5,"enemies":"Large Slime","floor":7,"turns":6},{"damage":23,"enemies":"Gremlin Nob","floor":10,"turns":5},{"damage":0,"enemies":"Exordium Wildlife","floor":11,"turns":3},{"damage":0,"enemies":"Looter","floor":12,"turns":2},{"damage":26,"enemies":"Gremlin Gang","floor":13,"turns":4},{"damage":59,"enemies":"The Guardian","floor":16,"turns":7},{"damage":11,"enemies":"Spheric Guardian","floor":18,"turns":3},{"damage":13,"enemies":"2 Thieves","floor":19,"turns":3},{"damage":3,"enemies":"Snake Plant","floor":22,"turns":4},{"damage":62,"enemies":"Gremlin Leader","floor":24,"turns":9},{"damage":24,"enemies":"3 Cultists","floor":25,"turns":5},{"damage":11,"enemies":"Cultist and Chosen","floor":31,"turns":6},{"damage":67,"enemies":"Champ","floor":33,"turns":7}],"seed_played":"-1183666570113111043","potions_obtained":[{"floor":2,"key":"AttackPotion"},{"floor":5,"key":"SkillPotion"},{"floor":6,"key":"PowerPotion"},{"floor":13,"key":"Energy Potion"},{"floor":16,"key":"BloodPotion"},{"floor":19,"key":"Strength Potion"},{"floor":31,"key":"Explosive Potion"}],"is_trial":false,"path_per_floor":["M","M","M","M","M","E","M","R","T","E","M","M","M","?","R","B",null,"M","M","$","?","M","R","E","M","T","?","?","R","$","M","R","B"],"character_chosen":"IRONCLAD","items_purchased":["Uppercut+1","Flex","Magic Flower","Inflame"],"campfire_rested":3,"item_purchase_floors":[20,20,30,30],"current_hp_per_floor":[80,73,72,64,52,48,49,49,49,32,38,44,24,44,68,15,80,75,68,68,68,71,71,15,17,17,17,17,41,41,39,63,0],"gold":70,"neow_bonus":"ONE_RANDOM_RARE_CARD","is_prod":false,"is_daily":false,"chose_seed":false,"campfire_upgraded":1,"win_rate":0,"timestamp":1563752310,"path_taken":["M","M","M","M","M","E","M","R","T","E","?","M","M","?","R","BOSS","M","M","$","?","?","R","E","M","T","?","?","R","$","M","R","BOSS"],"build_version":"2019-07-17","purchased_purges":0,"victory":false,"max_hp_per_floor":[80,80,80,80,80,80,80,80,80,80,80,80,80,80,80,80,80,80,80,80,80,80,80,80,80,80,80,80,80,80,80,80,80],"card_choices":[{"not_picked":["Shrug It Off","Clash"],"picked":"Thunderclap","floor":1},{"not_picked":["Iron Wave","Reckless Charge"],"picked":"Perfected Strike","floor":2},{"not_picked":["Second Wind","Warcry"],"picked":"Armaments","floor":3},{"not_picked":["Headbutt","True Grit"],"picked":"Power Through","floor":4},{"not_picked":["Pommel Strike","Bloodletting"],"picked":"Twin Strike","floor":5},{"not_picked":["Berserk","Warcry"],"picked":"Clothesline","floor":6},{"not_picked":["Rampage+1","Dropkick+1"],"picked":"Thunderclap+1","floor":7},{"not_picked":["Shrug It Off","Havoc"],"picked":"Anger+1","floor":10},{"not_picked":["Power Through","Havoc"],"picked":"Twin Strike+1","floor":11},{"not_picked":["Blood for Blood+1","Wild Strike+1"],"picked":"Perfected Strike+1","floor":12},{"not_picked":["Feel No Pain","Disarm"],"picked":"Dropkick+1","floor":13},{"not_picked":["Limit Break","Barricade"],"picked":"Bludgeon+1","floor":16},{"not_picked":["Dual Wield+1","Reckless Charge+1"],"picked":"Shockwave","floor":18},{"not_picked":["Havoc","Bloodletting"],"picked":"Body Slam+1","floor":19},{"not_picked":["Feel No Pain","Warcry","True Grit+1"],"picked":"SKIP","floor":22},{"not_picked":["Thunderclap+1","Clash+1"],"picked":"Limit Break","floor":24},{"not_picked":["Dual Wield","Battle Trance","Power Through"],"picked":"SKIP","floor":25},{"not_picked":["Searing Blow+1","Dual Wield"],"picked":"Shrug It Off","floor":31}],"player_experience":559669,"relics_obtained":[{"floor":6,"key":"Molten Egg 2"},{"floor":9,"key":"Vajra"},{"floor":10,"key":"Bottled Lightning"},{"floor":24,"key":"PreservedInsect"}],"event_choices":[{"damage_healed":20,"gold_gain":0,"player_choice":"Healed","damage_taken":0,"max_hp_gain":0,"max_hp_loss":0,"event_name":"The Cleric","floor":14,"gold_loss":35},{"damage_healed":0,"gold_gain":0,"player_choice":"Trade","damage_taken":0,"relics_obtained":["GremlinMask"],"max_hp_gain":0,"max_hp_loss":0,"event_name":"FaceTrader","floor":21,"gold_loss":0},{"damage_healed":0,"gold_gain":0,"player_choice":"Ignored","damage_taken":0,"max_hp_gain":0,"max_hp_loss":0,"event_name":"Beggar","floor":27,"gold_loss":0},{"damage_healed":0,"gold_gain":100,"player_choice":"Pray","damage_taken":0,"max_hp_gain":0,"max_hp_loss":0,"event_name":"Golden Shrine","floor":28,"gold_loss":0}],"is_beta":false,"boss_relics":[{"not_picked":["Runic Dome","Coffee Dripper"],"picked":"Astrolabe"}],"items_purged_floors":[],"is_endless":false,"potions_floor_spawned":[2,5,6,13,16,19,31],"killed_by":"Champ","ascension_level":4}