{"gold_per_floor":[118,132,132,143,143,143,162,191,216,216,241,241,258,258,258,358,358,369,369,33,33,45,45,80,80,80,80],"floor_reached":27,"playtime":1859,"items_purged":["Parasite"],"score":251,"play_id":"4b3af1df-578e-48b0-9b52-16168292f078","local_time":"20190430075505","is_ascension_mode":true,"campfire_choices":[{"data":"Regret","floor":6.0,"key":"PURGE"},{"floor":10.0,"key":"REST"},{"floor":15.0,"key":"REST"},{"floor":23.0,"key":"REST"}],"neow_cost":"CURSE","seed_source_timestamp":0,"circlet_count":0,"master_deck":["Survivor","Neutralize","Bane","Blade Dance","Finisher","Endless Agony","Crippling Poison","Deadly Poison","Deadly Poison","Burst","Prepared","Eviscerate","Flying Knee","Tactician","Venomology","Prepared","Reflex","After Image","Infinite Blades","Flechettes","Poisoned Stab","Acrobatics+1","Bane","Shame"],"special_seed":0,"relics":["Ring of the Snake","Peace Pipe","Art of War","Bag of Preparation","Snake Skull","Pandora\u0027s Box","Paper Crane","Bottled Flame","Singing Bowl","Juzu Bracelet"],"potions_floor_usage":[27],"damage_taken":[{"damage":8.0,"enemies":"Small Slimes","floor":1.0,"turns":5.0},{"damage":7.0,"enemies":"Jaw Worm","floor":2.0,"turns":6.0},{"damage":1.0,"enemies":"2 Louse","floor":4.0,"turns":1.0},{"damage":4.0,"enemies":"2 Fungi Beasts","floor":7.0,"turns":3.0},{"damage":21.0,"enemies":"Gremlin Nob","floor":8.0,"turns":4.0},{"damage":32.0,"enemies":"3 Sentries","floor":11.0,"turns":10.0},{"damage":0.0,"enemies":"Large Slime","floor":13.0,"turns":4.0},{"damage":37.0,"enemies":"The Guardian","floor":16.0,"turns":9.0},{"damage":13.0,"enemies":"Shell Parasite","floor":18.0,"turns":4.0},{"damage":15.0,"enemies":"Colosseum Slavers","floor":21.0,"turns":4.0},{"damage":15.0,"enemies":"Spheric Guardian","floor":22.0,"turns":4.0},{"damage":9.0,"enemies":"Slavers","floor":24.0,"turns":4.0},{"damage":38,"enemies":"Gremlin Leader","floor":27,"turns":3}],"seed_played":"-4493965669472568847","potions_obtained":[{"floor":1.0,"key":"Explosive Potion"},{"floor":4.0,"key":"Strength Potion"},{"floor":7.0,"key":"GamblersBrew"},{"floor":8.0,"key":"Dexterity Potion"},{"floor":16.0,"key":"LiquidBronze"},{"floor":24.0,"key":"SmokeBomb"}],"is_trial":false,"path_per_floor":["M","M","?","M","?","R","M","E","T","R","E","?","M","?","R","B",null,"M","?","$","?","M","R","E","?","T","E"],"character_chosen":"THE_SILENT","items_purchased":["Paper Crane"],"campfire_rested":3,"item_purchase_floors":[20],"current_hp_per_floor":[62,55,55,54,47,47,43,22,22,43,11,28,28,28,49,12,70,57,44,44,41,26,47,38,38,38,0],"gold":80,"neow_bonus":"ONE_RARE_RELIC","is_prod":false,"is_daily":false,"chose_seed":false,"campfire_upgraded":0,"win_rate":0,"timestamp":1556625305,"path_taken":["M","M","?","M","?","R","M","E","T","R","E","?","M","?","R","BOSS","M","?","$","?","M","R","E","?","T","E"],"build_version":"2019-01-23","purchased_purges":1,"victory":false,"max_hp_per_floor":[70,70,70,70,70,70,70,70,70,70,70,70,70,70,70,70,70,70,75,72,72,72,72,72,72,72,72],"card_choices":[{"not_picked":["Calculated Gamble","Dodge and Roll"],"picked":"Bane","floor":1.0},{"not_picked":["Escape Plan","Backflip"],"picked":"Blade Dance","floor":2.0},{"not_picked":["Backflip","Expertise"],"picked":"Finisher","floor":4.0},{"not_picked":["Choke","Underhanded Strike"],"picked":"Endless Agony","floor":7.0},{"not_picked":["Setup","Eviscerate"],"picked":"Crippling Poison","floor":8.0},{"not_picked":["Reflex","PiercingWail"],"picked":"Deadly Poison","floor":11.0},{"not_picked":["Calculated Gamble","Leg Sweep"],"picked":"Deadly Poison","floor":13.0},{"not_picked":["Wraith Form v2","Grand Finale"],"picked":"Burst","floor":16.0},{"not_picked":["Prepared+1","Eviscerate"],"picked":"Poisoned Stab","floor":18.0},{"not_picked":["Sucker Punch","Dagger Throw"],"picked":"Acrobatics+1","floor":22.0},{"not_picked":["Choke","Masterful Stab"],"picked":"Bane","floor":24.0}],"player_experience":302110,"relics_obtained":[{"floor":8.0,"key":"Bag of Preparation"},{"floor":11.0,"key":"Snake Skull"},{"floor":24.0,"key":"Bottled Flame"},{"floor":26.0,"key":"Juzu Bracelet"}],"event_choices":[{"damage_healed":0.0,"max_hp_gain":0.0,"max_hp_loss":0.0,"gold_gain":0.0,"event_name":"Big Fish","player_choice":"Box","floor":3.0,"gold_loss":0.0,"damage_taken":0.0,"relics_obtained":["Art of War"],"cards_obtained":["Regret"]},{"cards_removed":["Pain"],"damage_healed":0.0,"max_hp_gain":0.0,"max_hp_loss":0.0,"gold_gain":0.0,"event_name":"Golden Wing","player_choice":"Card Removal","floor":5.0,"gold_loss":0.0,"damage_taken":7.0},{"damage_healed":17.0,"max_hp_gain":0.0,"max_hp_loss":0.0,"gold_gain":0.0,"event_name":"Mushrooms","player_choice":"Healed and dodged fight","floor":12.0,"gold_loss":0.0,"damage_taken":0.0,"cards_obtained":["Parasite"]},{"damage_healed":0.0,"max_hp_gain":0.0,"max_hp_loss":0.0,"gold_gain":0.0,"event_name":"Liars Game","player_choice":"Ignored","floor":14.0,"gold_loss":0.0,"damage_taken":0.0},{"damage_healed":0.0,"max_hp_gain":5.0,"max_hp_loss":0.0,"gold_gain":0.0,"event_name":"Forgotten Altar","player_choice":"Shed Blood","floor":19.0,"gold_loss":0.0,"damage_taken":18.0},{"damage_healed":0.0,"max_hp_gain":0.0,"max_hp_loss":0.0,"gold_gain":0.0,"event_name":"Colosseum","player_choice":"Fight","floor":21.0,"gold_loss":0.0,"damage_taken":0.0},{"damage_healed":0.0,"max_hp_gain":0.0,"max_hp_loss":0.0,"gold_gain":0.0,"event_name":"Colosseum","player_choice":"Fled From Nobs","floor":21.0,"gold_loss":0.0,"damage_taken":0.0},{"damage_healed":0.0,"max_hp_gain":0.0,"max_hp_loss":0.0,"gold_gain":0.0,"event_name":"Colosseum","player_choice":"Fled From Nobs","floor":21.0,"gold_loss":0.0,"damage_taken":0.0},{"damage_healed":0.0,"max_hp_gain":0.0,"max_hp_loss":0.0,"gold_gain":0.0,"event_name":"Addict","player_choice":"Stole Relic","floor":25.0,"gold_loss":0.0,"damage_taken":0.0,"relics_obtained":["Singing Bowl"],"cards_obtained":["Shame"]}],"is_beta":false,"boss_relics":[{"not_picked":["Eternal Feather","Lizard Tail"],"picked":"Pandora\u0027s Box"}],"items_purged_floors":[20],"is_endless":false,"potions_floor_spawned":[1,4,7,8,16,24],"killed_by":"Gremlin Leader","ascension_level":1}