{"gold_per_floor":[365,379,379,33,43,72,83,148,148,423,423],"floor_reached":11,"playtime":345,"items_purged":["Parasite"],"score":124,"play_id":"a48021e1-9d2c-4840-9d60-7463b82c6a4c","local_time":"20190721195306","is_ascension_mode":true,"campfire_choices":[],"neow_cost":"CURSE","seed_source_timestamp":247456591684400,"circlet_count":0,"master_deck":["AscendersBane","Strike_R","Strike_R","Strike_R","Strike_R","Strike_R","Defend_R","Defend_R","Defend_R","Defend_R","Bash+1","Whirlwind","Rampage+1","Iron Wave","Impervious","Seeing Red","Uppercut","Twin Strike","Battle Trance","Offering","Regret"],"relics":["Burning Blood","Lantern","Molten Egg 2","Whetstone"],"potions_floor_usage":[7,8],"damage_taken":[{"damage":6,"enemies":"Cultist","floor":1,"turns":3},{"damage":6,"enemies":"2 Louse","floor":2,"turns":2},{"damage":12,"enemies":"Jaw Worm","floor":5,"turns":3},{"damage":19,"enemies":"Gremlin Nob","floor":6,"turns":4},{"damage":8,"enemies":"Large Slime","floor":7,"turns":4},{"damage":46,"enemies":"Lagavulin Event","floor":8,"turns":7},{"damage":16,"enemies":"3 Sentries","floor":11,"turns":1}],"seed_played":"-8779767222371103234","potions_obtained":[{"floor":1,"key":"Explosive Potion"},{"floor":2,"key":"GamblersBrew"}],"is_trial":false,"path_per_floor":["M","M","?","$","M","E","M","?","T","?","E"],"character_chosen":"IRONCLAD","items_purchased":["Iron Wave","Impervious","Seeing Red"],"campfire_rested":0,"item_purchase_floors":[4,4,4],"current_hp_per_floor":[68,68,73,73,67,54,52,12,12,12,0],"gold":423,"neow_bonus":"TWO_FIFTY_GOLD","is_prod":false,"is_daily":false,"chose_seed":false,"campfire_upgraded":0,"win_rate":0,"timestamp":1563753186,"path_taken":["M","?","?","$","M","E","M","?","T","?","E"],"build_version":"2019-07-17","purchased_purges":1,"victory":false,"max_hp_per_floor":[75,75,80,77,77,77,77,77,77,77,77],"card_choices":[{"not_picked":["Pommel Strike","Sever Soul"],"picked":"Whirlwind","floor":1},{"not_picked":["Thunderclap","Searing Blow"],"picked":"Rampage","floor":2},{"not_picked":["Anger","Carnage"],"picked":"Uppercut","floor":5},{"not_picked":["Perfected Strike","Body Slam"],"picked":"Twin Strike","floor":6},{"not_picked":["Headbutt","Cleave"],"picked":"Battle Trance","floor":7},{"not_picked":["Headbutt","Perfected Strike"],"picked":"Offering","floor":8}],"player_experience":680945,"relics_obtained":[{"floor":6,"key":"Lantern"},{"floor":8,"key":"Molten Egg 2"},{"floor":9,"key":"Whetstone"}],"event_choices":[{"damage_healed":0,"gold_gain":0,"player_choice":"Donut","damage_taken":0,"max_hp_gain":5,"max_hp_loss":0,"event_name":"Big Fish","floor":3,"gold_loss":0},{"damage_healed":0,"gold_gain":30,"player_choice":"Searched \u00272\u0027 times","damage_taken":0,"max_hp_gain":0,"max_hp_loss":0,"event_name":"Dead Adventurer","floor":8,"gold_loss":0},{"damage_healed":0,"gold_gain":275,"player_choice":"Desecrate","damage_taken":0,"max_hp_gain":0,"max_hp_loss":0,"event_name":"Golden Shrine","floor":10,"gold_loss":0,"cards_obtained":["Regret"]}],"is_beta":false,"boss_relics":[],"items_purged_floors":[4],"is_endless":false,"potions_floor_spawned":[1,2],"killed_by":"3 Sentries","ascension_level":14}