{"path_per_floor":["M","M","?","?","M","E","R","M","T","R","?","R","$","?","R","B",null,"M","?","?","M","?","R"],"character_chosen":"IRONCLAD","items_purchased":["Bag of Preparation"],"gold_per_floor":[115,134,309,309,322,377,377,391,391,391,391,391,163,163,163,263,263,274,199,99,112,112,112],"floor_reached":24,"campfire_rested":0,"playtime":1806,"current_hp_per_floor":[88,88,88,88,88,54,54,35,35,35,17,17,17,22,22,32,93,84,84,84,82,65,65],"items_purged":["Injury"],"gold":112,"score":218,"play_id":"78c62d2c-2e35-46a4-a926-06bc57e33c5e","is_prod":false,"is_daily":false,"is_ascension_mode":false,"campfire_upgraded":1,"path_taken":["M","M","?","?","M","E","R","?","T","R","?","R","$","?","R","BOSS","M","?","?","M","?","R","E"],"build_version":"2018-02-12-PROD1","purchased_purges":1,"victory":false,"master_deck":["Defend_R","Defend_R","Defend_R","Defend_R","Bash","Flex","Battle Trance","Iron Wave+1","Armaments+1","Iron Wave","J.A.X.","Cleave","Bite","Bite","Bite","Bite","Bite"],"max_hp_per_floor":[88,88,88,88,88,88,88,88,88,88,88,88,88,93,93,93,93,93,93,93,93,65,65],"relics":["Burning Blood","Tiny Chest","Shovel","Prayer Wheel","Bottled Lightning","Bag of Preparation","Shuriken","Black Star","Regal Pillow"],"card_choices":[{"not_picked":["Warcry","Cleave"],"picked":"Flex"},{"not_picked":["Second Wind","Sword Boomerang"],"picked":"Battle Trance"},{"not_picked":["Rupture","Sword Boomerang"],"picked":"Iron Wave"},{"not_picked":["Power Through","Feel No Pain"],"picked":"Second Wind"},{"not_picked":["Flex","Shockwave"],"picked":"Armaments"},{"not_picked":["Thunderclap","Dual Wield"],"picked":"Iron Wave"},{"not_picked":["Armaments","Wild Strike"],"picked":"Cleave"}],"player_experience":106230,"potions_floor_usage":[16,16,24],"damage_taken":[{"damage":4,"enemies":"2 Louse","floor":1,"turns":3},{"damage":0,"enemies":"Small Slimes","floor":2,"turns":4},{"damage":0,"enemies":"Cultist","floor":5,"turns":3},{"damage":40,"enemies":"3 Sentries","floor":6,"turns":14},{"damage":25,"enemies":"Lots of Slimes","floor":8,"turns":6},{"damage":11,"enemies":"The Guardian","floor":16,"turns":13},{"damage":15,"enemies":"Shell Parasite","floor":18,"turns":12},{"damage":8,"enemies":"3 Byrds","floor":21,"turns":7},{"damage":73,"enemies":"Slavers","floor":24,"turns":5}],"event_choices":[{"event_name":"Liars Game","player_choice":"agreed","floor":3,"damage_taken":0},{"event_name":"Living Wall","player_choice":"Change","floor":4,"damage_taken":0},{"event_name":"Shining Light","player_choice":"Entered Light","floor":11,"damage_taken":0},{"event_name":"Big Fish","player_choice":"Donut","floor":14,"damage_taken":0},{"event_name":"Beggar","player_choice":"Gave Gold","floor":19,"damage_taken":0},{"event_name":"Drug Dealer","player_choice":"Got JAXXED","floor":20,"damage_taken":0},{"event_name":"Vampires","player_choice":"Became a vampire","floor":22,"damage_taken":0}],"boss_relics":[{"not_picked":["Eternal Feather","Snecko Eye"],"picked":"Black Star"}],"potions_floor_spawned":[6,8,16,18],"seed_played":"-3033123215813389762","killed_by":"Slavers","ascension_level":0,"is_trial":false}