{"gold_per_floor":[19,36,36,46,46,46,60,60,60,131,143,143,54,67,67,139,139,151,151,131,148,148],"floor_reached":22,"playtime":626,"items_purged":[],"score":352,"play_id":"dcb3dbd6-9d0e-4a65-bd11-95ef1f90afb9","local_time":"20190411133407","is_ascension_mode":true,"campfire_choices":[{"data":"Metamorphosis","floor":6.0,"key":"SMITH"},{"data":"Reinforced Body","floor":8.0,"key":"SMITH"},{"data":"Loop","floor":15.0,"key":"SMITH"}],"neow_cost":"NO_GOLD","seed_source_timestamp":84482365391759,"circlet_count":0,"master_deck":["AscendersBane","Strike_B","Strike_B","Strike_B","Strike_B","Defend_B","Defend_B","Defend_B","Defend_B","Zap","Dualcast","Trip","Metamorphosis+1","Coolheaded","Compile Driver","Creative AI","Reinforced Body+1","Conserve Battery","Melter","Self Repair","Chaos","Loop+1","Loop","Core Surge"],"special_seed":0,"relics":["Cracked Core","Kunai","Darkstone Periapt","Busted Crown"],"potions_floor_usage":[18,21],"damage_taken":[{"damage":9.0,"enemies":"Jaw Worm","floor":1.0,"turns":3.0},{"damage":1.0,"enemies":"Cultist","floor":2.0,"turns":3.0},{"damage":3.0,"enemies":"Small Slimes","floor":4.0,"turns":3.0},{"damage":12.0,"enemies":"Blue Slaver","floor":7.0,"turns":3.0},{"damage":4.0,"enemies":"Red Slaver","floor":11.0,"turns":3.0},{"damage":0.0,"enemies":"Large Slime","floor":14.0,"turns":6.0},{"damage":29.0,"enemies":"Slime Boss","floor":16.0,"turns":6.0},{"damage":8,"enemies":"Shell Parasite","floor":18,"turns":4},{"damage":24,"enemies":"Chosen","floor":21,"turns":4},{"damage":8,"enemies":"Snake Plant","floor":22,"turns":2}],"seed_played":"3014631597364266128","potions_obtained":[{"floor":11.0,"key":"SpeedPotion"},{"floor":14.0,"key":"Dexterity Potion"},{"floor":16.0,"key":"Block Potion"},{"floor":18,"key":"Block Potion"}],"is_trial":false,"path_per_floor":["M","M","?","M","T","R","M","R","T","?","M","?","$","M","R","B",null,"M","?","?","M","M"],"character_chosen":"DEFECT","items_purchased":["Loop"],"campfire_rested":0,"item_purchase_floors":[13],"current_hp_per_floor":[55,54,54,51,51,51,39,39,39,39,42,42,42,49,49,27,60,52,32,32,8,0],"gold":148,"neow_bonus":"RANDOM_COLORLESS_2","is_prod":false,"is_daily":false,"chose_seed":false,"campfire_upgraded":3,"win_rate":0,"timestamp":1555004047,"path_taken":["M","M","?","?","?","R","M","R","T","?","M","?","?","?","R","BOSS","M","?","?","M","?"],"build_version":"2019-04-04","purchased_purges":0,"victory":false,"max_hp_per_floor":[71,71,71,71,71,71,71,71,71,71,71,71,71,71,71,71,71,71,76,76,76,76],"card_choices":[{"not_picked":["Rebound","Barrage"],"picked":"Coolheaded","floor":1.0},{"not_picked":["Gash","Steam"],"picked":"Compile Driver","floor":2.0},{"not_picked":["Beam Cell","Barrage"],"picked":"Melter","floor":4.0},{"not_picked":["Hologram","Gash"],"picked":"Self Repair","floor":7.0},{"not_picked":["Conserve Battery","Ball Lightning"],"picked":"Chaos","floor":11.0},{"not_picked":["Redo","Tempest"],"picked":"Loop","floor":14.0},{"not_picked":["Meteor Strike","Rainbow"],"picked":"Core Surge","floor":16.0},{"not_picked":["Tempest"],"picked":"SKIP","floor":18},{"not_picked":["Hologram"],"picked":"SKIP","floor":21}],"player_experience":1059406,"relics_obtained":[{"floor":5.0,"key":"Kunai"},{"floor":9.0,"key":"Darkstone Periapt"}],"event_choices":[{"damage_healed":0.0,"max_hp_gain":0.0,"max_hp_loss":0.0,"gold_gain":0.0,"event_name":"Match and Keep!","player_choice":"3 cards matched","floor":3.0,"gold_loss":0.0,"damage_taken":0.0,"cards_obtained":["Creative AI","Reinforced Body","Conserve Battery"]},{"damage_healed":0.0,"max_hp_gain":0.0,"max_hp_loss":0.0,"gold_gain":71.0,"event_name":"Golden Wing","player_choice":"Gained Gold","floor":10.0,"gold_loss":0.0,"damage_taken":0.0},{"damage_healed":0.0,"max_hp_gain":0.0,"max_hp_loss":0.0,"gold_gain":0.0,"event_name":"Dead Adventurer","player_choice":"Searched \u00270\u0027 times","floor":12.0,"gold_loss":0.0,"damage_taken":0.0},{"damage_healed":0,"gold_gain":0,"player_choice":"Shed Blood","damage_taken":25,"max_hp_gain":5,"max_hp_loss":0,"event_name":"Forgotten Altar","floor":19,"gold_loss":0},{"damage_healed":0,"gold_gain":0,"player_choice":"Bought 1 Potion","damage_taken":0,"max_hp_gain":0,"max_hp_loss":0,"event_name":"The Woman in Blue","floor":20,"gold_loss":0}],"is_beta":true,"boss_relics":[{"not_picked":["Runic Dome","Black Star"],"picked":"Busted Crown"}],"items_purged_floors":[],"is_endless":false,"potions_floor_spawned":[11,14,16,18],"killed_by":"Snake Plant","ascension_level":20}