{"gold_per_floor":[111,131,206,206,66,66,66,66,120,139,139,156,156],"floor_reached":13,"playtime":844,"items_purged":[],"score":77,"play_id":"492ba045-4360-4b59-940e-c15c7fefd894","local_time":"20190706143811","is_ascension_mode":true,"campfire_choices":[{"floor":6,"key":"RECALL"},{"data":"Body Slam","floor":8,"key":"SMITH"},{"floor":11,"key":"REST"}],"neow_cost":"TEN_PERCENT_HP_LOSS","seed_source_timestamp":1213894116530403,"circlet_count":0,"master_deck":["Strike_R","Strike_R","Strike_R","Strike_R","Defend_R","Defend_R","Defend_R","Defend_R","Bash","Shrug It Off","Body Slam+1","Exhume","Havoc","True Grit"],"relics":["Burning Blood","Charon\u0027s Ashes"],"potions_floor_usage":[13,13,13,13,13],"damage_taken":[{"damage":0,"enemies":"Small Slimes","floor":1,"turns":5},{"damage":6,"enemies":"Jaw Worm","floor":2,"turns":5},{"damage":1,"enemies":"2 Louse","floor":10,"turns":2},{"damage":22,"enemies":"Exordium Thugs","floor":12,"turns":7},{"damage":70,"enemies":"Gremlin Nob","floor":13,"turns":5}],"seed_played":"-3776560809258292379","potions_obtained":[{"floor":1,"key":"EssenceOfSteel"},{"floor":7,"key":"EntropicBrew"},{"floor":7,"key":"PowerPotion"}],"is_trial":false,"path_per_floor":["M","M","?","?","$","R","?","R","T","M","R","M","E"],"character_chosen":"IRONCLAD","items_purchased":["Exhume"],"campfire_rested":1,"item_purchase_floors":[5],"current_hp_per_floor":[72,72,61,54,54,54,54,54,54,59,72,56,0],"gold":156,"neow_bonus":"ONE_RARE_RELIC","is_prod":false,"is_daily":false,"chose_seed":false,"campfire_upgraded":1,"win_rate":0,"timestamp":1562449091,"path_taken":["M","M","?","?","$","R","?","R","T","M","R","?","E"],"build_version":"2019-07-05","purchased_purges":0,"victory":false,"max_hp_per_floor":[72,72,72,72,72,72,72,72,72,72,72,72,72],"card_choices":[{"not_picked":["Sever Soul","Thunderclap"],"picked":"Shrug It Off","floor":1},{"not_picked":["Flex","Sword Boomerang"],"picked":"Body Slam","floor":2},{"not_picked":["Shrug It Off","Bloodletting"],"picked":"Havoc","floor":10},{"not_picked":["Headbutt","Wild Strike"],"picked":"True Grit","floor":12}],"player_experience":83728,"relics_obtained":[],"event_choices":[{"damage_healed":0,"gold_gain":75,"player_choice":"Gather Gold","damage_taken":11,"max_hp_gain":0,"max_hp_loss":0,"event_name":"World of Goop","floor":3,"gold_loss":0},{"cards_removed":["Strike_R"],"damage_healed":0,"gold_gain":0,"player_choice":"Card Removal","damage_taken":7,"max_hp_gain":0,"max_hp_loss":0,"event_name":"Golden Wing","floor":4,"gold_loss":0},{"damage_healed":0,"gold_gain":0,"player_choice":"Got Potions","damage_taken":0,"max_hp_gain":0,"max_hp_loss":0,"event_name":"Lab","floor":7,"gold_loss":0}],"is_beta":false,"boss_relics":[],"items_purged_floors":[],"is_endless":false,"potions_floor_spawned":[1,10],"killed_by":"Gremlin Nob","ascension_level":1}