{"gold_per_floor":[217,235,252,252,85,116,127,144,190,217,217,231,262,280,280,378,378,397,410,410,410,325,352,352,352,352,352,364,364,383,395,395,499,499,509,509,35,45,45,45,57,68,68,68,83,96,96,114,114,114],"floor_reached":51,"playtime":7932,"items_purged":[],"score":722,"play_id":"dad42a1b-85aa-402b-baac-eac84cf82b92","local_time":"20190423203037","is_ascension_mode":false,"campfire_choices":[{"data":"Distraction","floor":11.0,"key":"SMITH"},{"data":"Deadly Poison","floor":15.0,"key":"SMITH"},{"floor":27.0,"key":"REST"},{"floor":29,"key":"REST"},{"floor":32,"key":"REST"},{"data":"Bane","floor":40,"key":"SMITH"},{"floor":47,"key":"REST"},{"floor":49,"key":"REST"}],"neow_cost":"NONE","seed_source_timestamp":0,"circlet_count":0,"master_deck":["Survivor","Neutralize","Deadly Poison+1","Distraction+1","Slice","Bane+1","Bane","PiercingWail+1","Die Die Die","Venomology+1","Deadly Poison+1","Venomology+1","Deflect+1","Venomology+1","PiercingWail+1","Tactician+1","Necronomicurse","Leg Sweep+1","Blade Dance+1","Well Laid Plans+1","Expertise+1","Tools of the Trade","Phantasmal Killer+1","After Image","Deflect+1","Burst+1","Outmaneuver+1","After Image","Burst+1","Poisoned Stab","Bane","Dodge and Roll+1","Bouncing Flask+1","Deadly Poison+1","Flying Knee+1","Bane+1","Parasite","Noxious Fumes+1","Bouncing Flask+1"],"special_seed":0,"relics":["Ring of the Snake","Lantern","Bag of Marbles","Toxic Egg 2","Dream Catcher","Potion Belt","The Courier","Busted Crown","Necronomicon","Singing Bowl","Snake Skull","MutagenicStrength","Shuriken","Pandora\u0027s Box","Bird Faced Urn","Pen Nib","Centennial Puzzle","Turnip"],"potions_floor_usage":[30,31,31,31,33,33,33,33,38,38,41,41,42,42,44,45,45,46,46,48,50,50,50,50,50,50],"damage_taken":[{"damage":0.0,"enemies":"Cultist","floor":1.0,"turns":5.0},{"damage":0.0,"enemies":"Small Slimes","floor":2.0,"turns":2.0},{"damage":0.0,"enemies":"2 Louse","floor":3.0,"turns":3.0},{"damage":17.0,"enemies":"Gremlin Nob","floor":6.0,"turns":4.0},{"damage":3.0,"enemies":"Exordium Wildlife","floor":7.0,"turns":6.0},{"damage":0.0,"enemies":"Red Slaver","floor":8.0,"turns":3.0},{"damage":5.0,"enemies":"3 Sentries","floor":10.0,"turns":7.0},{"damage":4.0,"enemies":"Large Slime","floor":12.0,"turns":5.0},{"damage":0.0,"enemies":"Gremlin Nob","floor":13.0,"turns":3.0},{"damage":0.0,"enemies":"Lots of Slimes","floor":14.0,"turns":2.0},{"damage":2.0,"enemies":"Hexaghost","floor":16.0,"turns":8.0},{"damage":13.0,"enemies":"3 Byrds","floor":18.0,"turns":5.0},{"damage":2.0,"enemies":"Shell Parasite","floor":19.0,"turns":5.0},{"damage":0.0,"enemies":"Cultist and Chosen","floor":21.0,"turns":3.0},{"damage":40.0,"enemies":"Slavers","floor":23.0,"turns":8.0},{"damage":6.0,"enemies":"Snake Plant","floor":28.0,"turns":4.0},{"damage":17,"enemies":"Chosen and Byrds","floor":30,"turns":7},{"damage":5,"enemies":"Centurion and Healer","floor":31,"turns":3},{"damage":8,"enemies":"Champ","floor":33,"turns":9},{"damage":2,"enemies":"Orb Walker","floor":35,"turns":4},{"damage":5,"enemies":"3 Darklings","floor":38,"turns":4},{"damage":15,"enemies":"Maw","floor":41,"turns":6},{"damage":12,"enemies":"Sphere and 2 Shapes","floor":42,"turns":4},{"damage":0,"enemies":"3 Darklings","floor":44,"turns":1},{"damage":28,"enemies":"4 Shapes","floor":45,"turns":4},{"damage":0,"enemies":"Writhing Mass","floor":46,"turns":4},{"damage":23,"enemies":"Spire Growth","floor":48,"turns":3},{"damage":82,"enemies":"Time Eater","floor":50,"turns":13}],"seed_played":"3577906876609066100","potions_obtained":[{"floor":2.0,"key":"Explosive Potion"},{"floor":3.0,"key":"SteroidPotion"},{"floor":8.0,"key":"Block Potion"},{"floor":13.0,"key":"Dexterity Potion"},{"floor":14.0,"key":"SneckoOil"},{"floor":16.0,"key":"Regen Potion"},{"floor":18.0,"key":"SmokeBomb"},{"floor":19.0,"key":"Weak Potion"},{"floor":23.0,"key":"GhostInAJar"},{"floor":33,"key":"SpeedPotion"},{"floor":38,"key":"SkillPotion"},{"floor":42,"key":"Block Potion"},{"floor":46,"key":"LiquidBronze"},{"floor":48,"key":"GhostInAJar"}],"is_trial":false,"path_per_floor":["M","M","M","?","$","E","M","M","T","E","R","M","E","M","R","B",null,"M","M","?","M","?","E","?","?","T","R","M","R","M","M","R","B",null,"M","?","$","M","$","R","M","M","T","M","M","M","R","M","R","B",null],"character_chosen":"THE_SILENT","items_purchased":["Bane","Bag of Marbles","Bird Faced Urn","Pen Nib","Centennial Puzzle"],"campfire_rested":5,"item_purchase_floors":[5,5,37,37,37],"current_hp_per_floor":[70,70,70,67,67,50,47,47,47,42,42,38,38,38,38,36,70,66,64,48,48,48,10,10,10,10,31,25,46,31,26,50,42,76,74,74,74,71,71,71,66,62,62,62,42,50,76,61,84,8],"gold":114,"neow_bonus":"HUNDRED_GOLD","is_prod":false,"is_daily":false,"chose_seed":false,"campfire_upgraded":3,"win_rate":0,"timestamp":1556065837,"path_taken":["M","?","M","?","$","E","M","M","T","E","R","M","E","M","R","BOSS","M","M","?","M","?","E","?","?","T","R","M","R","M","M","R","BOSS","M","?","$","M","$","R","?","M","T","M","M","M","R","M","R","BOSS"],"build_version":"2019-01-23","purchased_purges":0,"victory":true,"max_hp_per_floor":[70,70,70,70,70,70,70,70,70,70,70,70,70,70,70,70,70,70,70,70,70,70,72,72,72,72,72,72,72,74,74,76,76,76,76,76,76,76,76,76,78,78,78,78,80,80,82,84,84,84],"card_choices":[{"not_picked":["Accuracy","Dagger Spray"],"picked":"Deadly Poison","floor":1.0},{"not_picked":["Sucker Punch","Tactician"],"picked":"Distraction","floor":2.0},{"not_picked":["Quick Slash","Cloak And Dagger"],"picked":"Slice","floor":3.0},{"not_picked":["Slice","Flying Knee"],"picked":"Bane","floor":6.0},{"not_picked":["Flying Knee","All Out Attack"],"picked":"PiercingWail+1","floor":7.0},{"not_picked":["Underhanded Strike","Dagger Spray"],"picked":"Die Die Die","floor":8.0},{"not_picked":["Cloak And Dagger+1","Doppelganger+1"],"picked":"Venomology+1","floor":10.0},{"not_picked":["Heel Hook","Endless Agony"],"picked":"Deadly Poison+1","floor":12.0},{"not_picked":["Noxious Fumes","Deflect+1"],"picked":"Venomology+1","floor":13.0},{"not_picked":["Riddle With Holes","Quick Slash"],"picked":"Deflect+1","floor":14.0},{"not_picked":["Unload","Grand Finale"],"picked":"Venomology+1","floor":16.0},{"not_picked":[],"picked":"PiercingWail+1","floor":18.0},{"not_picked":[],"picked":"Tactician+1","floor":19.0},{"not_picked":["Tactician+1"],"picked":"Singing Bowl","floor":23.0},{"not_picked":[],"picked":"Leg Sweep+1","floor":27.0},{"not_picked":[],"picked":"Blade Dance+1","floor":28.0},{"not_picked":[],"picked":"Well Laid Plans+1","floor":29},{"not_picked":["Calculated Gamble+1"],"picked":"Singing Bowl","floor":30},{"not_picked":["Expertise+1"],"picked":"SKIP","floor":31},{"not_picked":[],"picked":"Expertise+1","floor":31},{"not_picked":["Flying Knee"],"picked":"Singing Bowl","floor":32},{"not_picked":[],"picked":"Tools of the Trade","floor":33},{"not_picked":[],"picked":"Bouncing Flask+1","floor":35},{"not_picked":[],"picked":"Flying Knee+1","floor":38},{"not_picked":["Deflect+1"],"picked":"Singing Bowl","floor":41},{"not_picked":[],"picked":"Bane+1","floor":42},{"not_picked":["Reflex+1"],"picked":"Singing Bowl","floor":45},{"not_picked":[],"picked":"Noxious Fumes+1","floor":46},{"not_picked":["Dagger Spray+1"],"picked":"Singing Bowl","floor":47},{"not_picked":["Acrobatics+1"],"picked":"Singing Bowl","floor":48},{"not_picked":[],"picked":"Bouncing Flask+1","floor":49}],"player_experience":280722,"relics_obtained":[{"floor":6.0,"key":"Toxic Egg 2"},{"floor":9.0,"key":"Dream Catcher"},{"floor":10.0,"key":"Potion Belt"},{"floor":13.0,"key":"The Courier"},{"floor":20.0,"key":"Necronomicon"},{"floor":23.0,"key":"Snake Skull"},{"floor":26.0,"key":"Shuriken"},{"floor":43,"key":"Turnip"}],"event_choices":[{"damage_healed":0.0,"max_hp_gain":0.0,"max_hp_loss":0.0,"gold_gain":0.0,"event_name":"Scrap Ooze","player_choice":"Success","floor":4.0,"gold_loss":0.0,"damage_taken":3.0,"relics_obtained":["Lantern"]},{"damage_healed":0.0,"max_hp_gain":0.0,"max_hp_loss":0.0,"gold_gain":0.0,"event_name":"Cursed Tome","player_choice":"Obtained Book","floor":20.0,"gold_loss":0.0,"damage_taken":16.0},{"damage_healed":0.0,"max_hp_gain":0.0,"max_hp_loss":0.0,"gold_gain":0.0,"event_name":"Addict","player_choice":"Obtained Relic","floor":22.0,"gold_loss":85.0,"damage_taken":0.0,"relics_obtained":["Singing Bowl"]},{"damage_healed":0.0,"max_hp_gain":0.0,"max_hp_loss":0.0,"gold_gain":0.0,"event_name":"Drug Dealer","player_choice":"Inject Mutagens","floor":24.0,"gold_loss":0.0,"damage_taken":0.0,"relics_obtained":["MutagenicStrength"]},{"damage_healed":0.0,"max_hp_gain":0.0,"max_hp_loss":0.0,"gold_gain":0.0,"event_name":"Back to Basics","player_choice":"Simplicity","floor":25.0,"gold_loss":0.0,"damage_taken":0.0,"cards_upgraded":["Defend_G","Defend_G","Defend_G","Defend_G","Defend_G","Strike_G","Strike_G","Strike_G","Strike_G","Strike_G"]},{"damage_healed":0,"gold_gain":0,"player_choice":"Copied","damage_taken":0,"max_hp_gain":0,"max_hp_loss":0,"event_name":"Duplicator","floor":36,"gold_loss":0,"cards_obtained":["Deadly Poison"]}],"is_beta":false,"boss_relics":[{"not_picked":["Coffee Dripper","Velvet Choker"],"picked":"Busted Crown"},{"not_picked":["Empty Cage","Philosopher\u0027s Stone"],"picked":"Pandora\u0027s Box"}],"items_purged_floors":[],"is_endless":false,"potions_floor_spawned":[2,3,8,13,14,16,18,19,23,30,33,38,42,46,48],"ascension_level":0}