{"path_per_floor":["M","M","M","M","?","E","?","M","T","M","M","M","R","M","R","B",null,"M","M","?"],"character_chosen":"DEFECT","items_purchased":[],"gold_per_floor":[112,131,149,161,161,196,196,216,216,234,247,260,260,284,284,413,413,427,427,427,427],"floor_reached":21,"campfire_rested":2,"playtime":1902,"item_purchase_floors":[],"current_hp_per_floor":[74,74,74,69,74,60,60,56,56,38,40,42,66,60,81,47,81,64,57,41,0],"items_purged":[],"gold":427,"score":187,"play_id":"503e2b98-062f-4d83-ae49-9dce8b5de0d6","local_time":"20180608182533","is_prod":false,"is_daily":false,"chose_seed":false,"is_ascension_mode":false,"campfire_upgraded":0,"win_rate":0.0,"timestamp":1528496733,"campfire_choices":[{"floor":13,"key":"REST"},{"floor":15,"key":"REST"}],"path_taken":["M","M","M","M","?","E","?","M","T","M","M","?","R","M","R","BOSS","M","M","?","M"],"build_version":"2018-06-07v3","seed_source_timestamp":504201355738367,"purchased_purges":0,"victory":false,"master_deck":["Strike_B","Strike_B","Strike_B","Strike_B","Defend_B","Defend_B","Defend_B","Defend_B","Zap","Dualcast+1","FTL","Cold Snap","Self Repair","FTL","Tempest","Auto Shields","Chaos","Compile Driver+1","Beam Cell+1","Doom and Gloom+1","Reboot","Sweeping Beam+1","Gash+1"],"max_hp_per_floor":[75,75,75,75,80,87,81,81,81,81,81,81,81,81,81,81,81,81,81,81,81],"relics":["Cracked Core","Strawberry","Golden Idol","Molten Egg 2","Runic Pyramid","Nilry\u0027s Codex"],"card_choices":[{"not_picked":["Beam Cell","Stack"],"picked":"FTL","floor":1},{"not_picked":["Hologram","Blizzard"],"picked":"Cold Snap","floor":2},{"not_picked":["Compile Driver","Conserve Battery"],"picked":"Self Repair","floor":3},{"not_picked":["Rebound","Go for the Eyes"],"picked":"FTL","floor":4},{"not_picked":["Chill","Stack"],"picked":"Tempest","floor":6},{"not_picked":["Cold Snap","Echo Form"],"picked":"Auto Shields","floor":8},{"not_picked":["Steam Power","Stack"],"picked":"Chaos","floor":10},{"not_picked":["Redo","Static Discharge"],"picked":"Compile Driver+1","floor":11},{"not_picked":["Steam","Ball Lightning+1"],"picked":"Beam Cell+1","floor":12},{"not_picked":["Force Field","Streamline+1"],"picked":"Doom and Gloom+1","floor":14},{"not_picked":["Thunder Strike+1","Machine Learning"],"picked":"Reboot","floor":16},{"not_picked":["Heatsinks+1","Aggregate"],"picked":"Sweeping Beam+1","floor":18},{"not_picked":["Streamline+1","Go for the Eyes+1"],"picked":"Gash+1","floor":19}],"player_experience":23586,"potions_floor_usage":[6,6,16,21,21],"damage_taken":[{"damage":1,"enemies":"Jaw Worm","floor":1,"turns":2},{"damage":0,"enemies":"2 Louse","floor":2,"turns":2},{"damage":0,"enemies":"Small Slimes","floor":3,"turns":2},{"damage":12,"enemies":"3 Louse","floor":4,"turns":3},{"damage":28,"enemies":"3 Sentries","floor":6,"turns":9},{"damage":11,"enemies":"Large Slime","floor":8,"turns":4},{"damage":25,"enemies":"Lots of Slimes","floor":10,"turns":3},{"damage":5,"enemies":"2 Fungi Beasts","floor":11,"turns":3},{"damage":5,"enemies":"Looter","floor":12,"turns":3},{"damage":13,"enemies":"Exordium Thugs","floor":14,"turns":3},{"damage":41,"enemies":"Slime Boss","floor":16,"turns":8},{"damage":24,"enemies":"2 Thieves","floor":18,"turns":4},{"damage":14,"enemies":"Chosen","floor":19,"turns":4},{"damage":47,"enemies":"Snake Plant","floor":21,"turns":4}],"relics_obtained":[{"floor":6,"key":"Strawberry"},{"floor":9,"key":"Molten Egg 2"},{"floor":20,"key":"Nilry\u0027s Codex"}],"event_choices":[{"event_name":"Big Fish","player_choice":"Donut","floor":5,"damage_taken":0},{"event_name":"Golden Idol","player_choice":"Lose Max HP","floor":7,"damage_taken":0},{"event_name":"Cursed Tome","player_choice":"Obtained Book","floor":20,"damage_taken":0}],"boss_relics":[{"not_picked":["Calling Bell","Eternal Feather"],"picked":"Runic Pyramid"}],"items_purged_floors":[],"potions_floor_spawned":[2,3,6,14,16],"seed_played":"5537049076652894185","killed_by":"Snake Plant","ascension_level":0,"potions_obtained":[{"floor":2,"key":"SkillPotion"},{"floor":3,"key":"Poison Potion"},{"floor":6,"key":"SpeedPotion"},{"floor":14,"key":"GamblersBrew"},{"floor":16,"key":"PowerPotion"}],"is_trial":false}