{"gold_per_floor":[110,285,285,306,326,326,370,370,370,370,443,443,462,481,481,612,612,636,654,677,64,87,87,87,87,87,87,87,102,127,150,150,270,270,284,297,315,339,464,495,495,559,559,575,598,72,72,23,23,23,23,23,23,56,56],"floor_reached":55,"playtime":3109,"items_purged":["Parasite"],"score":871,"play_id":"aff762f1-e098-40ea-ae80-717e35305558","local_time":"20181117044459","is_ascension_mode":true,"campfire_choices":[{"data":"Armaments","floor":6,"key":"SMITH"},{"floor":8,"key":"REST"},{"floor":12,"key":"REST"},{"floor":15,"key":"REST"},{"floor":23,"key":"REST"},{"floor":25,"key":"REST"},{"floor":32,"key":"REST"},{"floor":41,"key":"REST"},{"floor":47,"key":"REST"},{"floor":49,"key":"RECALL"},{"floor":52,"key":"REST"}],"neow_cost":"NONE","seed_source_timestamp":194386524216115,"circlet_count":0,"master_deck":["Strike_R","Strike_R","Strike_R","Strike_R","Defend_R","Defend_R","Defend_R+1","Defend_R","Bash+1","Clothesline","Armaments+1","Shockwave","Flame Barrier","True Grit","Dropkick","Offering","Body Slam","Infernal Blade+1","Shrug It Off","Flame Barrier","Flame Barrier","Necronomicurse","Reaper","Ghostly Armor+1","Impervious","Infernal Blade","Metallicize+1","Seeing Red+1","Spot Weakness+1","Sentinel+1","Heavy Blade","Iron Wave+1"],"relics":["Burning Blood","Golden Idol","Paper Frog","Dream Catcher","Empty Cage","Letter Opener","ClockworkSouvenir","MutagenicStrength","Matryoshka","Necronomicon","Fusion Hammer","Ginger","Juzu Bracelet","Tiny Chest","Toolbox","Kunai","The Courier"],"potions_floor_usage":[16,19,22,33,40,42,42,50,55],"damage_taken":[{"damage":0,"enemies":"Small Slimes","floor":1,"turns":3},{"damage":11,"enemies":"2 Louse","floor":4,"turns":3},{"damage":4,"enemies":"Jaw Worm","floor":5,"turns":4},{"damage":54,"enemies":"Lagavulin","floor":7,"turns":14},{"damage":11,"enemies":"Red Slaver","floor":13,"turns":5},{"damage":13,"enemies":"2 Fungi Beasts","floor":14,"turns":4},{"damage":25,"enemies":"Hexaghost","floor":16,"turns":12},{"damage":15,"enemies":"Chosen","floor":18,"turns":4},{"damage":28,"enemies":"2 Thieves","floor":19,"turns":4},{"damage":34,"enemies":"Snake Plant","floor":20,"turns":5},{"damage":6,"enemies":"Snecko","floor":22,"turns":5},{"damage":7,"enemies":"3 Cultists","floor":29,"turns":6},{"damage":18,"enemies":"Shelled Parasite and Fungi","floor":30,"turns":4},{"damage":10,"enemies":"Centurion and Healer","floor":31,"turns":6},{"damage":74,"enemies":"Automaton","floor":33,"turns":11},{"damage":0,"enemies":"Orb Walker","floor":35,"turns":3},{"damage":3,"enemies":"3 Shapes","floor":36,"turns":7},{"damage":32,"enemies":"Sphere and 2 Shapes","floor":37,"turns":10},{"damage":20,"enemies":"Writhing Mass","floor":38,"turns":6},{"damage":11,"enemies":"Mind Bloom Boss Battle","floor":39,"turns":6},{"damage":46,"enemies":"Giant Head","floor":40,"turns":8},{"damage":72,"enemies":"Reptomancer","floor":42,"turns":8},{"damage":18,"enemies":"Transient","floor":44,"turns":5},{"damage":15,"enemies":"3 Darklings","floor":45,"turns":3},{"damage":43,"enemies":"Awakened One","floor":50,"turns":17},{"damage":117,"enemies":"Shield and Spear","floor":54,"turns":9},{"damage":42,"enemies":"The Heart","floor":55,"turns":2}],"seed_played":"6456824008910326758","potions_obtained":[{"floor":7,"key":"Fire Potion"},{"floor":13,"key":"Strength Potion"},{"floor":18,"key":"Fire Potion"},{"floor":20,"key":"Weak Potion"},{"floor":31,"key":"Weak Potion"},{"floor":36,"key":"Strength Potion"},{"floor":38,"key":"FairyPotion"},{"floor":40,"key":"LiquidBronze"},{"floor":45,"key":"LiquidBronze"},{"floor":54,"key":"SteroidPotion"}],"is_trial":false,"path_per_floor":["M","?","?","M","M","R","E","R","T","?","?","R","M","M","R","B",null,"M","M","M","$","M","R","?","R","T","?","?","M","M","M","R","B",null,"M","M","M","M","?","E","R","E","T","M","M","$","R","$","R","B",null,"R","$","E","B"],"character_chosen":"IRONCLAD","items_purchased":["Letter Opener","Shrug It Off","Fruit Juice","ClockworkSouvenir","Toolbox","Kunai","AttackPotion"],"campfire_rested":9,"item_purchase_floors":[21,21,21,21,46,46,48],"current_hp_per_floor":[80,80,60,55,57,57,9,33,33,17,17,41,36,29,53,34,80,71,49,21,21,26,51,51,76,76,60,44,43,34,30,57,22,90,90,90,78,87,90,50,77,48,48,64,55,55,81,81,81,84,87,87,87,16,0],"gold":56,"neow_bonus":"THREE_CARDS","is_prod":false,"is_daily":false,"chose_seed":false,"campfire_upgraded":1,"win_rate":0,"timestamp":1542447899,"path_taken":["M","?","?","M","M","R","E","R","T","?","?","R","M","?","R","BOSS","M","M","M","$","M","R","?","R","T","?","?","M","?","M","R","BOSS","M","?","M","M","?","E","R","E","T","M","M","$","R","?","R","BOSS","R","$","E","BOSS"],"build_version":"2018-11-15","purchased_purges":1,"victory":false,"max_hp_per_floor":[80,80,80,80,80,80,80,80,80,80,80,80,80,80,80,80,80,80,80,80,80,85,85,85,85,85,85,90,90,90,90,90,90,90,90,90,90,90,90,90,90,90,90,90,90,87,87,87,87,87,87,87,87,87,87],"card_choices":[{"not_picked":["Rupture","Sever Soul"],"picked":"Clothesline","floor":0},{"not_picked":["Havoc","Entrench"],"picked":"Armaments","floor":1},{"not_picked":["Twin Strike","Wild Strike","Clash"],"picked":"SKIP","floor":4},{"not_picked":["Uppercut","Sword Boomerang"],"picked":"Shockwave","floor":5},{"not_picked":["Flex","Headbutt","Searing Blow"],"picked":"SKIP","floor":7},{"not_picked":["Twin Strike","Inflame"],"picked":"Flame Barrier","floor":12},{"not_picked":["Limit Break","Second Wind"],"picked":"True Grit","floor":13},{"not_picked":["Perfected Strike","Clash","Clothesline"],"picked":"SKIP","floor":14},{"not_picked":["Perfected Strike","Anger"],"picked":"Dropkick","floor":15},{"not_picked":["Exhume","Limit Break"],"picked":"Offering","floor":16},{"not_picked":["Intimidate","Headbutt"],"picked":"Body Slam","floor":18},{"not_picked":["Headbutt","True Grit"],"picked":"Infernal Blade+1","floor":19},{"not_picked":["Armaments","Body Slam","True Grit+1"],"picked":"SKIP","floor":20},{"not_picked":["Pummel","Thunderclap","Infernal Blade"],"picked":"SKIP","floor":22},{"not_picked":["Sword Boomerang","Carnage+1"],"picked":"Flame Barrier","floor":23},{"not_picked":["Shrug It Off","Inflame+1"],"picked":"Flame Barrier","floor":25},{"not_picked":["Armaments","Clash"],"picked":"Reaper","floor":29},{"not_picked":["Burning Pact","Clothesline+1","Havoc"],"picked":"SKIP","floor":30},{"not_picked":["Body Slam","Heavy Blade+1"],"picked":"Ghostly Armor+1","floor":31},{"not_picked":["Juggernaut","Brutality"],"picked":"Impervious","floor":33},{"not_picked":["Blood for Blood","Combust"],"picked":"Infernal Blade","floor":35},{"not_picked":["Wild Strike+1","Headbutt"],"picked":"Metallicize+1","floor":36},{"not_picked":["Thunderclap","Armaments"],"picked":"Seeing Red+1","floor":37},{"not_picked":["Rupture","Thunderclap"],"picked":"Spot Weakness+1","floor":38},{"not_picked":["Clothesline+1","Pommel Strike","Shockwave"],"picked":"SKIP","floor":40},{"not_picked":["Dropkick+1","Power Through+1","Pommel Strike+1"],"picked":"SKIP","floor":42},{"not_picked":["Feel No Pain","Evolve+1"],"picked":"Sentinel+1","floor":44},{"not_picked":["Hemokinesis+1","Body Slam","Reckless Charge+1"],"picked":"SKIP","floor":45},{"not_picked":["Double Tap","Armaments"],"picked":"Heavy Blade","floor":47},{"not_picked":["Flex","Feel No Pain+1"],"picked":"Iron Wave+1","floor":54}],"player_experience":475859,"relics_obtained":[{"floor":7,"key":"Paper Frog"},{"floor":9,"key":"Dream Catcher"},{"floor":26,"key":"Matryoshka"},{"floor":27,"key":"Necronomicon"},{"floor":39,"key":"Ginger"},{"floor":40,"key":"Juzu Bracelet"},{"floor":42,"key":"Tiny Chest"},{"floor":54,"key":"The Courier"}],"event_choices":[{"damage_healed":0,"gold_gain":175,"player_choice":"AGREE","damage_taken":0,"max_hp_gain":0,"max_hp_loss":0,"event_name":"Liars Game","floor":2,"gold_loss":0,"cards_obtained":["Doubt"]},{"damage_healed":0,"gold_gain":0,"player_choice":"Take Damage","damage_taken":20,"relics_obtained":["Golden Idol"],"max_hp_gain":0,"max_hp_loss":0,"event_name":"Golden Idol","floor":3,"gold_loss":0},{"damage_healed":0,"gold_gain":0,"player_choice":"Entered Light","damage_taken":16,"max_hp_gain":0,"max_hp_loss":0,"event_name":"Shining Light","floor":10,"gold_loss":0,"cards_upgraded":["Bash","Defend_R"]},{"damage_healed":0,"gold_gain":73,"player_choice":"Gained Gold","damage_taken":0,"max_hp_gain":0,"max_hp_loss":0,"event_name":"Golden Wing","floor":11,"gold_loss":0},{"damage_healed":0,"gold_gain":0,"player_choice":"Inject Mutagens","damage_taken":0,"relics_obtained":["MutagenicStrength"],"max_hp_gain":0,"max_hp_loss":0,"event_name":"Drug Dealer","floor":24,"gold_loss":0},{"damage_healed":0,"gold_gain":0,"player_choice":"Obtained Book","damage_taken":16,"max_hp_gain":0,"max_hp_loss":0,"event_name":"Cursed Tome","floor":27,"gold_loss":0},{"damage_healed":0,"gold_gain":0,"player_choice":"Shed Blood","damage_taken":21,"max_hp_gain":5,"max_hp_loss":0,"event_name":"Forgotten Altar","floor":28,"gold_loss":0},{"damage_healed":0,"gold_gain":0,"player_choice":"Fight","damage_taken":0,"max_hp_gain":0,"max_hp_loss":0,"event_name":"MindBloom","floor":39,"gold_loss":0}],"is_beta":true,"boss_relics":[{"not_picked":["Sozu","Runic Dome"],"picked":"Empty Cage"},{"not_picked":["Black Blood","Mark of Pain"],"picked":"Fusion Hammer"}],"items_purged_floors":[46],"is_endless":false,"potions_floor_spawned":[7,13,18,20,31,36,38,40,45,54],"killed_by":"The Heart","ascension_level":3}