{"gold_per_floor":[15,15,15,15,29,29,48,61,61,73,103,115,142,177,189,290,302,332,344,372,408,434,446,476,504,516,528,540,552],"floor_reached":29,"playtime":1701,"items_purged":[],"score":401,"play_id":"3ce80d5e-ae29-4ccb-8364-fa63332cf8f0","local_time":"20190116052620","is_ascension_mode":true,"campfire_choices":[{"data":"Jack Of All Trades","floor":6.0,"key":"SMITH"},{"data":"Entrench","floor":10.0,"key":"SMITH"},{"data":"Shockwave","floor":15.0,"key":"SMITH"},{"data":"Feel No Pain","floor":23.0,"key":"SMITH"}],"neow_cost":"NO_GOLD","seed_source_timestamp":467193740753780,"circlet_count":0,"master_deck":["AscendersBane","Defend_R","Defend_R","Defend_R","Defend_R","Bash","Jack Of All Trades+1","Shrug It Off","Heavy Blade","Entrench+1","Intimidate","Metallicize+1","Shockwave+1","Feel No Pain+1","Berserk","Pommel Strike+1","True Grit","Shrug It Off","Warcry","Inflame","Juggernaut","Bite","Bite","Bite","Bite","Bite"],"special_seed":0,"relics":["Burning Blood","Golden Idol","Pear","MawBank","Snecko Eye","Darkstone Periapt","Sundial"],"potions_floor_usage":[25,25],"damage_taken":[{"damage":7.0,"enemies":"Jaw Worm","floor":1.0,"turns":5.0},{"damage":1.0,"enemies":"Small Slimes","floor":5.0,"turns":4.0},{"damage":1.0,"enemies":"Cultist","floor":7.0,"turns":3.0},{"damage":18.0,"enemies":"Large Slime","floor":8.0,"turns":13.0},{"damage":10.0,"enemies":"Red Slaver","floor":11.0,"turns":4.0},{"damage":9.0,"enemies":"Looter","floor":13.0,"turns":4.0},{"damage":5.0,"enemies":"Blue Slaver","floor":14.0,"turns":5.0},{"damage":39.0,"enemies":"Slime Boss","floor":16.0,"turns":12.0},{"damage":3.0,"enemies":"Shell Parasite","floor":18.0,"turns":8.0},{"damage":14.0,"enemies":"2 Thieves","floor":20.0,"turns":4.0},{"damage":35.0,"enemies":"Snake Plant","floor":21.0,"turns":7.0},{"damage":7.0,"enemies":"Centurion and Healer","floor":22.0,"turns":8.0},{"damage":19,"enemies":"Shelled Parasite and Fungi","floor":24,"turns":9},{"damage":23,"enemies":"3 Cultists","floor":25,"turns":6},{"damage":21,"enemies":"Cultist and Chosen","floor":29,"turns":5}],"seed_played":"2606637811959700492","potions_obtained":[{"floor":8.0,"key":"FearPotion"},{"floor":13.0,"key":"Regen Potion"},{"floor":22.0,"key":"AttackPotion"},{"floor":24,"key":"Block Potion"}],"is_trial":false,"path_per_floor":["M","?","?","?","M","R","M","M","T","R","M","?","M","M","R","B",null,"M","T","M","M","M","R","M","M","T","?","?","M"],"character_chosen":"IRONCLAD","items_purchased":[],"campfire_rested":0,"item_purchase_floors":[],"current_hp_per_floor":[67,49,49,59,64,64,69,57,57,57,53,53,50,51,51,18,68,85,85,77,48,47,47,34,17,17,17,17,0],"gold":552,"neow_bonus":"RANDOM_COLORLESS_2","is_prod":false,"is_daily":false,"chose_seed":false,"campfire_upgraded":4,"win_rate":0,"timestamp":1547634380,"path_taken":["M","?","?","?","M","R","M","?","T","R","M","?","M","M","R","BOSS","M","?","M","M","?","R","M","M","T","?","?","M"],"build_version":"2019-01-14v2","purchased_purges":0,"victory":false,"max_hp_per_floor":[75,75,75,85,85,85,85,85,85,85,85,85,85,85,85,85,85,85,85,85,85,85,85,85,85,85,59,59,59],"card_choices":[{"not_picked":["Anger","Pommel Strike"],"picked":"Shrug It Off","floor":1.0},{"not_picked":["Iron Wave","Havoc"],"picked":"Heavy Blade","floor":5.0},{"not_picked":["Searing Blow","Perfected Strike"],"picked":"Entrench","floor":7.0},{"not_picked":["Pommel Strike","Flex"],"picked":"Intimidate","floor":8.0},{"not_picked":["Offering","Rampage"],"picked":"Metallicize","floor":11.0},{"not_picked":["Clothesline","Warcry"],"picked":"Shockwave","floor":13.0},{"not_picked":["Flex","Burning Pact"],"picked":"Feel No Pain","floor":14.0},{"not_picked":["Double Tap","Brutality"],"picked":"Berserk","floor":16.0},{"not_picked":["Havoc","Headbutt+1"],"picked":"Pommel Strike+1","floor":18.0},{"not_picked":["Headbutt","Thunderclap"],"picked":"True Grit","floor":20.0},{"not_picked":["Sword Boomerang","Anger"],"picked":"Shrug It Off","floor":21.0},{"not_picked":["Clash","Clothesline"],"picked":"Warcry","floor":22.0},{"not_picked":["Shrug It Off","Sword Boomerang"],"picked":"Inflame","floor":24},{"not_picked":["Havoc","Clash"],"picked":"Juggernaut","floor":25}],"player_experience":823543,"relics_obtained":[{"floor":9.0,"key":"MawBank"},{"floor":19.0,"key":"Darkstone Periapt"},{"floor":26,"key":"Sundial"}],"event_choices":[{"damage_healed":0.0,"max_hp_gain":0.0,"max_hp_loss":0.0,"gold_gain":0.0,"event_name":"Golden Idol","player_choice":"Take Damage","floor":2.0,"gold_loss":0.0,"damage_taken":18.0,"relics_obtained":["Golden Idol"]},{"damage_healed":0.0,"max_hp_gain":0.0,"max_hp_loss":0.0,"gold_gain":0.0,"event_name":"The Cleric","player_choice":"Leave","floor":3.0,"gold_loss":0.0,"damage_taken":0.0},{"cards_removed":["Dramatic Entrance"],"damage_healed":0.0,"max_hp_gain":0.0,"max_hp_loss":0.0,"gold_gain":0.0,"event_name":"WeMeetAgain","player_choice":"Gave Card","floor":4.0,"gold_loss":0.0,"damage_taken":0.0,"relics_obtained":["Pear"]},{"damage_healed":0.0,"max_hp_gain":0.0,"max_hp_loss":0.0,"gold_gain":0.0,"event_name":"Upgrade Shrine","player_choice":"Upgraded","floor":12.0,"gold_loss":0.0,"damage_taken":0.0,"cards_upgraded":["Metallicize"]},{"damage_healed":0,"gold_gain":0,"player_choice":"Became a vampire","damage_taken":0,"max_hp_gain":0,"max_hp_loss":26,"event_name":"Vampires","floor":27,"gold_loss":0,"cards_obtained":["Bite","Bite","Bite","Bite","Bite"]},{"damage_healed":0,"gold_gain":0,"player_choice":"Ignored","damage_taken":0,"max_hp_gain":0,"max_hp_loss":0,"event_name":"Beggar","floor":28,"gold_loss":0}],"is_beta":true,"boss_relics":[{"not_picked":["Mark of Pain","Empty Cage"],"picked":"Snecko Eye"}],"items_purged_floors":[],"is_endless":false,"potions_floor_spawned":[8,13,14,22,24],"killed_by":"Cultist and Chosen","ascension_level":14}