{"gold_per_floor":[110,110,63,63,76,104,104,124,124,124,156,156,176,26,26,26],"floor_reached":16,"playtime":994,"items_purged":[],"score":108,"play_id":"14e7337e-5bfb-4455-aaf1-5e356fb95056","local_time":"20190207201310","is_ascension_mode":false,"campfire_choices":[{"floor":7,"key":"REST"},{"data":"Flex","floor":10,"key":"SMITH"},{"data":"Rampage","floor":15,"key":"SMITH"}],"neow_cost":"TEN_PERCENT_HP_LOSS","seed_source_timestamp":311685237260,"circlet_count":0,"master_deck":["Strike_R","Strike_R","Strike_R","Strike_R","Defend_R+1","Defend_R","Defend_R","Bash","Infernal Blade+1","Power Through","Body Slam","Flex+1","Intimidate","Rampage+1","Intimidate"],"relics":["Burning Blood","Meat on the Bone","Shuriken","Happy Flower","Juzu Bracelet"],"potions_floor_usage":[11,13,13,16,16],"damage_taken":[{"damage":0,"enemies":"Small Slimes","floor":1,"turns":2},{"damage":5,"enemies":"2 Louse","floor":5,"turns":2},{"damage":44,"enemies":"3 Sentries","floor":6,"turns":10},{"damage":0,"enemies":"Cultist","floor":8,"turns":3},{"damage":26,"enemies":"Gremlin Nob","floor":11,"turns":4},{"damage":4,"enemies":"Gremlin Gang","floor":13,"turns":6},{"damage":51,"enemies":"The Guardian","floor":16,"turns":7}],"seed_played":"-5381799086827550720","potions_obtained":[{"floor":5,"key":"Dexterity Potion"},{"floor":6,"key":"SpeedPotion"},{"floor":12,"key":"Fruit Juice"},{"floor":12,"key":"Fire Potion"},{"floor":13,"key":"SteroidPotion"}],"is_trial":false,"path_per_floor":["M","?","$","?","M","E","R","M","T","R","E","?","M","$","R","B"],"character_chosen":"IRONCLAD","items_purchased":["Flex","Juzu Bracelet"],"campfire_rested":1,"item_purchase_floors":[3,14],"current_hp_per_floor":[72,58,58,58,59,21,42,48,48,48,40,40,47,47,47,0],"gold":26,"neow_bonus":"TRANSFORM_TWO_CARDS","is_prod":false,"is_daily":false,"chose_seed":false,"campfire_upgraded":2,"win_rate":0,"timestamp":1549588390,"path_taken":["M","?","$","?","M","E","R","M","T","R","E","?","?","$","R","BOSS"],"build_version":"2019-01-23","purchased_purges":0,"victory":false,"max_hp_per_floor":[72,72,72,72,72,72,72,72,72,72,72,72,77,77,77,77],"card_choices":[{"not_picked":["Shrug It Off","Bloodletting"],"picked":"Body Slam","floor":1},{"not_picked":["Warcry","Body Slam","Offering"],"picked":"SKIP","floor":5},{"not_picked":["Metallicize","Armaments"],"picked":"Intimidate","floor":6},{"not_picked":["Havoc","Power Through"],"picked":"Rampage","floor":8},{"not_picked":["Dark Embrace","Rupture","Armaments"],"picked":"SKIP","floor":11},{"not_picked":["Corruption","Reckless Charge"],"picked":"Intimidate","floor":13}],"player_experience":185324,"relics_obtained":[{"floor":6,"key":"Meat on the Bone"},{"floor":9,"key":"Shuriken"},{"floor":11,"key":"Happy Flower"}],"event_choices":[{"damage_healed":0,"gold_gain":0,"player_choice":"Entered Light","damage_taken":14,"max_hp_gain":0,"max_hp_loss":0,"event_name":"Shining Light","floor":2,"gold_loss":0,"cards_upgraded":["Infernal Blade","Defend_R"]},{"damage_healed":0,"gold_gain":0,"player_choice":"Leave","damage_taken":0,"max_hp_gain":0,"max_hp_loss":0,"event_name":"The Cleric","floor":4,"gold_loss":0},{"damage_healed":0,"gold_gain":0,"player_choice":"Got Potions","damage_taken":0,"max_hp_gain":0,"max_hp_loss":0,"event_name":"Lab","floor":12,"gold_loss":0}],"is_beta":false,"boss_relics":[],"items_purged_floors":[],"is_endless":false,"potions_floor_spawned":[5,6,13],"killed_by":"The Guardian","ascension_level":0}