{"gold_per_floor":[117,131,131,144,319,319,346,346,397,29,55,68,84,107,107,210,210,220,220,239,239,239],"floor_reached":22,"playtime":1263,"items_purged":["Regret"],"score":194,"play_id":"fe9b1d10-22d4-409b-9514-65f40b081397","local_time":"20190725202954","is_ascension_mode":false,"campfire_choices":[{"data":"Entrench","floor":6,"key":"SMITH"},{"data":"Body Slam","floor":8,"key":"SMITH"},{"data":"Clothesline","floor":15,"key":"SMITH"}],"neow_cost":"NONE","seed_source_timestamp":3101976638102000,"circlet_count":0,"master_deck":["Bash","Entrench+1","Rampage","Metallicize","Spot Weakness","Doubt","Body Slam+1","Metallicize","Ghostly Armor","Shrug It Off","Armaments","Clothesline+1","Bludgeon","Impervious","Carnage","Bloodletting","Inflame","Dropkick","Demon Form","Demon Form","Double Tap","Shrug It Off+1","J.A.X.","Ghostly Armor","Deep Breath","Trip","Discovery","Panacea"],"relics":["Burning Blood","Anchor","Vajra","Bag of Marbles","Mummified Hand","Omamori","Odd Mushroom","Pandora\u0027s Box"],"potions_floor_usage":[7,7,14,22],"damage_taken":[{"damage":0,"enemies":"2 Louse","floor":1,"turns":3},{"damage":0,"enemies":"Small Slimes","floor":2,"turns":3},{"damage":11,"enemies":"Jaw Worm","floor":4,"turns":5},{"damage":36,"enemies":"Lagavulin","floor":7,"turns":8},{"damage":13,"enemies":"Gremlin Nob","floor":11,"turns":4},{"damage":0,"enemies":"Looter","floor":12,"turns":4},{"damage":0,"enemies":"Blue Slaver","floor":13,"turns":2},{"damage":0,"enemies":"The Mushroom Lair","floor":14,"turns":5},{"damage":28,"enemies":"Slime Boss","floor":16,"turns":16},{"damage":17,"enemies":"Spheric Guardian","floor":18,"turns":4},{"damage":0,"enemies":"Chosen","floor":20,"turns":2},{"damage":30,"enemies":"3 Cultists","floor":22,"turns":5}],"seed_played":"-1589568941422165763","potions_obtained":[{"floor":1,"key":"SkillPotion"},{"floor":2,"key":"FearPotion"},{"floor":13,"key":"Dexterity Potion"},{"floor":14,"key":"Fruit Juice"}],"is_trial":false,"path_per_floor":["M","M","?","M","?","R","E","R","T","$","E","M","M","?","R","B",null,"M","?","M","?","M"],"character_chosen":"IRONCLAD","items_purchased":["Mummified Hand","Metallicize"],"campfire_rested":0,"item_purchase_floors":[10,10],"current_hp_per_floor":[80,80,80,75,75,75,45,45,45,45,38,44,50,61,61,39,85,74,74,80,24,0],"gold":239,"neow_bonus":"TRANSFORM_CARD","is_prod":false,"is_daily":false,"chose_seed":false,"campfire_upgraded":3,"win_rate":0.0,"timestamp":1564111794,"path_taken":["M","M","?","M","?","R","E","R","T","$","E","M","M","?","R","BOSS","M","?","M","?","M"],"build_version":"2019-07-17","purchased_purges":1,"victory":false,"max_hp_per_floor":[80,80,80,80,80,80,80,80,80,80,80,80,80,85,85,85,85,85,85,85,85,85],"card_choices":[{"not_picked":["Battle Trance","Perfected Strike"],"picked":"Rampage","floor":1},{"not_picked":["Cleave","Anger"],"picked":"Metallicize","floor":2},{"not_picked":["Power Through","Carnage"],"picked":"Spot Weakness","floor":4},{"not_picked":["Heavy Blade","Twin Strike"],"picked":"Body Slam","floor":7},{"not_picked":["Feel No Pain","Anger"],"picked":"Ghostly Armor","floor":11},{"not_picked":["Bloodletting","Fire Breathing"],"picked":"Shrug It Off","floor":12},{"not_picked":["Perfected Strike","Warcry"],"picked":"Armaments","floor":13},{"not_picked":["Twin Strike","Whirlwind"],"picked":"Clothesline","floor":14},{"not_picked":["Impervious","Fiend Fire"],"picked":"Bludgeon","floor":16},{"not_picked":["Warcry","Clash"],"picked":"Shrug It Off+1","floor":18},{"not_picked":["Bloodletting+1","Whirlwind+1"],"picked":"Ghostly Armor","floor":20}],"player_experience":81344,"relics_obtained":[{"floor":7,"key":"Vajra"},{"floor":9,"key":"Bag of Marbles"},{"floor":11,"key":"Omamori"},{"floor":14,"key":"Odd Mushroom"}],"event_choices":[{"damage_healed":0,"gold_gain":0,"player_choice":"Box","damage_taken":0,"relics_obtained":["Anchor"],"max_hp_gain":0,"max_hp_loss":0,"event_name":"Big Fish","floor":3,"gold_loss":0,"cards_obtained":["Regret"]},{"damage_healed":0,"gold_gain":175,"player_choice":"AGREE","damage_taken":0,"max_hp_gain":0,"max_hp_loss":0,"event_name":"Liars Game","floor":5,"gold_loss":0,"cards_obtained":["Doubt"]},{"damage_healed":0,"gold_gain":0,"player_choice":"Fought Mushrooms","damage_taken":0,"max_hp_gain":0,"max_hp_loss":0,"event_name":"Mushrooms","floor":14,"gold_loss":0},{"damage_healed":0,"gold_gain":0,"player_choice":"Obtain J.A.X.","damage_taken":0,"max_hp_gain":0,"max_hp_loss":0,"event_name":"Drug Dealer","floor":19,"gold_loss":0,"cards_obtained":["J.A.X."]},{"damage_healed":0,"gold_gain":0,"player_choice":"CARD CARD CARD CARD POTION POTION ","damage_taken":56,"max_hp_gain":0,"max_hp_loss":0,"event_name":"Knowing Skull","floor":21,"potions_obtained":["LiquidBronze","SpeedPotion"],"gold_loss":0,"cards_obtained":["Deep Breath","Trip","Discovery","Panacea"]}],"is_beta":false,"boss_relics":[{"not_picked":["Snecko Eye","White Beast Statue"],"picked":"Pandora\u0027s Box"}],"items_purged_floors":[10],"is_endless":false,"potions_floor_spawned":[1,2,13,14],"killed_by":"3 Cultists","ascension_level":0}