{"gold_per_floor":[116,79,97,97,109,109,123,133,133,133,133,133,151,163,163,237,237,254,254,273,287,287,287,306,337,337,337,351,351,364,383,383,459,459,478,491,546,558,558,558,584,475,475,59,59,94,94,109,109,109],"floor_reached":51,"playtime":2739,"items_purged":["Writhe"],"score":1399,"play_id":"ee9c2f38-8c8f-400a-8e65-96781c139f5a","local_time":"20190116082935","is_ascension_mode":true,"campfire_choices":[{"data":"Defragment","floor":6.0,"key":"SMITH"},{"data":"Loop","floor":10.0,"key":"SMITH"},{"floor":15.0,"key":"REST"},{"data":"Defragment","floor":23.0,"key":"SMITH"},{"data":"Heatsinks","floor":27.0,"key":"SMITH"},{"data":"Defragment","floor":32,"key":"SMITH"},{"floor":40,"key":"REST"},{"floor":45,"key":"REST"},{"data":"Chaos","floor":47,"key":"SMITH"},{"data":"Rainbow","floor":49,"key":"SMITH"}],"neow_cost":"NONE","seed_source_timestamp":477026619803380,"circlet_count":0,"master_deck":["AscendersBane","Defend_B","Defend_B","Defend_B","Defend_B","Zap","Heatsinks+1","Leap","Loop+1","Defragment+1","Cold Snap+1","Double Energy","Double Energy+1","Blizzard","Core Surge","Biased Cognition","Chaos+1","Seek+1","Rip and Tear+1","Coolheaded+1","Defragment+1","Coolheaded","Defragment+1","Chaos","Rainbow+1","Genetic Algorithm+1","Chaos+1","Coolheaded","Finesse","FTL","FTL","Capacitor","Conserve Battery","Madness","Stack+1","Stack+1"],"special_seed":0,"relics":["Cracked Core","Strawberry","Mummified Hand","Astrolabe","Calipers","Vajra","Bottled Tornado","Nuclear Battery","Thread and Needle","Centennial Puzzle","Darkstone Periapt","Runic Capacitor","PreservedInsect"],"potions_floor_usage":[41,50],"damage_taken":[{"damage":6.0,"enemies":"Small Slimes","floor":1.0,"turns":4.0},{"damage":0.0,"enemies":"2 Louse","floor":3.0,"turns":3.0},{"damage":0.0,"enemies":"Cultist","floor":5.0,"turns":4.0},{"damage":18.0,"enemies":"Looter","floor":7.0,"turns":4.0},{"damage":0.0,"enemies":"Large Slime","floor":8.0,"turns":4.0},{"damage":1.0,"enemies":"Blue Slaver","floor":13.0,"turns":3.0},{"damage":0.0,"enemies":"Red Slaver","floor":14.0,"turns":3.0},{"damage":24.0,"enemies":"Hexaghost","floor":16.0,"turns":11.0},{"damage":4.0,"enemies":"Shell Parasite","floor":18.0,"turns":4.0},{"damage":3.0,"enemies":"3 Byrds","floor":20.0,"turns":4.0},{"damage":9.0,"enemies":"Snake Plant","floor":21.0,"turns":5.0},{"damage":3.0,"enemies":"Centurion and Healer","floor":24.0,"turns":6.0},{"damage":18.0,"enemies":"Book of Stabbing","floor":25.0,"turns":6.0},{"damage":0.0,"enemies":"Shelled Parasite and Fungi","floor":28.0,"turns":5.0},{"damage":0,"enemies":"Snake Plant","floor":30,"turns":3},{"damage":2,"enemies":"Centurion and Healer","floor":31,"turns":3},{"damage":27,"enemies":"Champ","floor":33,"turns":10},{"damage":0,"enemies":"3 Darklings","floor":35,"turns":6},{"damage":5,"enemies":"Orb Walker","floor":36,"turns":3},{"damage":28,"enemies":"2 Orb Walkers","floor":37,"turns":5},{"damage":0,"enemies":"Spire Growth","floor":38,"turns":5},{"damage":40,"enemies":"Reptomancer","floor":41,"turns":5},{"damage":0,"enemies":"Giant Head","floor":46,"turns":9},{"damage":0,"enemies":"Transient","floor":48,"turns":5},{"damage":0,"enemies":"Donu and Deca","floor":50,"turns":9}],"seed_played":"-1197941737481805250","potions_obtained":[{"floor":7.0,"key":"SkillPotion"},{"floor":8.0,"key":"Fire Potion"},{"floor":14.0,"key":"Explosive Potion"},{"floor":16.0,"key":"GamblersBrew"},{"floor":21.0,"key":"GamblersBrew"},{"floor":24.0,"key":"Explosive Potion"},{"floor":30,"key":"SpeedPotion"},{"floor":36,"key":"PowerPotion"},{"floor":41,"key":"Swift Potion"}],"is_trial":false,"path_per_floor":["M","$","M","?","M","R","M","M","T","R","?","?","M","M","R","B",null,"M","?","M","M","?","R","M","E","T","R","M","?","M","M","R","B",null,"M","M","?","M","?","R","E","$","T","$","R","E","R","M","R","B",null],"character_chosen":"DEFECT","items_purchased":["Loop","FTL","Runic Capacitor","Capacitor","Conserve Battery","Madness"],"campfire_rested":3,"item_purchase_floors":[2,42,44,44,44,44],"current_hp_per_floor":[58,58,58,47,47,47,29,29,29,29,6,6,5,5,28,4,60,56,56,53,44,44,44,41,23,23,23,23,88,88,86,86,59,81,81,76,48,48,48,74,34,34,34,34,60,60,60,60,60,60],"gold":109,"neow_bonus":"TRANSFORM_CARD","is_prod":false,"is_daily":false,"chose_seed":false,"campfire_upgraded":7,"win_rate":0,"timestamp":1547645375,"path_taken":["M","$","M","?","M","R","M","M","T","R","?","?","?","M","R","BOSS","M","?","M","M","?","R","M","E","T","R","M","?","?","M","R","BOSS","M","M","?","M","?","R","E","$","T","$","R","E","R","M","R","BOSS"],"build_version":"2019-01-14v2","purchased_purges":1,"victory":true,"max_hp_per_floor":[71,71,71,78,78,78,78,78,78,78,78,78,78,78,78,78,78,78,78,78,78,78,78,78,78,78,78,78,88,88,88,88,88,88,88,88,88,88,88,88,88,88,88,88,88,88,88,88,88,88],"card_choices":[{"not_picked":["Barrage","Rebound"],"picked":"Leap","floor":1.0},{"not_picked":["Barrage","Hologram"],"picked":"Defragment","floor":3.0},{"not_picked":["Doom and Gloom","Ball Lightning"],"picked":"Cold Snap","floor":5.0},{"not_picked":["Rebound","Steam"],"picked":"Double Energy","floor":7.0},{"not_picked":["Barrage","Steam Power"],"picked":"Double Energy","floor":8.0},{"not_picked":["Beam Cell","Ball Lightning","Rebound"],"picked":"SKIP","floor":13.0},{"not_picked":["Sweeping Beam","Steam"],"picked":"Core Surge","floor":14.0},{"not_picked":["Meteor Strike","Fission"],"picked":"Biased Cognition","floor":16.0},{"not_picked":["Turbo","Compile Driver"],"picked":"Coolheaded+1","floor":18.0},{"not_picked":["Hello World","Turbo","Redo"],"picked":"SKIP","floor":20.0},{"not_picked":["Rebound","Steam Power","Turbo"],"picked":"SKIP","floor":21.0},{"not_picked":["Rip and Tear","Compile Driver"],"picked":"Fission","floor":24.0},{"not_picked":["Aggregate","Glacier"],"picked":"Coolheaded","floor":25.0},{"not_picked":["Genetic Algorithm","Blizzard"],"picked":"Defragment","floor":28.0},{"not_picked":["Self Repair","Steam"],"picked":"Chaos","floor":30},{"not_picked":["Compile Driver","Sweeping Beam","Barrage+1"],"picked":"SKIP","floor":31},{"not_picked":["Hyperbeam","Multi-Cast"],"picked":"Rainbow","floor":33},{"not_picked":["Turbo","Streamline"],"picked":"Genetic Algorithm+1","floor":35},{"not_picked":["Turbo","Go for the Eyes"],"picked":"Chaos","floor":36},{"not_picked":["Stack","Cold Snap"],"picked":"Coolheaded","floor":37},{"not_picked":["Compile Driver","Redo","Hologram"],"picked":"SKIP","floor":38},{"not_picked":["Secret Weapon","Swift Strike"],"picked":"Finesse","floor":39},{"not_picked":["Go for the Eyes","Gash"],"picked":"FTL","floor":41},{"not_picked":["Coolheaded","Barrage+1"],"picked":"Stack+1","floor":46},{"not_picked":["Hologram","Leap+1"],"picked":"Stack+1","floor":48}],"player_experience":830929,"relics_obtained":[{"floor":9.0,"key":"Mummified Hand"},{"floor":25.0,"key":"Vajra"},{"floor":26.0,"key":"Bottled Tornado"},{"floor":37,"key":"Thread and Needle"},{"floor":41,"key":"Centennial Puzzle"},{"floor":43,"key":"Darkstone Periapt"},{"floor":46,"key":"PreservedInsect"}],"event_choices":[{"damage_healed":0.0,"max_hp_gain":0.0,"max_hp_loss":0.0,"gold_gain":0.0,"event_name":"Scrap Ooze","player_choice":"Success","floor":4.0,"gold_loss":0.0,"damage_taken":18.0,"relics_obtained":["Strawberry"]},{"damage_healed":0.0,"max_hp_gain":0.0,"max_hp_loss":0.0,"gold_gain":0.0,"event_name":"Shining Light","player_choice":"Entered Light","floor":11.0,"gold_loss":0.0,"damage_taken":23.0,"cards_upgraded":["Cold Snap","Double Energy"]},{"damage_healed":0.0,"max_hp_gain":0.0,"max_hp_loss":0.0,"gold_gain":0.0,"cards_transformed":["Strike_B"],"event_name":"Transmorgrifier","player_choice":"Transformed","floor":12.0,"gold_loss":0.0,"damage_taken":0.0,"cards_obtained":["Blizzard"]},{"damage_healed":0.0,"max_hp_gain":0.0,"max_hp_loss":0.0,"gold_gain":0.0,"event_name":"The Mausoleum","player_choice":"Opened","floor":19.0,"gold_loss":0.0,"damage_taken":0.0,"relics_obtained":["Calipers"],"cards_obtained":["Writhe"]},{"damage_healed":0.0,"max_hp_gain":0.0,"max_hp_loss":0.0,"gold_gain":0.0,"event_name":"The Library","player_choice":"Read","floor":22.0,"gold_loss":0.0,"damage_taken":0.0,"cards_obtained":["Defragment"]},{"cards_removed":["Fission"],"damage_healed":55.0,"max_hp_gain":10.0,"max_hp_loss":0.0,"gold_gain":0.0,"event_name":"Bonfire Elementals","player_choice":"Offered Rare","floor":29.0,"gold_loss":0.0,"damage_taken":0.0},{"damage_healed":0,"gold_gain":0,"player_choice":"Fight","damage_taken":0,"max_hp_gain":0,"max_hp_loss":0,"event_name":"Mysterious Sphere","floor":37,"gold_loss":0},{"damage_healed":0,"gold_gain":0,"player_choice":"Memory 1","damage_taken":0,"max_hp_gain":0,"max_hp_loss":0,"event_name":"SensoryStone","floor":39,"gold_loss":0}],"is_beta":true,"boss_relics":[{"not_picked":["White Beast Statue","Black Star"],"picked":"Astrolabe"},{"not_picked":["Cursed Key","Snecko Eye"],"picked":"Nuclear Battery"}],"items_purged_floors":[42],"is_endless":false,"potions_floor_spawned":[7,8,14,16,21,24,30,36,38,41],"ascension_level":15}