{"gold_per_floor":[119,137,137,147,147,183,207,207,254,269,160,160,176,200,200,324,324,343,357,456,456,476,476,17,17,17,17,17,38,62,62],"floor_reached":31,"playtime":3684,"items_purged":["Strike_G","Strike_G"],"score":239,"play_id":"be03a734-a1ea-49cc-b85a-066292402aba","local_time":"20190703193134","is_ascension_mode":false,"campfire_choices":[{"data":"Noxious Fumes","floor":8,"key":"SMITH"},{"floor":15,"key":"REST"},{"floor":23,"key":"REST"},{"data":"After Image","floor":25,"key":"SMITH"},{"data":"Deadly Poison","floor":28,"key":"SMITH"}],"neow_cost":"NONE","seed_source_timestamp":969425017594178,"circlet_count":0,"master_deck":["Strike_G","Strike_G","Defend_G","Defend_G","Defend_G","Defend_G","Defend_G","Survivor","Neutralize","Backflip","Noxious Fumes+1","Poisoned Stab","Prepared","Predator","Footwork+1","Die Die Die","Outmaneuver+1","Deadly Poison+1","Poisoned Stab+1","After Image+1","Distraction","Dodge and Roll"],"relics":["Ring of the Snake","Golden Idol","Gremlin Horn","Bag of Preparation","Snecko Eye","TwistedFunnel","Kunai"],"potions_floor_usage":[19],"damage_taken":[{"damage":0,"enemies":"Jaw Worm","floor":1,"turns":5},{"damage":0,"enemies":"2 Louse","floor":2,"turns":3},{"damage":0,"enemies":"Cultist","floor":4,"turns":5},{"damage":16,"enemies":"Lagavulin","floor":6,"turns":9},{"damage":0,"enemies":"Blue Slaver","floor":7,"turns":5},{"damage":18,"enemies":"Exordium Thugs","floor":10,"turns":7},{"damage":9,"enemies":"Lots of Slimes","floor":13,"turns":4},{"damage":3,"enemies":"2 Fungi Beasts","floor":14,"turns":5},{"damage":10,"enemies":"Hexaghost","floor":16,"turns":10},{"damage":22,"enemies":"Chosen","floor":18,"turns":5},{"damage":11,"enemies":"Shell Parasite","floor":19,"turns":7},{"damage":16,"enemies":"Centurion and Healer","floor":22,"turns":5},{"damage":0,"enemies":"Snake Plant","floor":29,"turns":4},{"damage":39,"enemies":"Shelled Parasite and Fungi","floor":30,"turns":4},{"damage":13,"enemies":"Chosen and Byrds","floor":31,"turns":6}],"seed_played":"-6218943506957231929","potions_obtained":[{"floor":4,"key":"PowerPotion"},{"floor":6,"key":"Poison Potion"},{"floor":13,"key":"EssenceOfSteel"},{"floor":19,"key":"Poison Potion"}],"is_trial":false,"path_per_floor":["M","M","?","M","?","E","M","R","T","M","$","?","M","M","R","B",null,"M","M","?","?","M","R","$","R","T","$","R","M","M","M"],"character_chosen":"THE_SILENT","items_purchased":["Footwork","After Image","TwistedFunnel"],"campfire_rested":2,"item_purchase_floors":[11,24,24],"current_hp_per_floor":[77,77,70,70,51,35,35,35,35,17,17,17,8,5,28,18,77,55,44,44,44,28,51,51,51,51,51,51,51,12,0],"gold":62,"neow_bonus":"TEN_PERCENT_HP_BONUS","is_prod":false,"is_daily":false,"chose_seed":false,"campfire_upgraded":3,"win_rate":0.0,"timestamp":1562207494,"path_taken":["M","M","?","M","?","E","?","R","T","M","$","?","?","M","R","BOSS","M","M","?","?","?","R","$","R","T","?","R","M","M","M"],"build_version":"2019-07-01","purchased_purges":2,"victory":false,"max_hp_per_floor":[77,77,77,77,77,77,77,77,77,77,77,77,77,77,77,77,77,77,77,77,77,77,77,77,77,77,77,77,77,77,77],"card_choices":[{"not_picked":["PiercingWail","Finisher"],"picked":"Backflip","floor":1},{"not_picked":["Underhanded Strike","Slice"],"picked":"Noxious Fumes","floor":2},{"not_picked":["Deflect","Backflip"],"picked":"Poisoned Stab","floor":4},{"not_picked":["Flechettes","Masterful Stab"],"picked":"Prepared","floor":6},{"not_picked":["Dagger Spray","Tactician","Sucker Punch"],"picked":"SKIP","floor":7},{"not_picked":["Choke","Skewer"],"picked":"Predator","floor":10},{"not_picked":["Deadly Poison","Outmaneuver","Dagger Throw"],"picked":"SKIP","floor":13},{"not_picked":["Wraith Form v2","Underhanded Strike","Outmaneuver"],"picked":"SKIP","floor":14},{"not_picked":["Wraith Form v2","Night Terror"],"picked":"Die Die Die","floor":16},{"not_picked":["Masterful Stab","Underhanded Strike"],"picked":"Outmaneuver+1","floor":18},{"not_picked":["Choke","Predator"],"picked":"Deadly Poison","floor":19},{"not_picked":["Eviscerate+1","Underhanded Strike"],"picked":"Poisoned Stab+1","floor":22},{"not_picked":["Masterful Stab","Underhanded Strike"],"picked":"Distraction","floor":29},{"not_picked":["Night Terror","Sucker Punch+1"],"picked":"Dodge and Roll","floor":30}],"player_experience":9718,"relics_obtained":[{"floor":6,"key":"Gremlin Horn"},{"floor":9,"key":"Bag of Preparation"},{"floor":26,"key":"Kunai"}],"event_choices":[{"cards_removed":["Strike_G"],"damage_healed":0,"gold_gain":0,"player_choice":"Card Removal","damage_taken":7,"max_hp_gain":0,"max_hp_loss":0,"event_name":"Golden Wing","floor":3,"gold_loss":0},{"damage_healed":0,"gold_gain":0,"player_choice":"Take Damage","damage_taken":19,"relics_obtained":["Golden Idol"],"max_hp_gain":0,"max_hp_loss":0,"event_name":"Golden Idol","floor":5,"gold_loss":0},{"damage_healed":0,"gold_gain":0,"player_choice":"Ignored","damage_taken":0,"max_hp_gain":0,"max_hp_loss":0,"event_name":"NoteForYourself","floor":12,"gold_loss":0},{"damage_healed":0,"gold_gain":99,"player_choice":"Stole From Cult","damage_taken":0,"max_hp_gain":0,"max_hp_loss":0,"event_name":"Nest","floor":20,"gold_loss":0},{"damage_healed":0,"gold_gain":0,"player_choice":"Upgraded","damage_taken":0,"max_hp_gain":0,"max_hp_loss":0,"event_name":"Upgrade Shrine","floor":21,"gold_loss":0,"cards_upgraded":["Footwork"]}],"is_beta":false,"boss_relics":[{"not_picked":["Runic Pyramid","Runic Dome"],"picked":"Snecko Eye"}],"items_purged_floors":[11,24],"is_endless":false,"potions_floor_spawned":[4,6,13,19,22],"killed_by":"Chosen and Byrds","ascension_level":0}