{"gold_per_floor":[115,115,133,147,147,147,159,159,208,383,413,413,428,442,442,547,547,563,577,589,589,589,589,604,620,620,620,535,535,550,569,569,569],"floor_reached":33,"playtime":1844,"items_purged":[],"score":251,"play_id":"18bc46c2-09cd-4238-a8c9-14536fd9c53d","local_time":"20181109175507","is_ascension_mode":false,"campfire_choices":[{"data":"Doom and Gloom","floor":6,"key":"SMITH"},{"floor":12,"key":"REST"},{"data":"Fission","floor":15,"key":"SMITH"},{"floor":23,"key":"REST"},{"data":"Rainbow","floor":27,"key":"SMITH"},{"floor":32,"key":"REST"}],"neow_cost":"NONE","seed_source_timestamp":175541869028645,"circlet_count":0,"master_deck":["Strike_B","Strike_B","Defend_B+1","Defend_B","Defend_B","Defend_B","Zap+1","Dualcast","Doom and Gloom+1","Stack","White Noise","Fission+1","Storm","Cold Snap","Rainbow+1","Glacier+1","Coolheaded","Seek","Skim","Coolheaded+1","Self Repair+1","Conserve Battery"],"relics":["Oddly Smooth Stone","Lantern","War Paint","Inserter","Dead Branch","Frozen Egg 2","Nloth\u0027s Gift"],"potions_floor_usage":[14,20,30,31,33],"damage_taken":[{"damage":3,"enemies":"Small Slimes","floor":1,"turns":4},{"damage":0,"enemies":"Cultist","floor":3,"turns":3},{"damage":0,"enemies":"2 Louse","floor":4,"turns":3},{"damage":0,"enemies":"Blue Slaver","floor":7,"turns":4},{"damage":43,"enemies":"Lagavulin","floor":11,"turns":7},{"damage":5,"enemies":"Looter","floor":13,"turns":3},{"damage":0,"enemies":"Gremlin Gang","floor":14,"turns":2},{"damage":12,"enemies":"Slime Boss","floor":16,"turns":9},{"damage":18,"enemies":"3 Byrds","floor":18,"turns":3},{"damage":6,"enemies":"Chosen","floor":19,"turns":5},{"damage":18,"enemies":"Shelled Parasite and Fungi","floor":20,"turns":4},{"damage":13,"enemies":"Snake Plant","floor":24,"turns":4},{"damage":0,"enemies":"3 Cultists","floor":25,"turns":6},{"damage":29,"enemies":"Chosen and Byrds","floor":30,"turns":6},{"damage":0,"enemies":"Snake Plant","floor":31,"turns":2},{"damage":36,"enemies":"Champ","floor":33,"turns":9}],"seed_played":"5941911371269606967","potions_obtained":[{"floor":4,"key":"Energy Potion"},{"floor":11,"key":"SteroidPotion"},{"floor":13,"key":"SteroidPotion"},{"floor":19,"key":"Ancient Potion"},{"floor":25,"key":"Poison Potion"},{"floor":30,"key":"PowerPotion"}],"is_trial":false,"path_per_floor":["M","?","M","M","?","R","M","T","T","?","E","R","M","M","R","B",null,"M","M","M","?","?","R","M","M","T","R","?","?","M","M","R","B"],"character_chosen":"DEFECT","items_purchased":[],"campfire_rested":3,"item_purchase_floors":[],"current_hp_per_floor":[72,72,72,72,72,72,72,72,72,72,29,51,46,46,46,34,75,57,51,33,19,19,43,30,30,30,30,30,30,1,11,35,0],"gold":569,"neow_bonus":"RANDOM_COMMON_RELIC","is_prod":false,"is_daily":false,"chose_seed":false,"campfire_upgraded":3,"win_rate":0,"timestamp":1541804107,"path_taken":["M","?","?","M","?","R","M","?","T","?","E","R","M","M","R","BOSS","M","M","M","?","?","R","?","M","T","R","?","?","?","M","R","BOSS"],"build_version":"2018-11-08","purchased_purges":0,"victory":false,"max_hp_per_floor":[75,75,75,75,75,75,75,75,75,75,75,75,75,75,75,75,75,75,75,75,80,80,80,80,80,80,80,80,80,80,80,80,80],"card_choices":[{"not_picked":["Conserve Battery","Barrage"],"picked":"Doom and Gloom","floor":1},{"not_picked":["Storm","Steam"],"picked":"White Noise","floor":3},{"not_picked":["Rebound","Sweeping Beam","Steam"],"picked":"SKIP","floor":4},{"not_picked":["Streamline","Blizzard"],"picked":"Fission","floor":7},{"not_picked":["Turbo","Redo","Barrage"],"picked":"SKIP","floor":11},{"not_picked":["Gash","Streamline"],"picked":"Storm","floor":13},{"not_picked":["Steam","Turbo"],"picked":"Cold Snap","floor":14},{"not_picked":["Core Surge","Meteor Strike"],"picked":"Rainbow","floor":16},{"not_picked":["Turbo","Fusion"],"picked":"Glacier+1","floor":18},{"not_picked":["Go for the Eyes","Steam Power"],"picked":"Coolheaded","floor":19},{"not_picked":["Hologram","Sweeping Beam+1"],"picked":"Seek","floor":20},{"not_picked":["Rebound","Redo"],"picked":"Skim","floor":24},{"not_picked":["Ball Lightning","Hologram"],"picked":"Coolheaded+1","floor":25},{"not_picked":["Storm+1","Steam Power+1"],"picked":"Self Repair+1","floor":30},{"not_picked":["Barrage","Go for the Eyes"],"picked":"Conserve Battery","floor":31}],"player_experience":263807,"relics_obtained":[{"floor":9,"key":"Lantern"},{"floor":11,"key":"War Paint"},{"floor":26,"key":"Dead Branch"}],"event_choices":[{"cards_removed":["Strike_B"],"damage_healed":0,"gold_gain":0,"player_choice":"Took Card","damage_taken":0,"max_hp_gain":0,"max_hp_loss":0,"event_name":"NoteForYourself","floor":2,"gold_loss":0,"cards_obtained":["Stack"]},{"cards_removed":["Strike_B"],"damage_healed":0,"gold_gain":0,"player_choice":"Forget","damage_taken":0,"max_hp_gain":0,"max_hp_loss":0,"event_name":"Living Wall","floor":5,"gold_loss":0},{"damage_healed":0,"gold_gain":175,"player_choice":"AGREE","damage_taken":0,"max_hp_gain":0,"max_hp_loss":0,"event_name":"Liars Game","floor":10,"gold_loss":0,"cards_obtained":["Doubt"]},{"damage_healed":0,"gold_gain":0,"player_choice":"Shed Blood","damage_taken":19,"max_hp_gain":5,"max_hp_loss":0,"event_name":"Forgotten Altar","floor":21,"gold_loss":0},{"cards_removed":["Doubt"],"damage_healed":0,"gold_gain":0,"player_choice":"Purged","damage_taken":0,"max_hp_gain":0,"max_hp_loss":0,"event_name":"Purifier","floor":22,"gold_loss":0},{"damage_healed":0,"gold_gain":0,"player_choice":"Obtained Relic","damage_taken":0,"relics_obtained":["Frozen Egg 2"],"max_hp_gain":0,"max_hp_loss":0,"event_name":"Addict","floor":28,"gold_loss":85},{"damage_healed":0,"gold_gain":0,"player_choice":"Traded Relic","damage_taken":0,"relics_obtained":["Nloth\u0027s Gift"],"max_hp_gain":0,"max_hp_loss":0,"event_name":"N\u0027loth","floor":29,"relics_lost":["Cracked Core"],"gold_loss":0}],"is_beta":true,"boss_relics":[{"not_picked":["Runic Pyramid","Philosopher\u0027s Stone"],"picked":"Inserter"}],"items_purged_floors":[],"is_endless":false,"potions_floor_spawned":[4,11,13,19,25,30],"killed_by":"Champ","ascension_level":0}