{"gold_per_floor":[12,31,31,31,42,76,76,86,110,121,121,140,140,153,153,153],"floor_reached":16,"playtime":765,"items_purged":[],"score":109,"play_id":"fb8c544a-310b-4ffc-b3f0-800acfea3394","local_time":"20190507201846","is_ascension_mode":true,"campfire_choices":[{"data":"Anger","floor":7,"key":"SMITH"},{"floor":11,"key":"REST"},{"floor":13,"key":"RECALL"},{"data":"Searing Blow","floor":15,"key":"SMITH"}],"neow_cost":"NO_GOLD","seed_source_timestamp":89962401137204,"circlet_count":0,"master_deck":["Strike_R","Strike_R","Strike_R","Strike_R","Defend_R","Defend_R","Defend_R","Defend_R","Bash","Anger+1","Bloodletting","Blood for Blood","Searing Blow+1","Twin Strike","Clothesline","Intimidate","Cleave","Sword Boomerang"],"relics":["Burning Blood","Champion Belt","Omamori"],"potions_floor_usage":[10,12,14,16],"damage_taken":[{"damage":2,"enemies":"Cultist","floor":1,"turns":4},{"damage":5,"enemies":"2 Louse","floor":2,"turns":3},{"damage":8,"enemies":"Jaw Worm","floor":5,"turns":3},{"damage":47,"enemies":"Lagavulin","floor":6,"turns":9},{"damage":5,"enemies":"Large Slime","floor":8,"turns":5},{"damage":17,"enemies":"Exordium Wildlife","floor":10,"turns":5},{"damage":13,"enemies":"Lots of Slimes","floor":12,"turns":4},{"damage":21,"enemies":"Exordium Thugs","floor":14,"turns":4},{"damage":35,"enemies":"Slime Boss","floor":16,"turns":6}],"seed_played":"3085283251861825767","potions_obtained":[{"floor":5,"key":"GamblersBrew"},{"floor":6,"key":"SteroidPotion"},{"floor":8,"key":"SkillPotion"},{"floor":10,"key":"Weak Potion"}],"is_trial":false,"path_per_floor":["M","M","?","?","M","E","R","M","T","M","R","M","R","M","R","B"],"character_chosen":"IRONCLAD","items_purchased":[],"campfire_rested":1,"item_purchase_floors":[],"current_hp_per_floor":[80,80,80,80,78,37,37,38,38,27,51,44,44,29,29,0],"gold":153,"neow_bonus":"ONE_RARE_RELIC","is_prod":false,"is_daily":false,"chose_seed":false,"campfire_upgraded":2,"win_rate":0,"timestamp":1557274726,"path_taken":["M","M","?","?","M","E","R","M","T","M","R","M","R","M","R","BOSS"],"build_version":"2019-01-23","purchased_purges":0,"victory":false,"max_hp_per_floor":[80,80,80,80,80,80,80,80,80,80,80,80,80,80,80,80],"card_choices":[{"not_picked":["Armaments","Uppercut"],"picked":"Anger","floor":1},{"not_picked":["Heavy Blade","True Grit"],"picked":"Bloodletting","floor":2},{"not_picked":["Shockwave","True Grit"],"picked":"Searing Blow","floor":5},{"not_picked":["Warcry","Seeing Red"],"picked":"Twin Strike","floor":6},{"not_picked":["Sword Boomerang","Pommel Strike"],"picked":"Clothesline","floor":8},{"not_picked":["Berserk","Clash"],"picked":"Intimidate","floor":10},{"not_picked":["Clothesline","Thunderclap"],"picked":"Cleave","floor":12},{"not_picked":["Wild Strike","Heavy Blade"],"picked":"Sword Boomerang","floor":14}],"player_experience":322926,"relics_obtained":[{"floor":6,"key":"Omamori"}],"event_choices":[{"damage_healed":0,"gold_gain":0,"player_choice":"Ignored","damage_taken":0,"max_hp_gain":0,"max_hp_loss":0,"event_name":"Golden Wing","floor":3,"gold_loss":0},{"damage_healed":0,"gold_gain":0,"cards_transformed":["Strike_R"],"player_choice":"Change","damage_taken":0,"max_hp_gain":0,"max_hp_loss":0,"event_name":"Living Wall","floor":4,"gold_loss":0,"cards_obtained":["Blood for Blood"]}],"is_beta":false,"boss_relics":[],"items_purged_floors":[],"is_endless":false,"potions_floor_spawned":[5,6,8,10],"killed_by":"Slime Boss","ascension_level":1}