{"gold_per_floor":[10,10,26,41,41,75,75,107,107,107,27,37,49,79,79,178,178,198,209,227,243,243],"floor_reached":22,"playtime":859,"items_purged":[],"score":358,"play_id":"1108e045-770b-4507-a7d0-f8b4752e090d","local_time":"20190708192959","is_ascension_mode":true,"campfire_choices":[{"data":"Double Tap","floor":7.0,"key":"SMITH"},{"floor":15.0,"key":"REST"}],"neow_cost":"NO_GOLD","seed_source_timestamp":0,"circlet_count":0,"master_deck":["AscendersBane","Strike_R","Strike_R","Strike_R","Strike_R","Defend_R","Defend_R","Defend_R","Defend_R","Bash","Anger","Twin Strike","Anger","Double Tap+1","Metallicize","Thunderclap","Flex","Ghostly Armor","Cleave","Intimidate","Flex","Reaper","Cleave+1","Inflame","Pommel Strike","Offering"],"special_seed":0,"relics":["Burning Blood","Potion Belt","Charon\u0027s Ashes","Dream Catcher","Bottled Tornado","Red Skull","Eternal Feather"],"potions_floor_usage":[],"damage_taken":[{"damage":10.0,"enemies":"Small Slimes","floor":1.0,"turns":4.0},{"damage":1.0,"enemies":"Cultist","floor":3.0,"turns":3.0},{"damage":12.0,"enemies":"Jaw Worm","floor":4.0,"turns":2.0},{"damage":45.0,"enemies":"Lagavulin","floor":6.0,"turns":6.0},{"damage":18.0,"enemies":"3 Sentries","floor":8.0,"turns":6.0},{"damage":16.0,"enemies":"Looter","floor":12.0,"turns":3.0},{"damage":0.0,"enemies":"Large Slime","floor":13.0,"turns":4.0},{"damage":28.0,"enemies":"Lagavulin","floor":14.0,"turns":6.0},{"damage":28.0,"enemies":"Hexaghost","floor":16.0,"turns":8.0},{"damage":38,"enemies":"2 Thieves","floor":18,"turns":5},{"damage":8,"enemies":"Spheric Guardian","floor":19,"turns":3},{"damage":27,"enemies":"Chosen and Byrds","floor":20,"turns":6},{"damage":52,"enemies":"Snecko","floor":21,"turns":7},{"damage":32,"enemies":"Centurion and Healer","floor":22,"turns":3}],"seed_played":"1576693056985792122","potions_obtained":[{"floor":3.0,"key":"Weak Potion"},{"floor":4.0,"key":"Regen Potion"},{"floor":6.0,"key":"Block Potion"},{"floor":14.0,"key":"FearPotion"},{"floor":18,"key":"Strength Potion"},{"floor":19,"key":"SpeedPotion"}],"is_trial":false,"path_per_floor":["M","?","M","M","?","E","R","E","T","$","$","M","M","E","R","B",null,"M","M","M","M","M"],"character_chosen":"IRONCLAD","items_purchased":["Thunderclap","Flex"],"campfire_rested":1,"item_purchase_floors":[11,11],"current_hp_per_floor":[84,84,89,83,76,37,37,40,40,40,40,30,36,14,42,20,77,52,57,55,16,0],"gold":243,"neow_bonus":"TWENTY_PERCENT_HP_BONUS","is_prod":false,"is_daily":false,"chose_seed":false,"campfire_upgraded":1,"win_rate":0,"timestamp":1562628599,"path_taken":["M","?","?","M","?","E","R","E","T","?","$","M","M","E","R","BOSS","M","M","M","M","M"],"build_version":"2019-07-05","purchased_purges":0,"victory":false,"max_hp_per_floor":[96,96,96,96,96,96,96,96,96,96,96,96,96,96,96,96,96,96,96,96,96,96],"card_choices":[{"not_picked":["Thunderclap","Iron Wave"],"picked":"Anger","floor":1.0},{"not_picked":["Battle Trance","Sword Boomerang"],"picked":"Twin Strike","floor":3.0},{"not_picked":["Power Through","Twin Strike"],"picked":"Anger","floor":4.0},{"not_picked":["Perfected Strike","Iron Wave"],"picked":"Double Tap","floor":6.0},{"not_picked":["Shrug It Off","Heavy Blade"],"picked":"Metallicize","floor":8.0},{"not_picked":["True Grit","Body Slam"],"picked":"Ghostly Armor","floor":12.0},{"not_picked":["True Grit","Twin Strike"],"picked":"Cleave","floor":13.0},{"not_picked":["Hemokinesis","Searing Blow"],"picked":"Intimidate","floor":14.0},{"not_picked":["Clash","Iron Wave"],"picked":"Flex","floor":15.0},{"not_picked":["Exhume","Juggernaut"],"picked":"Reaper","floor":16.0},{"not_picked":["Headbutt","Heavy Blade"],"picked":"Cleave+1","floor":18},{"not_picked":["Intimidate","Twin Strike"],"picked":"Inflame","floor":19},{"not_picked":["Clash","Rampage"],"picked":"Pommel Strike","floor":20},{"not_picked":["Shrug It Off","Cleave+1"],"picked":"Offering","floor":21}],"player_experience":591150,"relics_obtained":[{"floor":2.0,"key":"Potion Belt"},{"floor":6.0,"key":"Charon\u0027s Ashes"},{"floor":8.0,"key":"Dream Catcher"},{"floor":9.0,"key":"Bottled Tornado"},{"floor":14.0,"key":"Red Skull"}],"event_choices":[{"damage_healed":0.0,"max_hp_gain":0.0,"max_hp_loss":0.0,"gold_gain":0.0,"event_name":"Wheel of Change","player_choice":"Relic","floor":2.0,"gold_loss":0.0,"damage_taken":0.0},{"cards_removed":["Strike_R"],"damage_healed":0.0,"max_hp_gain":0.0,"max_hp_loss":0.0,"gold_gain":0.0,"event_name":"Golden Wing","player_choice":"Card Removal","floor":5.0,"gold_loss":0.0,"damage_taken":7.0}],"is_beta":false,"boss_relics":[{"not_picked":["Runic Cube","Runic Pyramid"],"picked":"Eternal Feather"}],"items_purged_floors":[],"is_endless":false,"potions_floor_spawned":[3,4,6,14,18,19],"killed_by":"Centurion and Healer","ascension_level":12}