{"gold_per_floor":[114,114,79,79,94,94,135,135,135,149,6,46,46,71,71,160,160,176,91,116,41,41,41,75,75,75,75,22,22,58,58,58,156,156,172,30,363,68,118,145,157,169,181,193,216,228],"floor_reached":46,"playtime":1619,"items_purged":["Strike_B","Streamline+1"],"score":1047,"play_id":"539f8052-fc29-410c-99ed-cac1793c31b0","local_time":"20190623162919","is_ascension_mode":true,"campfire_choices":[{"floor":6,"key":"REST"},{"data":"Go for the Eyes","floor":8,"key":"SMITH"},{"floor":13,"key":"REST"},{"data":"Defragment","floor":15,"key":"SMITH"},{"data":"Creative AI","floor":23,"key":"SMITH"},{"data":"Coolheaded","floor":25,"key":"SMITH"},{"data":"Fusion","floor":29,"key":"SMITH"},{"floor":32,"key":"REST"},{"floor":42,"key":"REST"},{"data":"Conserve Battery","floor":44,"key":"SMITH"}],"neow_cost":"PERCENT_DAMAGE","seed_source_timestamp":9453548144683,"circlet_count":0,"master_deck":["AscendersBane","Defend_B","Defend_B","Defend_B","Defend_B","Zap","Dualcast","Conserve Battery+1","Doom and Gloom","Go for the Eyes+1","Defragment+1","Ball Lightning+1","Compile Driver+1","Creative AI+1","Coolheaded+1","Glacier","Fusion+1","Cold Snap+1","Electrodynamics+1","Seek+1","Genetic Algorithm+1","Reinforced Body","Defragment+1","BootSequence","Beam Cell+1","Conserve Battery+1"],"relics":["Cracked Core","Emotion Chip","Bronze Scales","Molten Egg 2","Juzu Bracelet","Inserter","Art of War","Frozen Egg 2","Kunai","Regal Pillow","Astrolabe","ClockworkSouvenir","Ginger","MawBank","FaceOfCleric","Letter Opener"],"potions_floor_usage":[7,12,24,30,39,39],"damage_taken":[{"damage":15,"enemies":"Small Slimes","floor":1,"turns":4},{"damage":0,"enemies":"2 Louse","floor":5,"turns":3},{"damage":27,"enemies":"Gremlin Nob","floor":7,"turns":4},{"damage":1,"enemies":"Cultist","floor":10,"turns":3},{"damage":14,"enemies":"3 Sentries","floor":12,"turns":5},{"damage":12,"enemies":"Exordium Wildlife","floor":14,"turns":3},{"damage":30,"enemies":"Slime Boss","floor":16,"turns":7},{"damage":31,"enemies":"2 Thieves","floor":18,"turns":4},{"damage":21,"enemies":"Chosen","floor":20,"turns":5},{"damage":12,"enemies":"Gremlin Leader","floor":24,"turns":5},{"damage":18,"enemies":"Book of Stabbing","floor":30,"turns":6},{"damage":16,"enemies":"Colosseum Slavers","floor":31,"turns":5},{"damage":58,"enemies":"Champ","floor":33,"turns":14},{"damage":15,"enemies":"3 Darklings","floor":35,"turns":3},{"damage":23,"enemies":"2 Orb Walkers","floor":39,"turns":4},{"damage":0,"enemies":"Giant Head","floor":40,"turns":13},{"damage":0,"enemies":"Orb Walker","floor":45,"turns":4},{"damage":65,"enemies":"Reptomancer","floor":46,"turns":3}],"seed_played":"-3029604098484004089","potions_obtained":[{"floor":1,"key":"EssenceOfSteel"},{"floor":7,"key":"EssenceOfSteel"},{"floor":14,"key":"PowerPotion"},{"floor":20,"key":"Block Potion"},{"floor":35,"key":"SkillPotion"}],"is_trial":false,"path_per_floor":["M","?","?","?","M","R","E","R","T","M","$","E","R","M","R","B",null,"M","?","M","$","?","R","E","R","T","?","$","R","E","?","R","B",null,"M","$","?","$","?","E","?","R","T","R","M","E"],"character_chosen":"DEFECT","items_purchased":["Defragment","Ball Lightning+1","Dexterity Potion","Reinforced Body","Defragment+1","ClockworkSouvenir"],"campfire_rested":4,"item_purchase_floors":[11,11,28,36,38,38],"current_hp_per_floor":[45,45,64,46,46,69,42,42,42,41,41,27,50,38,38,8,60,29,29,8,8,77,77,65,65,65,65,65,65,47,31,69,11,61,46,46,46,46,23,23,23,61,61,61,62,0],"gold":228,"neow_bonus":"TWENTY_PERCENT_HP_BONUS","is_prod":false,"is_daily":false,"chose_seed":false,"campfire_upgraded":6,"win_rate":0,"timestamp":1561300159,"path_taken":["M","?","?","?","M","R","E","R","T","M","$","E","R","M","R","BOSS","M","?","M","$","?","R","E","R","T","?","$","R","E","?","R","BOSS","M","$","?","$","?","E","?","R","T","R","M","E"],"build_version":"2019-06-21","purchased_purges":2,"victory":false,"max_hp_per_floor":[85,77,77,77,77,77,77,77,77,77,77,77,77,77,77,77,77,77,77,77,77,77,77,77,77,77,77,77,77,77,77,77,77,77,77,77,77,77,77,77,77,77,77,77,78,78],"card_choices":[{"not_picked":["Consume","Hologram"],"picked":"Conserve Battery","floor":1},{"not_picked":["Beam Cell","Reprogram"],"picked":"Doom and Gloom","floor":5},{"not_picked":["Recycle","Turbo"],"picked":"Go for the Eyes","floor":7},{"not_picked":["Steam","Coolheaded"],"picked":"Reinforced Body","floor":10},{"not_picked":["Stack","Recycle","Turbo"],"picked":"SKIP","floor":12},{"not_picked":["Hologram","Conserve Battery"],"picked":"Compile Driver+1","floor":14},{"not_picked":["Thunder Strike+1","Fission"],"picked":"Creative AI","floor":16},{"not_picked":["Rebound+1","Chaos"],"picked":"Coolheaded","floor":18},{"not_picked":["Redo","Chill"],"picked":"Glacier","floor":20},{"not_picked":["Ball Lightning+1","Steam","Gash+1"],"picked":"SKIP","floor":24},{"not_picked":["Conserve Battery","Stack"],"picked":"Cold Snap+1","floor":30},{"not_picked":["Seek","Buffer+1"],"picked":"Electrodynamics+1","floor":33},{"not_picked":["Beam Cell+1","Gash+1","Doom and Gloom+1"],"picked":"SKIP","floor":35},{"not_picked":["Coolheaded","Hologram"],"picked":"BootSequence","floor":39},{"not_picked":["FTL+1","Cold Snap+1"],"picked":"Beam Cell+1","floor":40},{"not_picked":["Auto Shields+1","Force Field+1"],"picked":"Conserve Battery+1","floor":45}],"player_experience":1763219,"relics_obtained":[{"floor":7,"key":"Bronze Scales"},{"floor":9,"key":"Molten Egg 2"},{"floor":12,"key":"Juzu Bracelet"},{"floor":24,"key":"Frozen Egg 2"},{"floor":26,"key":"Kunai"},{"floor":30,"key":"Regal Pillow"},{"floor":39,"key":"Ginger"},{"floor":40,"key":"MawBank"},{"floor":43,"key":"Letter Opener"}],"event_choices":[{"damage_healed":0,"gold_gain":0,"player_choice":"Lose Max HP","damage_taken":0,"relics_obtained":["Golden Idol"],"max_hp_gain":0,"max_hp_loss":8,"event_name":"Golden Idol","floor":2,"gold_loss":0},{"damage_healed":19,"gold_gain":0,"player_choice":"Healed","damage_taken":0,"max_hp_gain":0,"max_hp_loss":0,"event_name":"The Cleric","floor":3,"gold_loss":35},{"damage_healed":0,"gold_gain":0,"player_choice":"Success","damage_taken":18,"relics_obtained":["Emotion Chip"],"max_hp_gain":0,"max_hp_loss":0,"event_name":"Scrap Ooze","floor":4,"gold_loss":0},{"damage_healed":0,"gold_gain":0,"player_choice":"Obtained Relic","damage_taken":0,"relics_obtained":["Art of War"],"max_hp_gain":0,"max_hp_loss":0,"event_name":"Addict","floor":19,"gold_loss":85},{"cards_removed":["Reinforced Body"],"damage_healed":69,"gold_gain":0,"player_choice":"Offered Uncommon","damage_taken":0,"max_hp_gain":0,"max_hp_loss":0,"event_name":"Bonfire Elementals","floor":22,"gold_loss":0},{"damage_healed":0,"gold_gain":0,"player_choice":"Read","damage_taken":0,"max_hp_gain":0,"max_hp_loss":0,"event_name":"The Library","floor":27,"gold_loss":0,"cards_obtained":["Fusion"]},{"damage_healed":0,"gold_gain":0,"player_choice":"Fight","damage_taken":0,"max_hp_gain":0,"max_hp_loss":0,"event_name":"Colosseum","floor":31,"gold_loss":0},{"damage_healed":0,"gold_gain":0,"player_choice":"Fled From Nobs","damage_taken":0,"max_hp_gain":0,"max_hp_loss":0,"event_name":"Colosseum","floor":31,"gold_loss":0},{"damage_healed":0,"gold_gain":333,"player_choice":"Gave Idol","damage_taken":0,"max_hp_gain":0,"max_hp_loss":0,"event_name":"The Moai Head","floor":37,"relics_lost":["Golden Idol"],"gold_loss":0},{"damage_healed":0,"gold_gain":0,"player_choice":"Fight","damage_taken":0,"max_hp_gain":0,"max_hp_loss":0,"event_name":"Mysterious Sphere","floor":39,"gold_loss":0},{"damage_healed":0,"gold_gain":0,"player_choice":"Trade","damage_taken":0,"relics_obtained":["FaceOfCleric"],"max_hp_gain":0,"max_hp_loss":0,"event_name":"FaceTrader","floor":41,"gold_loss":0}],"is_beta":true,"boss_relics":[{"not_picked":["FrozenCore","Coffee Dripper"],"picked":"Inserter"},{"not_picked":["Calling Bell","Busted Crown"],"picked":"Astrolabe"}],"items_purged_floors":[21,36],"is_endless":false,"potions_floor_spawned":[1,7,14,20,31,35],"killed_by":"Reptomancer","ascension_level":20}