{"gold_per_floor":[210,360,380,24,24,43,43,72,95,121,121,141,166,176,176,251,251,267,284,310,328,328,328],"floor_reached":23,"playtime":750,"items_purged":["Doubt"],"score":422,"play_id":"926d4738-32fc-48c3-ac56-3a552a7474bf","local_time":"20190721163205","is_ascension_mode":true,"campfire_choices":[{"data":"Zap","floor":7,"key":"SMITH"},{"floor":11,"key":"REST"},{"data":"Seek","floor":15,"key":"SMITH"}],"neow_cost":"NONE","seed_source_timestamp":3137999950497,"circlet_count":0,"master_deck":["AscendersBane","Strike_B","Strike_B","Strike_B","Strike_B","Defend_B","Defend_B","Defend_B","Defend_B","Zap+1","Dualcast","Sunder+1","Gash","Cold Snap","Echo Form","FTL","Seek+1","Melter","Buffer","Cold Snap","Reinforced Body","Conserve Battery","Ball Lightning"],"relics":["Cracked Core","Gremlin Horn","Art of War","Anchor","Mummified Hand","Orichalcum","Philosopher\u0027s Stone","Red Mask","Darkstone Periapt"],"potions_floor_usage":[8,10,16,18],"damage_taken":[{"damage":5,"enemies":"Small Slimes","floor":1,"turns":3},{"damage":11,"enemies":"2 Louse","floor":3,"turns":2},{"damage":2,"enemies":"Jaw Worm","floor":6,"turns":2},{"damage":9,"enemies":"3 Sentries","floor":8,"turns":6},{"damage":16,"enemies":"Gremlin Nob","floor":10,"turns":4},{"damage":3,"enemies":"Blue Slaver","floor":12,"turns":3},{"damage":13,"enemies":"Lagavulin","floor":13,"turns":7},{"damage":0,"enemies":"Exordium Thugs","floor":14,"turns":3},{"damage":15,"enemies":"Hexaghost","floor":16,"turns":8},{"damage":7,"enemies":"Chosen","floor":18,"turns":4},{"damage":27,"enemies":"2 Thieves","floor":19,"turns":5},{"damage":0,"enemies":"Masked Bandits","floor":20,"turns":4},{"damage":14,"enemies":"Centurion and Healer","floor":21,"turns":8},{"damage":28,"enemies":"Chosen and Byrds","floor":23,"turns":6}],"seed_played":"1234134229461071678","potions_obtained":[{"floor":1,"key":"Block Potion"},{"floor":6,"key":"Energy Potion"},{"floor":10,"key":"Weak Potion"},{"floor":12,"key":"Swift Potion"},{"floor":19,"key":"Poison Potion"},{"floor":21,"key":"FairyPotion"}],"is_trial":false,"path_per_floor":["M","?","M","$","?","M","R","E","T","E","R","M","E","M","R","B",null,"M","M","?","M","?","M"],"character_chosen":"DEFECT","items_purchased":["Gremlin Horn"],"campfire_rested":1,"item_purchase_floors":[4],"current_hp_per_floor":[59,59,48,48,48,46,46,37,37,21,42,39,26,26,26,11,56,49,22,22,8,8,0],"gold":328,"neow_bonus":"HUNDRED_GOLD","is_prod":false,"is_daily":false,"chose_seed":false,"campfire_upgraded":2,"win_rate":0,"timestamp":1563719525,"path_taken":["M","?","M","$","?","M","R","E","T","E","R","M","E","M","R","BOSS","M","M","?","M","?","?"],"build_version":"2019-07-18","purchased_purges":1,"victory":false,"max_hp_per_floor":[71,71,71,71,71,71,71,71,71,71,71,71,71,71,71,71,71,71,71,71,71,71,71],"card_choices":[{"not_picked":["Leap","Tempest"],"picked":"Sunder","floor":1},{"not_picked":["Rebound","Leap"],"picked":"Gash","floor":3},{"not_picked":["Consume","Storm"],"picked":"Cold Snap","floor":6},{"not_picked":["Reinforced Body","Double Energy"],"picked":"Echo Form","floor":8},{"not_picked":["Streamline","Storm","Reprogram"],"picked":"SKIP","floor":10},{"not_picked":["Tempest","Turbo"],"picked":"FTL","floor":12},{"not_picked":["Beam Cell","Fusion"],"picked":"Seek","floor":13},{"not_picked":["Double Energy","Lockon"],"picked":"Melter","floor":14},{"not_picked":["Seek","Hyperbeam"],"picked":"Buffer","floor":16},{"not_picked":["Turbo","Stack"],"picked":"Cold Snap","floor":18},{"not_picked":["Barrage","Go for the Eyes"],"picked":"Reinforced Body","floor":19},{"not_picked":["Ball Lightning","Steam+1"],"picked":"Conserve Battery","floor":20},{"not_picked":["Redo","Cold Snap"],"picked":"Ball Lightning","floor":21}],"player_experience":1911715,"relics_obtained":[{"floor":8,"key":"Art of War"},{"floor":9,"key":"Anchor"},{"floor":10,"key":"Mummified Hand"},{"floor":13,"key":"Orichalcum"},{"floor":20,"key":"Red Mask"}],"event_choices":[{"damage_healed":0,"gold_gain":150,"player_choice":"AGREE","damage_taken":0,"max_hp_gain":0,"max_hp_loss":0,"event_name":"Liars Game","floor":2,"gold_loss":0,"cards_obtained":["Doubt"]},{"damage_healed":0,"gold_gain":0,"player_choice":"Grow","damage_taken":0,"max_hp_gain":0,"max_hp_loss":0,"event_name":"Living Wall","floor":5,"gold_loss":0,"cards_upgraded":["Sunder"]},{"damage_healed":0,"gold_gain":0,"player_choice":"Fought Bandits","damage_taken":0,"max_hp_gain":0,"max_hp_loss":0,"event_name":"Masked Bandits","floor":20,"gold_loss":0},{"damage_healed":0,"gold_gain":0,"player_choice":"Gave Potion","damage_taken":0,"relics_obtained":["Darkstone Periapt"],"max_hp_gain":0,"max_hp_loss":0,"event_name":"WeMeetAgain","floor":22,"gold_loss":0}],"is_beta":true,"boss_relics":[{"not_picked":["Runic Dome","Astrolabe"],"picked":"Philosopher\u0027s Stone"}],"items_purged_floors":[4],"is_endless":false,"potions_floor_spawned":[1,6,10,12,19,21],"killed_by":"Chosen and Byrds","ascension_level":20}