{"gold_per_floor":[118,42,53,72,82,82,114,130,154,154,154,154,187,187,187,262,262,276,289,289,308,198,198,34,34,34,45,45,59,59,73,73,150,150,169,94,94,66,78,78,108,119,119,119,135,135,135,30,30,30],"floor_reached":51,"playtime":2973,"items_purged":["Strike_B","Strike_B"],"score":1232,"play_id":"1ce9e664-4e0e-42c5-92a0-88f38a89b795","local_time":"20190806205054","is_ascension_mode":true,"campfire_choices":[{"data":"Defragment","floor":6,"key":"SMITH"},{"floor":10,"key":"REST"},{"data":"Loop","floor":12,"key":"SMITH"},{"floor":15,"key":"REST"},{"data":"Dualcast","floor":23,"key":"SMITH"},{"data":"Zap","floor":25,"key":"SMITH"},{"floor":30,"key":"REST"},{"floor":32,"key":"REST"},{"floor":40,"key":"REST"},{"data":"Recycle","floor":44,"key":"SMITH"},{"floor":47,"key":"REST"},{"floor":49,"key":"REST"}],"neow_cost":"TEN_PERCENT_HP_LOSS","seed_source_timestamp":39509066191400,"circlet_count":0,"master_deck":["AscendersBane","Strike_B","Strike_B","Defend_B","Defend_B","Defend_B+1","Zap+1","Dualcast+1","Go for the Eyes+1","Defragment+1","Cold Snap","Coolheaded","Gash+1","Loop+1","Glacier","Amplify+1","BootSequence+1","BootSequence","Ball Lightning","Blizzard+1","Creative AI","Gash","Enlightenment","Coolheaded","Recycle+1","Capacitor+1","Defragment","Loop"],"special_seed":0,"relics":["Cracked Core","Torii","PreservedInsect","Dream Catcher","Bronze Scales","Runic Pyramid","DataDisk","Shovel","Inserter","Art of War","Smiling Mask"],"potions_floor_usage":[7,7,31,45,45],"damage_taken":[{"damage":1.0,"enemies":"2 Louse","floor":1.0,"turns":3.0},{"damage":2.0,"enemies":"Jaw Worm","floor":3.0,"turns":3.0},{"damage":1,"enemies":"Cultist","floor":4,"turns":4},{"damage":7,"enemies":"3 Louse","floor":5,"turns":3},{"damage":30,"enemies":"Gremlin Nob","floor":7,"turns":4},{"damage":19,"enemies":"Lots of Slimes","floor":8,"turns":6},{"damage":1,"enemies":"Lagavulin","floor":13,"turns":6},{"damage":4,"enemies":"Slime Boss","floor":16,"turns":18},{"damage":0,"enemies":"Shell Parasite","floor":18,"turns":5},{"damage":8,"enemies":"Chosen","floor":19,"turns":9},{"damage":13,"enemies":"3 Cultists","floor":21,"turns":7},{"damage":8,"enemies":"Snake Plant","floor":27,"turns":3},{"damage":9,"enemies":"Shelled Parasite and Fungi","floor":29,"turns":6},{"damage":8,"enemies":"3 Cultists","floor":31,"turns":7},{"damage":2,"enemies":"Automaton","floor":33,"turns":12},{"damage":13,"enemies":"3 Darklings","floor":35,"turns":5},{"damage":14,"enemies":"3 Shapes","floor":39,"turns":4},{"damage":7,"enemies":"Giant Head","floor":41,"turns":10},{"damage":9,"enemies":"Maw","floor":42,"turns":8},{"damage":14,"enemies":"4 Shapes","floor":45,"turns":4},{"damage":52,"enemies":"Donu and Deca","floor":50,"turns":11}],"seed_played":"-7070261561839228607","potions_obtained":[{"floor":1.0,"key":"Poison Potion"},{"floor":5,"key":"Regen Potion"},{"floor":16,"key":"FocusPotion"},{"floor":18,"key":"LiquidBronze"},{"floor":21,"key":"Strength Potion"},{"floor":27,"key":"Fire Potion"},{"floor":42,"key":"SkillPotion"}],"is_trial":false,"path_per_floor":["M","$","M","M","M","R","E","M","T","R","?","R","E","?","R","B",null,"M","M","?","M","?","R","$","R","T","M","?","M","R","M","R","B",null,"M","$","?","$","M","R","E","M","T","R","M","?","R","$","R","B",null],"character_chosen":"DEFECT","items_purchased":["Defragment","DataDisk","Coolheaded","Weak Potion"],"campfire_rested":7,"item_purchase_floors":[2,24,38,48],"current_hp_per_floor":[63,63,61,60,53,53,35,16,16,35,35,35,34,15,34,30,56,56,48,48,35,35,35,35,35,35,27,27,18,37,29,48,46,60,47,47,47,47,33,52,45,36,36,36,22,22,41,41,60,8],"gold":30,"neow_bonus":"ONE_RARE_RELIC","is_prod":false,"is_daily":false,"chose_seed":false,"campfire_upgraded":5,"win_rate":0,"timestamp":1565092254,"path_taken":["M","$","M","M","M","R","E","M","T","R","?","R","E","?","R","BOSS","M","M","?","M","?","R","$","R","T","?","?","M","R","?","R","BOSS","M","?","?","$","M","R","E","M","T","R","M","?","R","$","R","BOSS"],"build_version":"2019-07-17","purchased_purges":2,"victory":true,"max_hp_per_floor":[64,64,64,64,64,64,64,64,64,64,64,64,64,64,64,64,64,64,64,64,64,64,64,64,64,64,64,64,64,64,64,64,64,64,64,64,64,64,64,64,64,64,64,64,64,64,64,64,64,64],"card_choices":[{"not_picked":["Blizzard","Undo"],"picked":"Go for the Eyes","floor":1.0},{"not_picked":["Reprogram","Compile Driver","Stack"],"picked":"SKIP","floor":3},{"not_picked":["Barrage","Steam"],"picked":"Cold Snap","floor":4},{"not_picked":["Static Discharge","Compile Driver"],"picked":"Coolheaded","floor":5},{"not_picked":["Redo","Steam","Hello World"],"picked":"SKIP","floor":7},{"not_picked":["Rebound","Meteor Strike"],"picked":"Gash","floor":8},{"not_picked":["Redo","Rebound"],"picked":"Loop","floor":10},{"not_picked":["Chill","Beam Cell","Steam"],"picked":"SKIP","floor":13},{"not_picked":["Redo","Fusion"],"picked":"Glacier","floor":15},{"not_picked":["Fission","Buffer"],"picked":"Amplify","floor":16},{"not_picked":["Double Energy","Reprogram"],"picked":"BootSequence+1","floor":18},{"not_picked":["Steam","Beam Cell","Blizzard"],"picked":"SKIP","floor":19},{"not_picked":["Rebound","Compile Driver+1"],"picked":"BootSequence","floor":21},{"not_picked":["Redo","Conserve Battery","Turbo+1"],"picked":"SKIP","floor":27},{"not_picked":["Turbo","Reprogram","Genetic Algorithm+1"],"picked":"SKIP","floor":29},{"not_picked":["Redo","Compile Driver"],"picked":"Ball Lightning","floor":30},{"not_picked":["Redo","Compile Driver","Go for the Eyes"],"picked":"SKIP","floor":31},{"not_picked":["Compile Driver","Machine Learning"],"picked":"Blizzard+1","floor":32},{"not_picked":["Core Surge","Echo Form"],"picked":"Creative AI","floor":33},{"not_picked":["Turbo","Hologram"],"picked":"Gash","floor":35},{"not_picked":["Panache","Transmutation"],"picked":"Enlightenment","floor":37},{"not_picked":["Cold Snap+1","Compile Driver+1","Rebound+1"],"picked":"SKIP","floor":39},{"not_picked":["Loop","Streamline+1"],"picked":"Recycle","floor":40},{"not_picked":["Compile Driver","Redo+1"],"picked":"Capacitor+1","floor":41},{"not_picked":["Leap","Undo+1","Redo"],"picked":"SKIP","floor":42},{"not_picked":["Rebound","Compile Driver","Go for the Eyes"],"picked":"SKIP","floor":45},{"not_picked":["Chaos","Fusion"],"picked":"Defragment","floor":47},{"not_picked":["Hologram","Meteor Strike"],"picked":"Loop","floor":49}],"player_experience":260785,"relics_obtained":[{"floor":7,"key":"PreservedInsect"},{"floor":9,"key":"Dream Catcher"},{"floor":13,"key":"Bronze Scales"},{"floor":26,"key":"Shovel"},{"floor":41,"key":"Art of War"},{"floor":43,"key":"Smiling Mask"}],"event_choices":[{"damage_healed":0,"gold_gain":0,"player_choice":"Fled","damage_taken":0,"max_hp_gain":0,"max_hp_loss":0,"event_name":"Scrap Ooze","floor":11,"gold_loss":0},{"damage_healed":0,"gold_gain":0,"player_choice":"Entered Light","damage_taken":19,"max_hp_gain":0,"max_hp_loss":0,"event_name":"Shining Light","floor":14,"gold_loss":0,"cards_upgraded":["Defend_B","Gash"]},{"damage_healed":0,"gold_gain":0,"player_choice":"Ignored","damage_taken":0,"max_hp_gain":0,"max_hp_loss":0,"event_name":"Ghosts","floor":20,"gold_loss":0},{"cards_removed":["Defend_B"],"damage_healed":0,"gold_gain":0,"player_choice":"Upgrade and Remove","damage_taken":0,"max_hp_gain":0,"max_hp_loss":0,"event_name":"Designer","floor":22,"gold_loss":110,"cards_upgraded":["Amplify"]},{"damage_healed":0,"gold_gain":0,"player_choice":"Upgraded","damage_taken":0,"max_hp_gain":0,"max_hp_loss":0,"event_name":"Upgrade Shrine","floor":28,"gold_loss":0,"cards_upgraded":["Go for the Eyes"]},{"damage_healed":0,"gold_gain":0,"player_choice":"Memory 1","damage_taken":0,"max_hp_gain":0,"max_hp_loss":0,"event_name":"SensoryStone","floor":37,"gold_loss":0},{"damage_healed":0,"gold_gain":0,"player_choice":"Ignored","damage_taken":0,"max_hp_gain":0,"max_hp_loss":0,"event_name":"Mysterious Sphere","floor":46,"gold_loss":0}],"is_beta":false,"boss_relics":[{"not_picked":["Orrery","Busted Crown"],"picked":"Runic Pyramid"},{"not_picked":["Astrolabe","Eternal Feather"],"picked":"Inserter"}],"items_purged_floors":[36,48],"is_endless":false,"potions_floor_spawned":[1,5,16,18,21,27,42],"ascension_level":18}