{"gold_per_floor":[114,133,148,158,123,123,154,154,154,170,198,35,47,67,67,144,144,157,157,186,198,198,225,12,42,65,77,77,89,89,124,124,201,201,220,231,98,115,130,156,174,174,174,187,215,230,17,17,17,17,17,17,17,17,51,51],"floor_reached":56,"playtime":10190,"items_purged":["Writhe"],"score":2037,"play_id":"88dba254-a3d7-4205-b6c3-f6e9260ad3b4","local_time":"20190805220319","is_ascension_mode":true,"campfire_choices":[{"data":"Dagger Spray","floor":6.0,"key":"SMITH"},{"data":"A Thousand Cuts","floor":8.0,"key":"SMITH"},{"data":"Skewer","floor":15.0,"key":"SMITH"},{"floor":28.0,"key":"REST"},{"data":"Malaise","floor":30.0,"key":"SMITH"},{"data":"Infinite Blades","floor":32.0,"key":"SMITH"},{"floor":42.0,"key":"RECALL"},{"data":"Apotheosis","floor":49.0,"key":"SMITH"},{"floor":53.0,"key":"REST"}],"neow_cost":"NONE","seed_source_timestamp":0,"circlet_count":0,"master_deck":["AscendersBane","Strike_G","Strike_G","Strike_G","Defend_G","Defend_G","Defend_G","Defend_G","Defend_G","Survivor","Neutralize","Poisoned Stab","Quick Slash","Dagger Spray+1","Crippling Poison","A Thousand Cuts+1","Leg Sweep","Deadly Poison","Skewer+1","Malaise+1","Deflect","Deflect","Cloak And Dagger","PiercingWail","Infinite Blades+1","Blade Dance","Endless Agony","Backstab","Terror","Wraith Form v2","Blade Dance","Crippling Poison+1","PiercingWail","Noxious Fumes","Deflect+1","Backflip","Backflip","Apotheosis+1","Flash of Steel"],"special_seed":0,"relics":["Ring of the Snake","Oddly Smooth Stone","Ornamental Fan","Gremlin Horn","Kunai","Anchor","Black Star","Red Mask","Juzu Bracelet","Pen Nib","Centennial Puzzle","Chemical X","Shuriken","Potion Belt","Singing Bowl","Dodecahedron","Cursed Key","Pear","Strawberry","Bronze Scales","Snake Skull","Lee\u0027s Waffle","Bag of Marbles","Bag of Preparation"],"potions_floor_usage":[56,56],"damage_taken":[{"damage":2.0,"enemies":"Cultist","floor":1.0,"turns":4.0},{"damage":0.0,"enemies":"Jaw Worm","floor":2.0,"turns":5.0},{"damage":6.0,"enemies":"Small Slimes","floor":3.0,"turns":4.0},{"damage":22.0,"enemies":"Exordium Wildlife","floor":4.0,"turns":6.0},{"damage":4.0,"enemies":"3 Sentries","floor":7.0,"turns":7.0},{"damage":0.0,"enemies":"2 Fungi Beasts","floor":10.0,"turns":3.0},{"damage":9.0,"enemies":"Lagavulin","floor":11.0,"turns":7.0},{"damage":0.0,"enemies":"Red Slaver","floor":13.0,"turns":4.0},{"damage":1.0,"enemies":"Large Slime","floor":14.0,"turns":7.0},{"damage":30.0,"enemies":"Slime Boss","floor":16.0,"turns":7.0},{"damage":3.0,"enemies":"3 Byrds","floor":18.0,"turns":4.0},{"damage":5.0,"enemies":"Masked Bandits","floor":20.0,"turns":3.0},{"damage":0.0,"enemies":"Spheric Guardian","floor":21.0,"turns":3.0},{"damage":0.0,"enemies":"Gremlin Leader","floor":23.0,"turns":6.0},{"damage":16.0,"enemies":"Slavers","floor":25.0,"turns":4.0},{"damage":12.0,"enemies":"Centurion and Healer","floor":27.0,"turns":6.0},{"damage":4.0,"enemies":"Cultist and Chosen","floor":29.0,"turns":8.0},{"damage":2.0,"enemies":"Book of Stabbing","floor":31.0,"turns":6.0},{"damage":15.0,"enemies":"Champ","floor":33.0,"turns":12.0},{"damage":5.0,"enemies":"Orb Walker","floor":35.0,"turns":3.0},{"damage":0.0,"enemies":"3 Darklings","floor":36.0,"turns":4.0},{"damage":9.0,"enemies":"Spire Growth","floor":38.0,"turns":6.0},{"damage":1.0,"enemies":"Writhing Mass","floor":39.0,"turns":8.0},{"damage":16.0,"enemies":"Nemesis","floor":40.0,"turns":7.0},{"damage":0.0,"enemies":"4 Shapes","floor":41.0,"turns":5.0},{"damage":2.0,"enemies":"Jaw Worm Horde","floor":44.0,"turns":3.0},{"damage":10.0,"enemies":"Giant Head","floor":45.0,"turns":8.0},{"damage":1.0,"enemies":"Writhing Mass","floor":46.0,"turns":7.0},{"damage":16.0,"enemies":"Time Eater","floor":50.0,"turns":14.0},{"damage":14.0,"enemies":"Awakened One","floor":51.0,"turns":13.0},{"damage":37.0,"enemies":"Shield and Spear","floor":55.0,"turns":8.0},{"damage":63,"enemies":"The Heart","floor":56,"turns":5}],"seed_played":"1205621121868293258","potions_obtained":[{"floor":1.0,"key":"SpeedPotion"},{"floor":2.0,"key":"Dexterity Potion"},{"floor":11.0,"key":"Block Potion"},{"floor":14.0,"key":"FearPotion"},{"floor":20.0,"key":"EntropicBrew"},{"floor":25.0,"key":"GamblersBrew"},{"floor":29.0,"key":"EssenceOfSteel"},{"floor":33.0,"key":"LiquidBronze"},{"floor":35.0,"key":"Poison Potion"},{"floor":41.0,"key":"LiquidBronze"},{"floor":44.0,"key":"PowerPotion"},{"floor":46.0,"key":"Weak Potion"}],"is_trial":false,"path_per_floor":["M","M","M","M","?","R","E","R","T","M","E","$","M","M","R","B",null,"M","?","?","M","?","E","$","E","T","M","R","M","R","E","R","B",null,"M","M","$","M","M","E","M","R","T","M","E","M","$","?","R","B","B",null,"R","$","E","B"],"character_chosen":"THE_SILENT","items_purchased":["Anchor","Chemical X","PiercingWail","Lee\u0027s Waffle"],"campfire_rested":2,"item_purchase_floors":[12,24,37,47],"current_hp_per_floor":[57,57,51,29,45,45,41,41,41,41,32,32,32,31,31,1,50,47,47,42,42,42,42,42,26,26,14,33,29,29,27,27,12,53,48,48,48,41,42,43,43,43,43,41,33,32,96,88,88,72,58,88,98,98,63,0],"gold":51,"neow_bonus":"RANDOM_COMMON_RELIC","is_prod":false,"is_daily":false,"chose_seed":false,"campfire_upgraded":6,"win_rate":0,"timestamp":1565067799,"path_taken":["M","?","M","M","?","R","E","R","T","M","E","$","M","M","R","BOSS","M","?","?","M","?","E","$","E","T","M","R","M","R","E","R","BOSS","M","M","$","M","M","E","M","R","T","M","E","M","$","?","R","BOSS","BOSS","R","$","E","BOSS"],"build_version":"2019-07-17","purchased_purges":1,"victory":false,"max_hp_per_floor":[66,66,66,66,66,66,66,66,66,66,66,66,66,66,66,66,66,66,66,66,66,66,66,66,66,66,66,66,66,66,66,66,66,66,66,66,66,68,70,87,87,87,87,87,89,89,96,98,98,98,98,98,98,98,100,100],"card_choices":[{"not_picked":["All Out Attack","Sucker Punch"],"picked":"Poisoned Stab","floor":1.0},{"not_picked":["Riddle With Holes","Underhanded Strike"],"picked":"Quick Slash","floor":2.0},{"not_picked":["Escape Plan","PiercingWail"],"picked":"Dagger Spray","floor":3.0},{"not_picked":["Tactician","Endless Agony"],"picked":"Crippling Poison","floor":4.0},{"not_picked":["Catalyst","Leg Sweep"],"picked":"A Thousand Cuts","floor":7.0},{"not_picked":["Choke","Bane"],"picked":"Leg Sweep","floor":10.0},{"not_picked":["Sucker Punch","PiercingWail"],"picked":"Deadly Poison","floor":11.0},{"not_picked":["Calculated Gamble","Poisoned Stab","Terror"],"picked":"SKIP","floor":13.0},{"not_picked":["Deflect","Masterful Stab"],"picked":"Skewer","floor":14.0},{"not_picked":["Venomology","Night Terror"],"picked":"Malaise","floor":16.0},{"not_picked":["Skewer","Dagger Spray","Masterful Stab"],"picked":"SKIP","floor":18.0},{"not_picked":["Expertise","Riddle With Holes"],"picked":"Cloak And Dagger","floor":20.0},{"not_picked":["Deadly Poison","Backstab"],"picked":"PiercingWail","floor":21.0},{"not_picked":["Eviscerate","Prepared"],"picked":"Infinite Blades","floor":23.0},{"not_picked":["Night Terror","Reflex"],"picked":"Blade Dance","floor":25.0},{"not_picked":["Flying Knee","Leg Sweep"],"picked":"Endless Agony","floor":27.0},{"not_picked":["Tactician+1","Heel Hook"],"picked":"Backstab","floor":29.0},{"not_picked":["Predator","Quick Slash"],"picked":"Terror","floor":31.0},{"not_picked":["Venomology","Glass Knife"],"picked":"Wraith Form v2","floor":33.0},{"not_picked":["Quick Slash+1","Dagger Spray"],"picked":"Blade Dance","floor":35.0},{"not_picked":["All Out Attack+1","Concentrate+1"],"picked":"Crippling Poison+1","floor":36.0},{"not_picked":["Dagger Spray","Slice","Underhanded Strike+1"],"picked":"Singing Bowl","floor":38.0},{"not_picked":["Dagger Spray","Sucker Punch+1","Skewer"],"picked":"Singing Bowl","floor":39.0},{"not_picked":["Storm of Steel","Distraction"],"picked":"Noxious Fumes","floor":40.0},{"not_picked":["Dash","Underhanded Strike"],"picked":"Deflect+1","floor":41.0},{"not_picked":["Acrobatics","Cloak And Dagger"],"picked":"Backflip","floor":44.0},{"not_picked":["Terror","Predator","A Thousand Cuts"],"picked":"Singing Bowl","floor":45.0},{"not_picked":["Endless Agony","Catalyst"],"picked":"Backflip","floor":46.0},{"not_picked":["Master of Strategy","Jack Of All Trades"],"picked":"Apotheosis","floor":48.0},{"not_picked":["Jack Of All Trades","Chrysalis"],"picked":"Flash of Steel","floor":48.0},{"not_picked":["HandOfGreed","Impatience","Dramatic Entrance"],"picked":"Singing Bowl","floor":48.0},{"not_picked":["Glass Knife","Bane","Quick Slash"],"picked":"Singing Bowl","floor":55.0}],"player_experience":1264867,"relics_obtained":[{"floor":7.0,"key":"Ornamental Fan"},{"floor":9.0,"key":"Gremlin Horn"},{"floor":11.0,"key":"Kunai"},{"floor":20.0,"key":"Red Mask"},{"floor":23.0,"key":"Pen Nib"},{"floor":23.0,"key":"Centennial Puzzle"},{"floor":25.0,"key":"Shuriken"},{"floor":25.0,"key":"Potion Belt"},{"floor":31.0,"key":"Singing Bowl"},{"floor":31.0,"key":"Dodecahedron"},{"floor":40.0,"key":"Pear"},{"floor":40.0,"key":"Strawberry"},{"floor":45.0,"key":"Bronze Scales"},{"floor":45.0,"key":"Snake Skull"},{"floor":55.0,"key":"Bag of Marbles"},{"floor":55.0,"key":"Bag of Preparation"}],"event_choices":[{"damage_healed":16.0,"max_hp_gain":0.0,"max_hp_loss":0.0,"gold_gain":0.0,"event_name":"The Cleric","player_choice":"Healed","floor":5.0,"gold_loss":35.0,"damage_taken":0.0},{"damage_healed":0.0,"max_hp_gain":0.0,"max_hp_loss":0.0,"gold_gain":0.0,"cards_transformed":["Strike_G","Strike_G"],"event_name":"Drug Dealer","player_choice":"Became Test Subject","floor":19.0,"gold_loss":0.0,"damage_taken":0.0,"cards_obtained":["Deflect","Deflect"]},{"damage_healed":0.0,"max_hp_gain":0.0,"max_hp_loss":0.0,"gold_gain":0.0,"event_name":"Masked Bandits","player_choice":"Fought Bandits","floor":20.0,"gold_loss":0.0,"damage_taken":0.0},{"damage_healed":0.0,"max_hp_gain":0.0,"max_hp_loss":0.0,"gold_gain":0.0,"event_name":"The Mausoleum","player_choice":"Opened","floor":22.0,"gold_loss":0.0,"damage_taken":0.0,"relics_obtained":["Juzu Bracelet"],"cards_obtained":["Writhe"]},{"damage_healed":0.0,"max_hp_gain":0.0,"max_hp_loss":0.0,"gold_gain":0.0,"event_name":"SensoryStone","player_choice":"Memory 3","floor":48.0,"gold_loss":0.0,"damage_taken":10.0}],"is_beta":false,"boss_relics":[{"not_picked":["Tiny House","White Beast Statue"],"picked":"Black Star"},{"not_picked":["Snecko Eye","Lizard Tail"],"picked":"Cursed Key"}],"items_purged_floors":[37],"is_endless":false,"potions_floor_spawned":[1,2,4,11,13,14,20,25,29,33,35,41,44,46],"killed_by":"The Heart","ascension_level":20}