{"gold_per_floor":[112,112,123,135,154,186,186,261,284,284,298,316,316],"floor_reached":13,"playtime":344,"items_purged":[],"score":174,"play_id":"bbb5b65d-6c3f-49dc-b3cc-df5f487d8466","local_time":"20190630214456","is_ascension_mode":true,"campfire_choices":[{"floor":7,"key":"REST"},{"floor":10,"key":"REST"}],"neow_cost":"NONE","seed_source_timestamp":11781052778541,"circlet_count":0,"master_deck":["AscendersBane","Strike_B","Strike_B","Strike_B","Strike_B","Defend_B","Defend_B","Defend_B","Defend_B","Zap","Dualcast","Undo","Tempest","Rip and Tear","Barrage","Static Discharge","Core Surge","Loop"],"special_seed":0,"relics":["Cracked Core","Omamori","Centennial Puzzle","Happy Flower"],"potions_floor_usage":[6,12,13],"damage_taken":[{"damage":18.0,"enemies":"2 Louse","floor":1.0,"turns":4.0},{"damage":0.0,"enemies":"Jaw Worm","floor":3.0,"turns":5.0},{"damage":1.0,"enemies":"Cultist","floor":4.0,"turns":3.0},{"damage":3,"enemies":"3 Louse","floor":5,"turns":4},{"damage":31,"enemies":"Gremlin Nob","floor":6,"turns":4},{"damage":16,"enemies":"Exordium Wildlife","floor":11,"turns":3},{"damage":20,"enemies":"Gremlin Gang","floor":12,"turns":4},{"damage":12,"enemies":"Lagavulin","floor":13,"turns":5}],"seed_played":"4201308318076835604","potions_obtained":[{"floor":3.0,"key":"SkillPotion"},{"floor":4,"key":"FearPotion"},{"floor":12,"key":"GamblersBrew"}],"is_trial":false,"path_per_floor":["M","?","M","M","M","E","R","?","T","R","M","M","E"],"character_chosen":"DEFECT","items_purchased":[],"campfire_rested":2,"item_purchase_floors":[],"current_hp_per_floor":[46,46,46,45,42,11,32,21,21,42,26,6,0],"gold":316,"neow_bonus":"RANDOM_COMMON_RELIC","is_prod":false,"is_daily":false,"chose_seed":false,"campfire_upgraded":0,"win_rate":0,"timestamp":1561923896,"path_taken":["M","?","M","M","M","E","R","?","T","R","M","M","E"],"build_version":"2019-06-29","purchased_purges":0,"victory":false,"max_hp_per_floor":[71,71,71,71,71,71,71,71,71,71,71,71,71],"card_choices":[{"not_picked":["Streamline","Double Energy"],"picked":"Undo","floor":1.0},{"not_picked":["Redo","Hologram"],"picked":"Tempest","floor":3.0},{"not_picked":["BootSequence","Cold Snap"],"picked":"Rip and Tear","floor":4},{"not_picked":["Redo","Fusion"],"picked":"Barrage","floor":5},{"not_picked":["Aggregate","Conserve Battery"],"picked":"Static Discharge","floor":6},{"not_picked":["Hello World","Fusion"],"picked":"Core Surge","floor":11},{"not_picked":["Rebound","Hologram"],"picked":"Loop","floor":12}],"player_experience":1783226,"relics_obtained":[{"floor":6,"key":"Centennial Puzzle"},{"floor":9,"key":"Happy Flower"}],"event_choices":[{"damage_healed":0.0,"max_hp_gain":0.0,"max_hp_loss":0.0,"gold_gain":0.0,"event_name":"Golden Wing","player_choice":"Ignored","floor":2.0,"gold_loss":0.0,"damage_taken":0.0},{"damage_healed":0,"gold_gain":75,"player_choice":"Gather Gold","damage_taken":11,"max_hp_gain":0,"max_hp_loss":0,"event_name":"World of Goop","floor":8,"gold_loss":0}],"is_beta":true,"boss_relics":[],"items_purged_floors":[],"is_endless":false,"potions_floor_spawned":[3,4,12],"killed_by":"Lagavulin","ascension_level":20}