{"gold_per_floor":[115,115,130,55,33,33,62,62,88,88,117,145,157,186,198,284,296,321,333,359,371,383],"floor_reached":22,"playtime":757,"items_purged":["Strike_B"],"score":355,"play_id":"2adfb8fe-ffa1-4b82-9c76-0b3f064a4946","local_time":"20190805113303","is_ascension_mode":true,"campfire_choices":[{"data":"Zap","floor":6,"key":"SMITH"},{"data":"Dualcast","floor":8,"key":"SMITH"},{"floor":10,"key":"REST"},{"floor":15,"key":"REST"}],"neow_cost":"NONE","seed_source_timestamp":12451994541947,"circlet_count":0,"master_deck":["AscendersBane","Strike_B","Strike_B","Strike_B","Defend_B","Defend_B","Defend_B","Defend_B","Zap+1","Dualcast+1","All For One","Glacier","Scrape","Electrodynamics","Leap+1"],"relics":["Runic Pyramid","Strawberry","Tiny Chest","Bag of Marbles","PreservedInsect","MawBank","Black Star","Mercury Hourglass"],"potions_floor_usage":[11,18,22],"damage_taken":[{"damage":4,"enemies":"Small Slimes","floor":1,"turns":3},{"damage":2,"enemies":"Jaw Worm","floor":3,"turns":5},{"damage":18,"enemies":"Lagavulin","floor":7,"turns":8},{"damage":24,"enemies":"Gremlin Nob","floor":11,"turns":4},{"damage":0,"enemies":"Cultist","floor":12,"turns":2},{"damage":1,"enemies":"Looter","floor":14,"turns":4},{"damage":32,"enemies":"The Guardian","floor":16,"turns":11},{"damage":13,"enemies":"3 Byrds","floor":18,"turns":3},{"damage":21,"enemies":"Spheric Guardian","floor":20,"turns":6},{"damage":30,"enemies":"Snake Plant","floor":22,"turns":2}],"seed_played":"-5199632504825949576","potions_obtained":[{"floor":7,"key":"Energy Potion"},{"floor":14,"key":"FocusPotion"},{"floor":18,"key":"Swift Potion"}],"is_trial":false,"path_per_floor":["M","?","M","$","?","R","E","R","T","R","E","M","$","M","R","B",null,"M","T","M","?","M"],"character_chosen":"DEFECT","items_purchased":[],"campfire_rested":2,"item_purchase_floors":[],"current_hp_per_floor":[60,41,39,39,39,39,21,21,21,44,20,20,20,19,42,10,61,48,48,27,27,0],"gold":383,"neow_bonus":"BOSS_RELIC","is_prod":false,"is_daily":false,"chose_seed":false,"campfire_upgraded":2,"win_rate":0,"timestamp":1564972383,"path_taken":["M","?","M","$","?","R","E","R","T","R","E","M","$","M","R","BOSS","M","?","M","?","?"],"build_version":"2019-07-17","purchased_purges":1,"victory":false,"max_hp_per_floor":[71,78,78,78,78,78,78,78,78,78,78,78,78,78,78,78,78,78,78,78,78,78],"card_choices":[{"not_picked":["Steam","Turbo","Tempest"],"picked":"SKIP","floor":1},{"not_picked":["Steam Power","Leap","Hologram"],"picked":"SKIP","floor":3},{"not_picked":["Tempest","Heatsinks","Rebound"],"picked":"SKIP","floor":7},{"not_picked":["Aggregate","Turbo"],"picked":"All For One","floor":11},{"not_picked":["Gash","Chaos"],"picked":"Glacier","floor":12},{"not_picked":["Ball Lightning","Barrage"],"picked":"Scrape","floor":14},{"not_picked":["Core Surge","Seek"],"picked":"Electrodynamics","floor":16},{"not_picked":["Rip and Tear+1","Reprogram"],"picked":"Leap+1","floor":18},{"not_picked":["Beam Cell","Coolheaded","Barrage"],"picked":"SKIP","floor":20}],"player_experience":240465,"relics_obtained":[{"floor":7,"key":"Bag of Marbles"},{"floor":9,"key":"PreservedInsect"},{"floor":11,"key":"MawBank"},{"floor":19,"key":"Mercury Hourglass"}],"event_choices":[{"damage_healed":0,"gold_gain":0,"player_choice":"Success","damage_taken":26,"relics_obtained":["Strawberry"],"max_hp_gain":0,"max_hp_loss":0,"event_name":"Scrap Ooze","floor":2,"gold_loss":0},{"damage_healed":0,"gold_gain":0,"player_choice":"Paid Gold","damage_taken":0,"relics_obtained":["Tiny Chest"],"max_hp_gain":0,"max_hp_loss":0,"event_name":"WeMeetAgain","floor":5,"gold_loss":52},{"damage_healed":0,"gold_gain":0,"player_choice":"Ignored","damage_taken":0,"max_hp_gain":0,"max_hp_loss":0,"event_name":"N\u0027loth","floor":21,"gold_loss":0}],"is_beta":false,"boss_relics":[{"not_picked":["Eternal Feather","Nuclear Battery"],"picked":"Black Star"}],"items_purged_floors":[4],"is_endless":false,"potions_floor_spawned":[7,14,18],"killed_by":"Snake Plant","ascension_level":17}