{"gold_per_floor":[113,113,128,138,138,138,165,165,165,194,9,9,22,22,22,123,123,135,135,150,50,50,50,83,103,128,159,34,34,62,87,87,182,182,201,201,51,69,88,88,88],"floor_reached":41,"playtime":2397,"items_purged":["Defend_B","Strike_B","Normality","Normality"],"score":697,"play_id":"282a9022-8d2b-4205-9237-63f6f8a56395","local_time":"20190801071004","is_ascension_mode":true,"campfire_choices":[{"data":"Zap","floor":6,"key":"SMITH"},{"data":"Dualcast","floor":8,"key":"SMITH"},{"data":"Defragment","floor":15,"key":"SMITH"},{"data":"Chill","floor":23,"key":"SMITH"},{"data":"Loop","floor":29,"key":"SMITH"},{"data":"Seek","floor":32,"key":"SMITH"},{"floor":40,"key":"RECALL"}],"neow_cost":"NONE","seed_source_timestamp":184409705105127,"circlet_count":0,"master_deck":["Strike_B","Strike_B","Defend_B","Defend_B","Defend_B+1","Zap+1","Dualcast+1","Seek+1","Defragment+1","Go for the Eyes","Glacier+1","Capacitor","Barrage","Electrodynamics","Chill+1","Defragment+1","Recycle","Loop+1","Biased Cognition"],"relics":["Cracked Core","Blood Vial","Meat on the Bone","Singing Bowl","Cursed Key","Kunai","Sundial","Girya","War Paint","Fusion Hammer"],"potions_floor_usage":[7,10,16,16,20,25,39,39],"damage_taken":[{"damage":4,"enemies":"Small Slimes","floor":1,"turns":4},{"damage":0,"enemies":"Cultist","floor":3,"turns":3},{"damage":1,"enemies":"2 Louse","floor":4,"turns":3},{"damage":39,"enemies":"Gremlin Nob","floor":7,"turns":5},{"damage":22,"enemies":"3 Sentries","floor":10,"turns":7},{"damage":0,"enemies":"Large Slime","floor":13,"turns":9},{"damage":2,"enemies":"Hexaghost","floor":16,"turns":10},{"damage":1,"enemies":"3 Byrds","floor":18,"turns":4},{"damage":4,"enemies":"Shell Parasite","floor":20,"turns":5},{"damage":0,"enemies":"Slavers","floor":24,"turns":5},{"damage":14,"enemies":"Snake Plant","floor":25,"turns":5},{"damage":17,"enemies":"Gremlin Leader","floor":27,"turns":7},{"damage":29,"enemies":"Slavers","floor":30,"turns":4},{"damage":38,"enemies":"Collector","floor":33,"turns":10},{"damage":0,"enemies":"Orb Walker","floor":35,"turns":4},{"damage":0,"enemies":"3 Darklings","floor":38,"turns":6},{"damage":14,"enemies":"Transient","floor":39,"turns":5},{"damage":113,"enemies":"Giant Head","floor":41,"turns":11}],"seed_played":"2466806037815020590","potions_obtained":[{"floor":2,"key":"Regen Potion"},{"floor":2,"key":"SkillPotion"},{"floor":2,"key":"Weak Potion"},{"floor":7,"key":"AttackPotion"},{"floor":10,"key":"Block Potion"},{"floor":18,"key":"Dexterity Potion"},{"floor":33,"key":"FearPotion"},{"floor":38,"key":"SteroidPotion"}],"is_trial":false,"path_per_floor":["M","?","M","M","?","R","E","R","T","E","$","?","M","$","R","B",null,"M","?","M","$","?","R","E","M","T","E","$","R","E","T","R","B",null,"M","?","$","M","M","R","E"],"character_chosen":"DEFECT","items_purchased":["Glacier","Capacitor"],"campfire_rested":0,"item_purchase_floors":[11,11],"current_hp_per_floor":[64,64,64,63,68,68,29,29,29,23,23,23,37,37,37,52,75,78,78,76,76,76,76,78,68,68,53,53,53,40,40,40,16,70,74,74,74,78,68,68,0],"gold":88,"neow_bonus":"ONE_RANDOM_RARE_CARD","is_prod":false,"is_daily":false,"chose_seed":false,"campfire_upgraded":6,"win_rate":0,"timestamp":1564611004,"path_taken":["M","?","?","M","?","R","E","R","T","E","$","?","?","?","R","BOSS","M","?","?","$","?","R","E","?","T","E","?","R","E","?","R","BOSS","M","?","?","M","M","R","E"],"build_version":"2019-07-17","purchased_purges":4,"victory":false,"max_hp_per_floor":[75,75,75,75,80,80,80,80,80,82,82,82,82,82,82,82,82,84,84,84,84,84,84,84,86,86,86,86,86,88,88,88,88,88,90,90,90,92,94,94,94],"card_choices":[{"not_picked":["Stack","Sweeping Beam","Steam"],"picked":"SKIP","floor":1},{"not_picked":["Redo","Consume"],"picked":"Defragment","floor":3},{"not_picked":["Lockon","Force Field","Tempest"],"picked":"SKIP","floor":4},{"not_picked":["Hologram","Rip and Tear"],"picked":"Go for the Eyes","floor":7},{"not_picked":["Beam Cell","Ball Lightning","Turbo"],"picked":"Singing Bowl","floor":10},{"not_picked":["Stack","Rebound"],"picked":"Barrage","floor":13},{"not_picked":["Amplify","Rainbow"],"picked":"Electrodynamics","floor":16},{"not_picked":["Sweeping Beam","Tempest","Gash"],"picked":"Singing Bowl","floor":18},{"not_picked":["Steam+1","Compile Driver"],"picked":"Chill","floor":20},{"not_picked":["Rip and Tear+1","Cold Snap+1"],"picked":"Recycle","floor":24},{"not_picked":["Streamline+1","Reinforced Body+1","Sunder"],"picked":"Singing Bowl","floor":25},{"not_picked":["Cold Snap","Defragment"],"picked":"Loop","floor":27},{"not_picked":["Ball Lightning","Lockon","Gash"],"picked":"Singing Bowl","floor":30},{"not_picked":["Thunder Strike","Electrodynamics"],"picked":"Biased Cognition","floor":33},{"not_picked":["Go for the Eyes","Rebound","Coolheaded+1"],"picked":"Singing Bowl","floor":35},{"not_picked":["Ball Lightning","Chaos","Cold Snap"],"picked":"Singing Bowl","floor":38},{"not_picked":["Reinforced Body+1","Consume","Hello World+1"],"picked":"Singing Bowl","floor":39}],"player_experience":172944,"relics_obtained":[{"floor":7,"key":"Blood Vial"},{"floor":9,"key":"Meat on the Bone"},{"floor":10,"key":"Singing Bowl"},{"floor":24,"key":"Kunai"},{"floor":27,"key":"Sundial"},{"floor":30,"key":"Girya"},{"floor":31,"key":"War Paint"}],"event_choices":[{"damage_healed":0,"gold_gain":0,"player_choice":"Got Potions","damage_taken":0,"max_hp_gain":0,"max_hp_loss":0,"event_name":"Lab","floor":2,"gold_loss":0},{"damage_healed":0,"gold_gain":0,"player_choice":"Donut","damage_taken":0,"max_hp_gain":5,"max_hp_loss":0,"event_name":"Big Fish","floor":5,"gold_loss":0},{"cards_removed":["Strike_B"],"damage_healed":0,"gold_gain":0,"player_choice":"Offered Basic","damage_taken":0,"max_hp_gain":0,"max_hp_loss":0,"event_name":"Bonfire Elementals","floor":12,"gold_loss":0},{"damage_healed":0,"gold_gain":0,"player_choice":"Bought 0 Potions","damage_taken":0,"max_hp_gain":0,"max_hp_loss":0,"event_name":"The Woman in Blue","floor":19,"gold_loss":0},{"damage_healed":0,"gold_gain":0,"player_choice":"Copied","damage_taken":0,"max_hp_gain":0,"max_hp_loss":0,"event_name":"Duplicator","floor":22,"gold_loss":0,"cards_obtained":["Defragment"]},{"damage_healed":0,"gold_gain":0,"player_choice":"Ignored","damage_taken":0,"max_hp_gain":0,"max_hp_loss":0,"event_name":"SecretPortal","floor":36,"gold_loss":0}],"is_beta":false,"boss_relics":[{"not_picked":["Orrery","Empty Cage"],"picked":"Cursed Key"},{"not_picked":["Nuclear Battery","Tiny House"],"picked":"Fusion Hammer"}],"items_purged_floors":[11,21,28,37],"is_endless":false,"potions_floor_spawned":[4,7,10,18,33,38],"killed_by":"Giant Head","ascension_level":8}