{"gold_per_floor":[213,193,203,216,233,233,20,35,62,91,91,119,119,139,139,213,213,223,241,4,24,24,24,50,50,50,62,62,96,116,144,144,144],"floor_reached":33,"playtime":1396,"items_purged":["Strike_B"],"score":634,"play_id":"28f46407-5e64-4ee0-9423-7c4845b4e196","local_time":"20190810163210","is_ascension_mode":true,"campfire_choices":[{"data":"Chaos","floor":6.0,"key":"SMITH"},{"data":"Defragment","floor":11.0,"key":"SMITH"},{"data":"Self Repair","floor":13.0,"key":"SMITH"},{"data":"Buffer","floor":15.0,"key":"SMITH"},{"data":"Defragment","floor":23,"key":"SMITH"},{"data":"Doom and Gloom","floor":25,"key":"SMITH"},{"data":"Chill","floor":28,"key":"SMITH"},{"data":"Skim","floor":32,"key":"SMITH"}],"neow_cost":"NONE","seed_source_timestamp":1217660775304,"circlet_count":0,"master_deck":["AscendersBane","Strike_B","Strike_B","Strike_B","Defend_B","Defend_B","Defend_B","Defend_B","Zap","Dualcast","Self Repair+1","Chaos+1","FTL","Defragment+1","Cold Snap","Buffer+1","Chill+1","Skim+1","Hyperbeam","Doom and Gloom+1","Defragment+1","Conserve Battery","Genetic Algorithm","Cold Snap","Echo Form","Stack","Stack+1"],"special_seed":0,"relics":["Cracked Core","Centennial Puzzle","Vajra","Oddly Smooth Stone","Happy Flower","Coffee Dripper","Bag of Preparation","Pantograph","Meat on the Bone","The Courier","Question Card"],"potions_floor_usage":[29,29,31],"damage_taken":[{"damage":2.0,"enemies":"2 Louse","floor":1.0,"turns":3.0},{"damage":1.0,"enemies":"Cultist","floor":3.0,"turns":4.0},{"damage":10.0,"enemies":"Small Slimes","floor":4.0,"turns":4.0},{"damage":12.0,"enemies":"Exordium Thugs","floor":5.0,"turns":6.0},{"damage":20.0,"enemies":"Gremlin Gang","floor":8.0,"turns":5.0},{"damage":16.0,"enemies":"Lagavulin","floor":10.0,"turns":6.0},{"damage":11.0,"enemies":"Gremlin Nob","floor":12.0,"turns":5.0},{"damage":5.0,"enemies":"Looter","floor":14.0,"turns":3.0},{"damage":4.0,"enemies":"The Guardian","floor":16.0,"turns":11.0},{"damage":23.0,"enemies":"3 Byrds","floor":18.0,"turns":5.0},{"damage":9.0,"enemies":"Shell Parasite","floor":19.0,"turns":6.0},{"damage":0,"enemies":"Cultist and Chosen","floor":21,"turns":7},{"damage":28,"enemies":"Slavers","floor":24,"turns":6},{"damage":0,"enemies":"Centurion and Healer","floor":27,"turns":7},{"damage":36,"enemies":"Gremlin Leader","floor":29,"turns":9},{"damage":4,"enemies":"Snake Plant","floor":30,"turns":6},{"damage":23,"enemies":"Book of Stabbing","floor":31,"turns":6},{"damage":81,"enemies":"Collector","floor":33,"turns":7}],"seed_played":"-2299746420749185708","potions_obtained":[{"floor":1.0,"key":"SkillPotion"},{"floor":2.0,"key":"SneckoOil"},{"floor":4.0,"key":"SpeedPotion"},{"floor":12.0,"key":"GamblersBrew"},{"floor":18.0,"key":"Energy Potion"},{"floor":24,"key":"Swift Potion"},{"floor":29,"key":"PowerPotion"},{"floor":31,"key":"Weak Potion"}],"is_trial":false,"path_per_floor":["M","?","M","M","M","R","$","M","T","E","R","E","R","M","R","B",null,"M","M","$","M","?","R","E","R","T","M","R","E","M","E","R","B"],"character_chosen":"DEFECT","items_purchased":["Cold Snap","Centennial Puzzle","Bag of Preparation"],"campfire_rested":0,"item_purchase_floors":[7,7,20],"current_hp_per_floor":[62,62,68,65,60,60,60,47,47,38,38,34,34,39,39,45,65,52,53,53,63,71,71,53,53,53,63,63,49,55,54,54,0],"gold":144,"neow_bonus":"HUNDRED_GOLD","is_prod":false,"is_daily":false,"chose_seed":false,"campfire_upgraded":8,"win_rate":0,"timestamp":1565447530,"path_taken":["M","?","?","M","M","R","$","M","T","E","R","E","R","M","R","BOSS","M","M","$","M","?","R","E","R","T","M","R","E","M","E","R","BOSS"],"build_version":"2019-07-18","purchased_purges":1,"victory":false,"max_hp_per_floor":[71,71,71,71,71,71,71,71,71,71,71,71,71,71,71,71,71,71,71,71,71,71,71,71,71,71,71,71,71,71,71,71,71],"card_choices":[{"not_picked":["Chaos","Streamline"],"picked":"Self Repair","floor":1.0},{"not_picked":["Coolheaded","Redo"],"picked":"Chaos","floor":3.0},{"not_picked":["Rebound","Consume"],"picked":"FTL","floor":4.0},{"not_picked":["Turbo","Stack"],"picked":"Defragment","floor":5.0},{"not_picked":["Redo","Beam Cell","Gash"],"picked":"SKIP","floor":8.0},{"not_picked":["Double Energy","Amplify"],"picked":"Buffer","floor":10.0},{"not_picked":["Hologram","Blizzard"],"picked":"Chill","floor":12.0},{"not_picked":["Hologram","Streamline"],"picked":"Skim","floor":14.0},{"not_picked":["Rainbow","Machine Learning"],"picked":"Hyperbeam","floor":16.0},{"not_picked":["Genetic Algorithm","Redo"],"picked":"Doom and Gloom","floor":18.0},{"not_picked":["Hologram","Genetic Algorithm"],"picked":"Defragment","floor":19},{"not_picked":["Hello World","Redo"],"picked":"Conserve Battery","floor":21},{"not_picked":["Hologram","Gash"],"picked":"Genetic Algorithm","floor":24},{"not_picked":["White Noise","Conserve Battery"],"picked":"Cold Snap","floor":27},{"not_picked":["Redo+1","Glacier"],"picked":"Echo Form","floor":29},{"not_picked":["Gash","Barrage"],"picked":"Stack","floor":30},{"not_picked":["Redo","Steam+1"],"picked":"Stack+1","floor":31}],"player_experience":1973749,"relics_obtained":[{"floor":9.0,"key":"Vajra"},{"floor":10.0,"key":"Oddly Smooth Stone"},{"floor":12.0,"key":"Happy Flower"},{"floor":24,"key":"Pantograph"},{"floor":26,"key":"Meat on the Bone"},{"floor":29,"key":"The Courier"},{"floor":31,"key":"Question Card"}],"event_choices":[{"damage_healed":0.0,"max_hp_gain":0.0,"max_hp_loss":0.0,"gold_gain":0.0,"event_name":"The Woman in Blue","player_choice":"Bought 1 Potion","floor":2.0,"gold_loss":0.0,"damage_taken":0.0},{"damage_healed":8,"gold_gain":0,"player_choice":"Full Heal","damage_taken":0,"max_hp_gain":0,"max_hp_loss":0,"event_name":"Wheel of Change","floor":22,"gold_loss":0}],"is_beta":true,"boss_relics":[{"not_picked":["White Beast Statue","Velvet Choker"],"picked":"Coffee Dripper"}],"items_purged_floors":[20],"is_endless":false,"potions_floor_spawned":[1,4,12,18,24,29,31],"killed_by":"Collector","ascension_level":20}