{"gold_per_floor":[13,32,52,52,71,13,13,48,48,48,117,142,142,485,485,485],"floor_reached":16,"playtime":1085,"items_purged":[],"score":236,"play_id":"edef14a3-c25d-406b-aa38-b262a39b21b1","local_time":"20190809140635","is_ascension_mode":true,"campfire_choices":[{"data":"Dagger Spray","floor":7.0,"key":"SMITH"},{"floor":10.0,"key":"REST"},{"data":"Skewer","floor":15,"key":"SMITH"}],"neow_cost":"NO_GOLD","seed_source_timestamp":647378157177100,"circlet_count":0,"master_deck":["AscendersBane","Strike_G","Strike_G","Strike_G","Strike_G","Strike_G","Defend_G","Defend_G","Defend_G","Defend_G","Defend_G","Survivor","Neutralize","All Out Attack","Quick Slash","Dagger Spray+1","PiercingWail","Burst","Skewer+1","Cloak And Dagger+1"],"special_seed":0,"relics":["Ring of the Snake","FossilizedHelix","Smiling Mask","Orichalcum","Toxic Egg 2","Golden Idol","Old Coin"],"potions_floor_usage":[14],"damage_taken":[{"damage":0.0,"enemies":"2 Louse","floor":1.0,"turns":3.0},{"damage":0.0,"enemies":"Small Slimes","floor":2.0,"turns":3.0},{"damage":0.0,"enemies":"Jaw Worm","floor":3.0,"turns":4.0},{"damage":6.0,"enemies":"Exordium Thugs","floor":5.0,"turns":4.0},{"damage":30.0,"enemies":"Lagavulin","floor":8.0,"turns":8.0},{"damage":10,"enemies":"3 Sentries","floor":12,"turns":7},{"damage":27,"enemies":"Lagavulin","floor":14,"turns":9},{"damage":20,"enemies":"Hexaghost","floor":16,"turns":7}],"seed_played":"-3894773339168173354","potions_obtained":[{"floor":2.0,"key":"SkillPotion"},{"floor":3.0,"key":"AttackPotion"}],"is_trial":false,"path_per_floor":["M","M","M","?","M","$","R","E","T","R","?","E","?","E","R","B"],"character_chosen":"THE_SILENT","items_purchased":["PiercingWail"],"campfire_rested":1,"item_purchase_floors":[6],"current_hp_per_floor":[59,59,59,64,58,58,58,28,28,49,49,39,39,12,12,0],"gold":485,"neow_bonus":"ONE_RARE_RELIC","is_prod":false,"is_daily":false,"chose_seed":false,"campfire_upgraded":2,"win_rate":0,"timestamp":1565384795,"path_taken":["M","M","M","?","M","$","R","E","T","R","?","E","?","E","R","BOSS"],"build_version":"2019-07-17","purchased_purges":0,"victory":false,"max_hp_per_floor":[66,66,66,71,71,71,71,71,71,71,71,71,64,64,64,64],"card_choices":[{"not_picked":["Bane","Escape Plan"],"picked":"All Out Attack","floor":1.0},{"not_picked":["Acrobatics","Concentrate"],"picked":"Quick Slash","floor":2.0},{"not_picked":["Escape Plan","Acrobatics"],"picked":"Dagger Spray","floor":3.0},{"not_picked":["Heel Hook","Dodge and Roll","Deflect"],"picked":"SKIP","floor":5.0},{"not_picked":["Bane","Infinite Blades"],"picked":"Burst","floor":8.0},{"not_picked":["Finisher","Endless Agony"],"picked":"Skewer","floor":12},{"not_picked":["Dagger Throw","Expertise+1"],"picked":"Cloak And Dagger+1","floor":14}],"player_experience":1333043,"relics_obtained":[{"floor":8.0,"key":"Smiling Mask"},{"floor":9.0,"key":"Orichalcum"},{"floor":12,"key":"Toxic Egg 2"},{"floor":14,"key":"Old Coin"}],"event_choices":[{"damage_healed":0.0,"max_hp_gain":5.0,"max_hp_loss":0.0,"gold_gain":0.0,"event_name":"Big Fish","player_choice":"Donut","floor":4.0,"gold_loss":0.0,"damage_taken":0.0},{"damage_healed":0.0,"max_hp_gain":0.0,"max_hp_loss":0.0,"gold_gain":69.0,"event_name":"Golden Wing","player_choice":"Gained Gold","floor":11.0,"gold_loss":0.0,"damage_taken":0.0},{"damage_healed":0,"gold_gain":0,"player_choice":"Lose Max HP","damage_taken":0,"relics_obtained":["Golden Idol"],"max_hp_gain":0,"max_hp_loss":7,"event_name":"Golden Idol","floor":13,"gold_loss":0}],"is_beta":false,"boss_relics":[],"items_purged_floors":[],"is_endless":false,"potions_floor_spawned":[2,3],"killed_by":"Hexaghost","ascension_level":20}