{"gold_per_floor":[113,129,139,11,11,11,11,39,65,102,125,137,114,144,156,247,259,291,8,23,23,35,35,35],"floor_reached":24,"playtime":2852,"items_purged":["Strike_G"],"score":412,"play_id":"a608d102-bf91-46f2-bb7f-98e98cf4c8a6","local_time":"20190806084013","is_ascension_mode":true,"campfire_choices":[{"data":"Footwork","floor":7.0,"key":"SMITH"},{"floor":12.0,"key":"REST"},{"data":"Dagger Spray","floor":15.0,"key":"SMITH"},{"floor":23,"key":"REST"}],"neow_cost":"NONE","seed_source_timestamp":367311633358100,"circlet_count":0,"master_deck":["AscendersBane","Strike_G","Strike_G","Strike_G","Defend_G","Defend_G","Defend_G","Defend_G","Defend_G","Survivor","Neutralize","Cloak And Dagger","Masterful Stab","All Out Attack","Footwork+1","Deadly Poison","Skewer","Dagger Spray+1","Venomology","Well Laid Plans+1","Noxious Fumes"],"special_seed":0,"relics":["Ring of the Snake","Potion Belt","MawBank","Juzu Bracelet","Velvet Choker","Membership Card"],"potions_floor_usage":[22,24,24,24,24],"damage_taken":[{"damage":3.0,"enemies":"Small Slimes","floor":1.0,"turns":5.0},{"damage":1.0,"enemies":"Cultist","floor":2.0,"turns":4.0},{"damage":2.0,"enemies":"2 Louse","floor":3.0,"turns":3.0},{"damage":39.0,"enemies":"Gremlin Nob","floor":8.0,"turns":4.0},{"damage":10.0,"enemies":"3 Sentries","floor":10.0,"turns":9.0},{"damage":4.0,"enemies":"Exordium Thugs","floor":11.0,"turns":5.0},{"damage":0.0,"enemies":"2 Fungi Beasts","floor":14.0,"turns":3.0},{"damage":34.0,"enemies":"Slime Boss","floor":16.0,"turns":12.0},{"damage":3,"enemies":"Shell Parasite","floor":18,"turns":8},{"damage":10,"enemies":"Spheric Guardian","floor":20,"turns":5},{"damage":14,"enemies":"Snake Plant","floor":22,"turns":4},{"damage":56,"enemies":"Slavers","floor":24,"turns":4}],"seed_played":"4582999155280731410","potions_obtained":[{"floor":0.0,"key":"SteroidPotion"},{"floor":0.0,"key":"Dexterity Potion"},{"floor":10.0,"key":"Poison Potion"},{"floor":14.0,"key":"Explosive Potion"}],"is_trial":false,"path_per_floor":["M","M","M","$","?","?","R","E","T","E","M","R","?","M","R","B",null,"M","$","M","?","M","R","E"],"character_chosen":"THE_SILENT","items_purchased":["Footwork","Deadly Poison","Membership Card","PowerPotion"],"campfire_rested":2,"item_purchase_floors":[4,4,19,19],"current_hp_per_floor":[56,55,53,53,58,58,58,19,19,9,5,26,43,43,43,9,56,53,53,43,43,29,50,0],"gold":35,"neow_bonus":"THREE_SMALL_POTIONS","is_prod":false,"is_daily":false,"chose_seed":false,"campfire_upgraded":2,"win_rate":0,"timestamp":1565106013,"path_taken":["M","M","M","$","?","?","R","E","T","E","M","R","?","M","R","BOSS","M","$","M","?","M","R","E"],"build_version":"2019-07-17","purchased_purges":1,"victory":false,"max_hp_per_floor":[66,66,66,66,71,71,71,71,71,71,71,71,71,71,71,71,71,71,71,71,71,71,71,71],"card_choices":[{"not_picked":["Eviscerate","Deflect"],"picked":"Cloak And Dagger","floor":1.0},{"not_picked":["Blade Dance","Backflip"],"picked":"Masterful Stab","floor":2.0},{"not_picked":["Endless Agony","Infinite Blades"],"picked":"All Out Attack","floor":3.0},{"not_picked":["All Out Attack","Storm of Steel","Eviscerate"],"picked":"SKIP","floor":8.0},{"not_picked":["Riddle With Holes","Catalyst"],"picked":"Skewer","floor":10.0},{"not_picked":["Slice","Endless Agony","Accuracy"],"picked":"SKIP","floor":11.0},{"not_picked":["Acrobatics","Slice"],"picked":"Dagger Spray","floor":14.0},{"not_picked":["Tools of the Trade","Bullet Time"],"picked":"Venomology","floor":16.0},{"not_picked":["Acrobatics+1","Deadly Poison"],"picked":"Well Laid Plans+1","floor":18},{"not_picked":["Sucker Punch","Slice","Infinite Blades"],"picked":"SKIP","floor":20},{"not_picked":["Blade Dance","Deflect+1"],"picked":"Noxious Fumes","floor":22}],"player_experience":1280719,"relics_obtained":[{"floor":8.0,"key":"Potion Belt"},{"floor":9.0,"key":"MawBank"},{"floor":10.0,"key":"Juzu Bracelet"}],"event_choices":[{"damage_healed":0.0,"max_hp_gain":5.0,"max_hp_loss":0.0,"gold_gain":0.0,"event_name":"Big Fish","player_choice":"Donut","floor":5.0,"gold_loss":0.0,"damage_taken":0.0},{"cards_removed":["Strike_G"],"damage_healed":0.0,"max_hp_gain":0.0,"max_hp_loss":0.0,"gold_gain":0.0,"event_name":"Purifier","player_choice":"Purged","floor":6.0,"gold_loss":0.0,"damage_taken":0.0},{"damage_healed":17.0,"max_hp_gain":0.0,"max_hp_loss":0.0,"gold_gain":0.0,"event_name":"The Cleric","player_choice":"Healed","floor":13.0,"gold_loss":35.0,"damage_taken":0.0}],"is_beta":false,"boss_relics":[{"not_picked":["Ring of the Serpent","WristBlade"],"picked":"Velvet Choker"}],"items_purged_floors":[19],"is_endless":false,"potions_floor_spawned":[2,10,14],"killed_by":"Slavers","ascension_level":20}