{"gold_per_floor":[114,114,128,128,145,174,174,187,211,286,313,313,46,57,57,57],"floor_reached":16,"playtime":414,"items_purged":["Strike_B"],"score":116,"play_id":"72781930-8dfa-4707-b20f-4fc189640928","local_time":"20190804152116","is_ascension_mode":true,"campfire_choices":[{"data":"Zap","floor":7.0,"key":"SMITH"},{"data":"Defragment","floor":15,"key":"SMITH"}],"neow_cost":"NONE","seed_source_timestamp":6435762968401,"circlet_count":0,"master_deck":["Strike_B","Strike_B","Defend_B","Defend_B","Defend_B","Defend_B","Zap+1","Dualcast","Fusion","Sweeping Beam","Capacitor","Reinforced Body","Genetic Algorithm","Cold Snap","Defragment+1","Ball Lightning"],"special_seed":0,"relics":["Cracked Core","Blood Vial","Centennial Puzzle","Lantern","Orichalcum","ClockworkSouvenir"],"potions_floor_usage":[16,16],"damage_taken":[{"damage":1.0,"enemies":"Cultist","floor":1.0,"turns":4.0},{"damage":0.0,"enemies":"Small Slimes","floor":3.0,"turns":3.0},{"damage":5.0,"enemies":"2 Louse","floor":5.0,"turns":3.0},{"damage":41.0,"enemies":"Gremlin Nob","floor":6.0,"turns":5.0},{"damage":3.0,"enemies":"Large Slime","floor":8.0,"turns":6.0},{"damage":11,"enemies":"Lagavulin","floor":11,"turns":8},{"damage":2,"enemies":"Blue Slaver","floor":14,"turns":4},{"damage":18,"enemies":"The Guardian","floor":16,"turns":2}],"seed_played":"-5372330394811041855","potions_obtained":[{"floor":1.0,"key":"LiquidBronze"},{"floor":6.0,"key":"Weak Potion"},{"floor":8.0,"key":"Fruit Juice"}],"is_trial":false,"path_per_floor":["M","?","M","?","M","E","R","M","T","?","E","?","$","M","R","B"],"character_chosen":"DEFECT","items_purchased":["ClockworkSouvenir"],"campfire_rested":0,"item_purchase_floors":[13],"current_hp_per_floor":[74,74,74,74,69,28,28,32,32,21,12,12,12,12,12,0],"gold":57,"neow_bonus":"THREE_CARDS","is_prod":false,"is_daily":false,"chose_seed":false,"campfire_upgraded":2,"win_rate":0,"timestamp":1564924876,"path_taken":["M","?","M","?","?","E","R","M","T","?","E","?","$","M","R","BOSS"],"build_version":"2019-07-18","purchased_purges":1,"victory":false,"max_hp_per_floor":[75,75,75,75,75,75,75,80,80,80,80,80,80,80,80,80],"card_choices":[{"not_picked":["Streamline","Turbo"],"picked":"Fusion","floor":0.0},{"not_picked":["Aggregate","Coolheaded"],"picked":"Sweeping Beam","floor":1.0},{"not_picked":["Turbo","Streamline"],"picked":"Capacitor","floor":3.0},{"not_picked":["Rebound","Conserve Battery"],"picked":"Reinforced Body","floor":5.0},{"not_picked":["Hologram","Compile Driver"],"picked":"Genetic Algorithm","floor":6.0},{"not_picked":["Coolheaded","Beam Cell"],"picked":"Cold Snap","floor":8.0},{"not_picked":["Hologram","Rebound"],"picked":"Defragment","floor":11},{"not_picked":["Double Energy","Static Discharge"],"picked":"Ball Lightning","floor":14}],"player_experience":1959956,"relics_obtained":[{"floor":6.0,"key":"Blood Vial"},{"floor":9.0,"key":"Centennial Puzzle"},{"floor":11,"key":"Lantern"}],"event_choices":[{"damage_healed":0.0,"max_hp_gain":0.0,"max_hp_loss":0.0,"gold_gain":0.0,"event_name":"Liars Game","player_choice":"Ignored","floor":2.0,"gold_loss":0.0,"damage_taken":0.0},{"cards_removed":["Strike_B"],"damage_healed":0.0,"max_hp_gain":0.0,"max_hp_loss":0.0,"gold_gain":0.0,"event_name":"Bonfire Elementals","player_choice":"Offered Basic","floor":4.0,"gold_loss":0.0,"damage_taken":0.0},{"damage_healed":0.0,"max_hp_gain":0.0,"max_hp_loss":0.0,"gold_gain":75.0,"event_name":"World of Goop","player_choice":"Gather Gold","floor":10.0,"gold_loss":0.0,"damage_taken":11.0},{"damage_healed":0,"gold_gain":0,"player_choice":"Searched \u00271\u0027 times","damage_taken":0,"relics_obtained":["Orichalcum"],"max_hp_gain":0,"max_hp_loss":0,"event_name":"Dead Adventurer","floor":12,"gold_loss":0}],"is_beta":true,"boss_relics":[],"items_purged_floors":[13],"is_endless":false,"potions_floor_spawned":[1,6,8],"killed_by":"The Guardian","ascension_level":1}