{"gold_per_floor":[117,134,150,5,5,5,35,35,35,55,55,55],"floor_reached":12,"playtime":278,"items_purged":["Strike_B"],"score":137,"play_id":"b04da54a-3dd1-4a3c-a638-609d64c3ea82","local_time":"20190720005326","is_ascension_mode":true,"campfire_choices":[{"data":"Darkness","floor":6.0,"key":"SMITH"}],"neow_cost":"TEN_PERCENT_HP_LOSS","seed_source_timestamp":122769845011085,"circlet_count":0,"master_deck":["AscendersBane","Defend_B","Defend_B","Defend_B","Defend_B","Zap","Dualcast","Darkness+1","Melter","Defragment+1","Seek","Leap"],"special_seed":0,"relics":["Cracked Core","Unceasing Top","Kunai"],"potions_floor_usage":[7,7,12],"damage_taken":[{"damage":0.0,"enemies":"Small Slimes","floor":1.0,"turns":3.0},{"damage":0.0,"enemies":"2 Louse","floor":2.0,"turns":1.0},{"damage":12.0,"enemies":"Jaw Worm","floor":3.0,"turns":3.0},{"damage":40,"enemies":"3 Sentries","floor":7,"turns":9},{"damage":1,"enemies":"Exordium Thugs","floor":10,"turns":3},{"damage":25,"enemies":"Gremlin Nob","floor":12,"turns":3}],"seed_played":"1542602177326455155","potions_obtained":[{"floor":2.0,"key":"Strength Potion"},{"floor":3.0,"key":"EntropicBrew"}],"is_trial":false,"path_per_floor":["M","M","M","$","?","R","E","?","T","M","?","E"],"character_chosen":"DEFECT","items_purchased":["Defragment"],"campfire_rested":0,"item_purchase_floors":[4],"current_hp_per_floor":[64,64,52,52,57,57,17,17,17,16,9,0],"gold":55,"neow_bonus":"REMOVE_TWO","is_prod":false,"is_daily":false,"chose_seed":false,"campfire_upgraded":1,"win_rate":0,"timestamp":1563576806,"path_taken":["M","M","M","$","?","R","E","?","T","M","?","E"],"build_version":"2019-07-18","purchased_purges":1,"victory":false,"max_hp_per_floor":[64,64,64,64,69,69,69,69,69,69,69,69],"card_choices":[{"not_picked":["Compile Driver","Conserve Battery"],"picked":"Darkness","floor":1.0},{"not_picked":["Streamline","Stack"],"picked":"Melter","floor":2.0},{"not_picked":["Hello World","Chaos","Go for the Eyes"],"picked":"SKIP","floor":3.0},{"not_picked":["Blizzard","Fusion"],"picked":"Seek","floor":7},{"not_picked":["Stack","Aggregate"],"picked":"Leap","floor":10}],"player_experience":1903668,"relics_obtained":[{"floor":7,"key":"Unceasing Top"},{"floor":9,"key":"Kunai"}],"event_choices":[{"damage_healed":0.0,"max_hp_gain":5.0,"max_hp_loss":0.0,"gold_gain":0.0,"event_name":"Big Fish","player_choice":"Donut","floor":5.0,"gold_loss":0.0,"damage_taken":0.0},{"damage_healed":0,"gold_gain":0,"player_choice":"Grow","damage_taken":0,"max_hp_gain":0,"max_hp_loss":0,"event_name":"Living Wall","floor":8,"gold_loss":0,"cards_upgraded":["Defragment"]},{"cards_removed":["Strike_B"],"damage_healed":0,"gold_gain":0,"player_choice":"Card Removal","damage_taken":7,"max_hp_gain":0,"max_hp_loss":0,"event_name":"Golden Wing","floor":11,"gold_loss":0}],"is_beta":true,"boss_relics":[],"items_purged_floors":[4],"is_endless":false,"potions_floor_spawned":[2,3],"killed_by":"Gremlin Nob","ascension_level":15}