{"gold_per_floor":[117,192,367,381,271,271,48,80,80,80,95,95,107,117,117,215,215,229,229,55,75,58,58,87,87,111,130,130,130,50,62,62,62],"floor_reached":33,"playtime":3029,"items_purged":["Doubt","Strike_B"],"score":317,"play_id":"6bb33665-a0c6-459c-aa0b-96c9593f581f","local_time":"20190806000531","is_ascension_mode":true,"campfire_choices":[{"data":"Zap","floor":6,"key":"SMITH"},{"data":"Go for the Eyes","floor":15,"key":"SMITH"},{"data":"Chaos","floor":23,"key":"SMITH"},{"floor":25,"key":"REST"},{"floor":29,"key":"REST"},{"data":"Echo Form","floor":32,"key":"SMITH"}],"neow_cost":"NONE","seed_source_timestamp":69212690736699,"circlet_count":0,"master_deck":["Strike_B+1","Defend_B+1","Defend_B+1","Defend_B+1","Zap+1","Dualcast","Streamline","Reinforced Body+1","Capacitor","Cold Snap","Go for the Eyes+1","Chill","Melter","Rebound","Barrage","Leap","All For One","Leap+1","Redo","FTL+1","Turbo","Chaos+1","Loop","Compile Driver+1","Echo Form+1","Redo+1"],"relics":["Cracked Core","NeowsBlessing","Membership Card","Letter Opener","Art of War","Empty Cage","War Paint","Boot","Matryoshka","Whetstone"],"potions_floor_usage":[14,21,33],"damage_taken":[{"damage":0,"enemies":"Jaw Worm","floor":1,"turns":1},{"damage":0,"enemies":"2 Louse","floor":4,"turns":1},{"damage":0,"enemies":"Gremlin Nob","floor":8,"turns":1},{"damage":0,"enemies":"Small Slimes","floor":11,"turns":2},{"damage":4,"enemies":"Exordium Thugs","floor":13,"turns":4},{"damage":0,"enemies":"Gremlin Gang","floor":14,"turns":1},{"damage":10,"enemies":"Slime Boss","floor":16,"turns":12},{"damage":9,"enemies":"3 Byrds","floor":18,"turns":5},{"damage":4,"enemies":"2 Thieves","floor":21,"turns":3},{"damage":55,"enemies":"Gremlin Leader","floor":24,"turns":9},{"damage":10,"enemies":"Chosen and Byrds","floor":27,"turns":7},{"damage":11,"enemies":"Centurion and Healer","floor":31,"turns":6},{"damage":48,"enemies":"Automaton","floor":33,"turns":6}],"seed_played":"4506214046206684806","potions_obtained":[{"floor":1,"key":"Strength Potion"},{"floor":4,"key":"AttackPotion"},{"floor":13,"key":"Explosive Potion"},{"floor":14,"key":"Swift Potion"},{"floor":24,"key":"Explosive Potion"},{"floor":27,"key":"Regen Potion"}],"is_trial":false,"path_per_floor":["M","?","?","M","$","R","$","E","T","?","M","?","M","M","R","B",null,"M","?","$","M","$","R","E","R","T","M","?","R","$","M","R","B"],"character_chosen":"DEFECT","items_purchased":["Capacitor","Membership Card","Cold Snap","Redo","FTL","Boot","Chaos","Echo Form"],"campfire_rested":2,"item_purchase_floors":[5,7,7,20,20,20,22,30],"current_hp_per_floor":[75,64,64,64,64,64,64,64,64,49,49,49,45,45,45,35,75,66,66,66,62,62,62,7,29,29,19,19,41,41,30,30,0],"gold":62,"neow_bonus":"THREE_ENEMY_KILL","is_prod":false,"is_daily":false,"chose_seed":false,"campfire_upgraded":4,"win_rate":0,"timestamp":1565017531,"path_taken":["M","?","?","M","$","R","$","E","T","?","M","?","M","M","R","BOSS","M","?","$","M","?","R","E","R","T","?","?","R","$","M","R","BOSS"],"build_version":"2019-07-17","purchased_purges":2,"victory":false,"max_hp_per_floor":[75,75,75,75,75,75,75,75,75,75,75,75,75,75,75,75,75,75,75,75,75,75,75,75,75,75,75,75,75,75,75,75,75],"card_choices":[{"not_picked":["Lockon","Stack"],"picked":"Streamline","floor":1},{"not_picked":["Rip and Tear","Static Discharge"],"picked":"Reinforced Body","floor":4},{"not_picked":["Beam Cell","Barrage"],"picked":"Go for the Eyes","floor":8},{"not_picked":["Rebound","Gash"],"picked":"Chill","floor":11},{"not_picked":["Turbo","Go for the Eyes"],"picked":"Barrage","floor":13},{"not_picked":["Creative AI","Beam Cell"],"picked":"Leap","floor":14},{"not_picked":["Electrodynamics","Multi-Cast"],"picked":"All For One","floor":16},{"not_picked":["Melter","Barrage"],"picked":"Leap+1","floor":18},{"not_picked":["Go for the Eyes","Hello World"],"picked":"Turbo","floor":21},{"not_picked":["Redo","Stack+1"],"picked":"Loop","floor":24},{"not_picked":["Conserve Battery","Loop+1"],"picked":"Compile Driver+1","floor":27},{"not_picked":["Core Surge","Auto Shields"],"picked":"Redo+1","floor":31}],"player_experience":172735,"relics_obtained":[{"floor":8,"key":"Letter Opener"},{"floor":9,"key":"Art of War"},{"floor":24,"key":"Matryoshka"},{"floor":26,"key":"Whetstone"}],"event_choices":[{"damage_healed":0,"gold_gain":75,"player_choice":"Gather Gold","damage_taken":11,"max_hp_gain":0,"max_hp_loss":0,"event_name":"World of Goop","floor":2,"gold_loss":0},{"damage_healed":0,"gold_gain":175,"player_choice":"AGREE","damage_taken":0,"max_hp_gain":0,"max_hp_loss":0,"event_name":"Liars Game","floor":3,"gold_loss":0,"cards_obtained":["Doubt"]},{"damage_healed":0,"gold_gain":0,"player_choice":"Entered Light","damage_taken":15,"max_hp_gain":0,"max_hp_loss":0,"event_name":"Shining Light","floor":10,"gold_loss":0,"cards_upgraded":["Reinforced Body","Defend_B"]},{"damage_healed":0,"gold_gain":0,"player_choice":"2 cards matched","damage_taken":0,"max_hp_gain":0,"max_hp_loss":0,"event_name":"Match and Keep!","floor":12,"gold_loss":0,"cards_obtained":["Melter","Rebound"]},{"damage_healed":0,"gold_gain":0,"player_choice":"Opened","damage_taken":0,"relics_obtained":["War Paint"],"max_hp_gain":0,"max_hp_loss":0,"event_name":"The Mausoleum","floor":19,"gold_loss":0},{"cards_removed":["Defend_B"],"damage_healed":0,"gold_gain":0,"player_choice":"Offered Basic","damage_taken":0,"max_hp_gain":0,"max_hp_loss":0,"event_name":"Bonfire Elementals","floor":28,"gold_loss":0}],"is_beta":false,"boss_relics":[{"not_picked":["Tiny House","Eternal Feather"],"picked":"Empty Cage"}],"items_purged_floors":[5,20],"is_endless":false,"potions_floor_spawned":[1,4,13,14,24,27],"killed_by":"Automaton","ascension_level":2}