{"gold_per_floor":[118,129,147,147,147,147,182,182,234,12,27,0,0,15,15,139,139,158,58,79,79,79],"floor_reached":22,"playtime":940,"items_purged":["Strike_R","Strike_R"],"score":248,"play_id":"9105be63-9c65-4548-be6c-829cf16a9c99","local_time":"20190809020817","is_ascension_mode":true,"campfire_choices":[{"data":"Rampage","floor":6,"key":"SMITH"},{"data":"Hemokinesis","floor":8,"key":"SMITH"},{"floor":15,"key":"REST"}],"neow_cost":"NONE","seed_source_timestamp":272789976585880,"circlet_count":0,"master_deck":["Strike_R+1","Strike_R+1","Defend_R","Defend_R","Defend_R","Defend_R","Bash","Hemokinesis+1","Rampage+1","Headbutt","Headbutt","Shrug It Off","Demon Form","Shockwave","Sword Boomerang","Intimidate","Cleave","Shrug It Off"],"relics":["Burning Blood","Bronze Scales","Golden Idol","Blood Vial","Centennial Puzzle","Whetstone","Orrery"],"potions_floor_usage":[7,7,11,20,22],"damage_taken":[{"damage":1,"enemies":"Cultist","floor":1,"turns":4},{"damage":3,"enemies":"Small Slimes","floor":2,"turns":3},{"damage":3,"enemies":"2 Louse","floor":3,"turns":2},{"damage":18,"enemies":"Lagavulin","floor":7,"turns":3},{"damage":12,"enemies":"Large Slime","floor":11,"turns":4},{"damage":3,"enemies":"Blue Slaver","floor":14,"turns":3},{"damage":66,"enemies":"Hexaghost","floor":16,"turns":8},{"damage":34,"enemies":"Shell Parasite","floor":18,"turns":4},{"damage":27,"enemies":"Spheric Guardian","floor":20,"turns":3},{"damage":15,"enemies":"Centurion and Healer","floor":22,"turns":3}],"seed_played":"-2584888653782845274","potions_obtained":[{"floor":2,"key":"AttackPotion"},{"floor":3,"key":"Strength Potion"},{"floor":7,"key":"Swift Potion"},{"floor":16,"key":"Swift Potion"},{"floor":18,"key":"EssenceOfSteel"}],"is_trial":false,"path_per_floor":["M","M","M","?","?","R","E","R","T","$","M","?","$","M","R","B",null,"M","$","M","$","M"],"character_chosen":"IRONCLAD","items_purchased":["Whetstone"],"campfire_rested":1,"item_purchase_floors":[10],"current_hp_per_floor":[77,80,80,80,60,60,48,48,48,48,44,44,44,49,73,15,64,38,38,19,19,6],"gold":79,"neow_bonus":"RANDOM_COMMON_RELIC","is_prod":false,"is_daily":false,"chose_seed":false,"campfire_upgraded":2,"win_rate":0,"timestamp":1565341697,"path_taken":["M","?","M","?","?","R","E","R","T","$","M","?","?","?","R","BOSS","M","$","M","$","M"],"build_version":"2019-07-17","purchased_purges":2,"victory":false,"max_hp_per_floor":[80,80,80,80,80,80,80,80,80,80,80,80,80,80,80,80,80,80,80,80,80,80],"card_choices":[{"not_picked":["True Grit","Flex"],"picked":"Hemokinesis","floor":1},{"not_picked":["Body Slam","Shrug It Off"],"picked":"Rampage","floor":2},{"not_picked":["Pummel","Rage"],"picked":"Headbutt","floor":3},{"not_picked":["Heavy Blade","Searing Blow"],"picked":"Headbutt","floor":7},{"not_picked":["Cleave","Carnage"],"picked":"Shrug It Off","floor":11},{"not_picked":["Anger","Feel No Pain","Fire Breathing"],"picked":"SKIP","floor":14},{"not_picked":["Exhume","Bludgeon"],"picked":"Demon Form","floor":16},{"not_picked":["True Grit","Heavy Blade"],"picked":"Shockwave","floor":17},{"not_picked":["Headbutt","Sever Soul"],"picked":"Sword Boomerang","floor":17},{"not_picked":["Uppercut","Brutality"],"picked":"Intimidate","floor":17},{"not_picked":["Burning Pact","Reckless Charge"],"picked":"Cleave","floor":17},{"not_picked":["Iron Wave","Pommel Strike"],"picked":"Shrug It Off","floor":18},{"not_picked":["Ghostly Armor","Twin Strike+1","Clash"],"picked":"SKIP","floor":20}],"player_experience":238740,"relics_obtained":[{"floor":7,"key":"Blood Vial"},{"floor":9,"key":"Centennial Puzzle"}],"event_choices":[{"cards_removed":["Strike_R"],"damage_healed":0,"gold_gain":0,"player_choice":"Forget","damage_taken":0,"max_hp_gain":0,"max_hp_loss":0,"event_name":"Living Wall","floor":4,"gold_loss":0},{"damage_healed":0,"gold_gain":0,"player_choice":"Take Damage","damage_taken":20,"relics_obtained":["Golden Idol"],"max_hp_gain":0,"max_hp_loss":0,"event_name":"Golden Idol","floor":5,"gold_loss":0},{"damage_healed":0,"gold_gain":0,"player_choice":"Left Gold","damage_taken":0,"max_hp_gain":0,"max_hp_loss":0,"event_name":"World of Goop","floor":12,"gold_loss":27}],"is_beta":false,"boss_relics":[{"not_picked":["Runic Cube","Astrolabe"],"picked":"Orrery"}],"items_purged_floors":[10,19],"is_endless":false,"potions_floor_spawned":[2,3,7,16,18],"killed_by":"Centurion and Healer","ascension_level":7}