{"gold_per_floor":[119,138,138,35,35,67,67,98,98,116,116],"floor_reached":11,"playtime":825,"items_purged":["Strike_R"],"score":212,"play_id":"cabe508c-a2ff-4dc6-8e4b-c0535cfdf4e7","local_time":"20190730135119","is_ascension_mode":true,"campfire_choices":[{"data":"Bash","floor":7,"key":"SMITH"}],"neow_cost":"NONE","seed_source_timestamp":917555168580513,"circlet_count":0,"master_deck":["AscendersBane","Strike_R+1","Strike_R","Strike_R","Strike_R+1","Defend_R","Defend_R","Defend_R","Defend_R","Bash+1","Rampage","Clothesline","Ghostly Armor","Corruption","Carnage"],"relics":["Burning Blood","NeowsBlessing","Question Card","Lantern","Singing Bowl","Sundial"],"potions_floor_usage":[8,11],"damage_taken":[{"damage":0,"enemies":"2 Louse","floor":1,"turns":1},{"damage":0,"enemies":"Cultist","floor":2,"turns":1},{"damage":0,"enemies":"3 Sentries","floor":6,"turns":2},{"damage":34,"enemies":"Lagavulin","floor":8,"turns":7},{"damage":0,"enemies":"Jaw Worm","floor":10,"turns":3},{"damage":23,"enemies":"3 Sentries","floor":11,"turns":8}],"seed_played":"-3713801803979512798","potions_obtained":[{"floor":2,"key":"Weak Potion"},{"floor":6,"key":"Dexterity Potion"},{"floor":8,"key":"Strength Potion"}],"is_trial":false,"path_per_floor":["M","M","?","$","?","E","R","E","T","M","E"],"character_chosen":"IRONCLAD","items_purchased":["Clothesline"],"campfire_rested":0,"item_purchase_floors":[4],"current_hp_per_floor":[74,75,52,52,34,40,40,12,12,18,0],"gold":116,"neow_bonus":"THREE_ENEMY_KILL","is_prod":false,"is_daily":false,"chose_seed":false,"campfire_upgraded":1,"win_rate":0,"timestamp":1564483879,"path_taken":["M","M","?","$","?","E","R","E","T","M","E"],"build_version":"2019-07-17","purchased_purges":1,"victory":false,"max_hp_per_floor":[75,75,75,75,75,75,75,75,75,75,75],"card_choices":[{"not_picked":["Clash","Intimidate","Warcry"],"picked":"SKIP","floor":1},{"not_picked":["Cleave","Clash"],"picked":"Rampage","floor":2},{"not_picked":["Anger","Havoc","True Grit"],"picked":"Ghostly Armor","floor":6},{"not_picked":["Battle Trance","Rupture","Spot Weakness"],"picked":"Corruption","floor":8},{"not_picked":["Flex","Clothesline","Seeing Red"],"picked":"Carnage","floor":10}],"player_experience":1102461,"relics_obtained":[{"floor":6,"key":"Lantern"},{"floor":8,"key":"Singing Bowl"},{"floor":9,"key":"Sundial"}],"event_choices":[{"damage_healed":0,"gold_gain":0,"player_choice":"Entered Light","damage_taken":23,"max_hp_gain":0,"max_hp_loss":0,"event_name":"Shining Light","floor":3,"gold_loss":0,"cards_upgraded":["Strike_R","Strike_R"]},{"damage_healed":0,"gold_gain":0,"player_choice":"Success","damage_taken":18,"relics_obtained":["Question Card"],"max_hp_gain":0,"max_hp_loss":0,"event_name":"Scrap Ooze","floor":5,"gold_loss":0}],"is_beta":false,"boss_relics":[],"items_purged_floors":[4],"is_endless":false,"potions_floor_spawned":[2,6,8],"killed_by":"3 Sentries","ascension_level":20}