{"gold_per_floor":[18,18,18,18,31,31,58,58,58,58,58],"floor_reached":11,"playtime":209,"items_purged":[],"score":138,"play_id":"6f6c6ae4-9834-402e-8cd9-ca83f325fe11","local_time":"20190726200240","is_ascension_mode":true,"campfire_choices":[{"data":"Hello World","floor":6,"key":"SMITH"},{"data":"Hyperbeam","floor":8,"key":"SMITH"},{"floor":10,"key":"REST"}],"neow_cost":"NO_GOLD","seed_source_timestamp":4182403477608,"circlet_count":0,"master_deck":["AscendersBane","Strike_B","Strike_B","Strike_B","Defend_B","Defend_B","Defend_B","Defend_B","Zap","Dualcast","Seek","Hello World+1","Auto Shields","Hyperbeam+1"],"relics":["Cracked Core","Ancient Tea Set","Ornamental Fan"],"potions_floor_usage":[],"damage_taken":[{"damage":0,"enemies":"2 Louse","floor":1,"turns":3},{"damage":1,"enemies":"Cultist","floor":5,"turns":3},{"damage":39,"enemies":"3 Sentries","floor":7,"turns":10},{"damage":49,"enemies":"Gremlin Nob","floor":11,"turns":5}],"seed_played":"-5614175679970938566","potions_obtained":[{"floor":5,"key":"SpeedPotion"},{"floor":7,"key":"EntropicBrew"}],"is_trial":false,"path_per_floor":["M","?","$","?","M","R","E","R","T","R","E"],"character_chosen":"DEFECT","items_purchased":[],"campfire_rested":1,"item_purchase_floors":[],"current_hp_per_floor":[64,64,64,69,68,68,29,29,29,51,2],"gold":58,"neow_bonus":"THREE_RARE_CARDS","is_prod":false,"is_daily":false,"chose_seed":false,"campfire_upgraded":2,"win_rate":0,"timestamp":1564164160,"path_taken":["M","?","?","?","M","R","E","R","T","R","E"],"build_version":"2019-07-18","purchased_purges":0,"victory":false,"max_hp_per_floor":[71,71,71,76,76,76,76,76,76,76,76],"card_choices":[{"not_picked":["Amplify","Thunder Strike"],"picked":"Seek","floor":0},{"not_picked":["Turbo","Beam Cell","Barrage"],"picked":"SKIP","floor":1},{"not_picked":["Hologram","Ball Lightning"],"picked":"Auto Shields","floor":5},{"not_picked":["Leap","Force Field"],"picked":"Hyperbeam","floor":7}],"player_experience":1924906,"relics_obtained":[{"floor":7,"key":"Ancient Tea Set"},{"floor":9,"key":"Ornamental Fan"}],"event_choices":[{"damage_healed":0,"gold_gain":0,"cards_transformed":["Strike_B"],"player_choice":"Transformed","damage_taken":0,"max_hp_gain":0,"max_hp_loss":0,"event_name":"Transmorgrifier","floor":2,"gold_loss":0,"cards_obtained":["Hello World"]},{"damage_healed":0,"gold_gain":0,"player_choice":"Donut","damage_taken":0,"max_hp_gain":5,"max_hp_loss":0,"event_name":"Big Fish","floor":4,"gold_loss":0}],"is_beta":true,"boss_relics":[],"items_purged_floors":[],"is_endless":false,"potions_floor_spawned":[5,7],"killed_by":"Gremlin Nob","ascension_level":20}