{"gold_per_floor":[112,262,159,172,172,172,203,203,203,117,181,181,199,99,99,99],"floor_reached":16,"playtime":436,"items_purged":["Doubt","Strike_B"],"score":236,"play_id":"7e58f372-3090-4533-b579-d3c8db14a740","local_time":"20190806223754","is_ascension_mode":true,"campfire_choices":[{"data":"Zap","floor":6,"key":"SMITH"},{"data":"Dualcast","floor":8,"key":"SMITH"},{"data":"Defragment","floor":12,"key":"SMITH"},{"floor":15,"key":"REST"}],"neow_cost":"NONE","seed_source_timestamp":48513906888815,"circlet_count":0,"master_deck":["AscendersBane","Strike_B+1","Strike_B","Strike_B","Defend_B","Defend_B","Defend_B","Defend_B","Zap+1","Dualcast+1","Streamline","Coolheaded","Auto Shields+1","Skim","Defragment+1","White Noise"],"relics":["Cracked Core","NeowsBlessing","Pear","Shovel","Gremlin Horn"],"potions_floor_usage":[11],"damage_taken":[{"damage":0,"enemies":"2 Louse","floor":1,"turns":1},{"damage":0,"enemies":"Small Slimes","floor":4,"turns":1},{"damage":0,"enemies":"3 Sentries","floor":7,"turns":1},{"damage":27,"enemies":"Lagavulin Event","floor":11,"turns":6},{"damage":2,"enemies":"Jaw Worm","floor":13,"turns":4},{"damage":51,"enemies":"Slime Boss","floor":16,"turns":9}],"seed_played":"3732300412965504736","potions_obtained":[{"floor":4,"key":"PowerPotion"}],"is_trial":false,"path_per_floor":["M","?","$","M","?","R","E","R","T","$","?","R","M","$","R","B"],"character_chosen":"DEFECT","items_purchased":["Coolheaded","Defragment"],"campfire_rested":1,"item_purchase_floors":[3,10],"current_hp_per_floor":[64,64,64,64,43,43,53,53,53,53,26,26,24,24,48,0],"gold":99,"neow_bonus":"THREE_ENEMY_KILL","is_prod":false,"is_daily":false,"chose_seed":false,"campfire_upgraded":3,"win_rate":0,"timestamp":1565098674,"path_taken":["M","?","$","M","?","R","E","R","T","?","?","R","M","$","R","BOSS"],"build_version":"2019-07-17","purchased_purges":2,"victory":false,"max_hp_per_floor":[71,71,71,71,71,71,81,81,81,81,81,81,81,81,81,81],"card_choices":[{"not_picked":["Go for the Eyes","Leap"],"picked":"Streamline","floor":1},{"not_picked":["Leap","Rebound"],"picked":"Auto Shields","floor":4},{"not_picked":["Melter","FTL"],"picked":"Skim","floor":7},{"not_picked":["Coolheaded","Leap"],"picked":"White Noise","floor":11},{"not_picked":["Blizzard","Skim","Rip and Tear"],"picked":"SKIP","floor":13}],"player_experience":267973,"relics_obtained":[{"floor":7,"key":"Pear"},{"floor":9,"key":"Shovel"},{"floor":11,"key":"Gremlin Horn"}],"event_choices":[{"damage_healed":0,"gold_gain":150,"player_choice":"AGREE","damage_taken":0,"max_hp_gain":0,"max_hp_loss":0,"event_name":"Liars Game","floor":2,"gold_loss":0,"cards_obtained":["Doubt"]},{"damage_healed":0,"gold_gain":0,"player_choice":"Entered Light","damage_taken":21,"max_hp_gain":0,"max_hp_loss":0,"event_name":"Shining Light","floor":5,"gold_loss":0,"cards_upgraded":["Strike_B","Auto Shields"]},{"damage_healed":0,"gold_gain":0,"player_choice":"Searched \u00271\u0027 times","damage_taken":0,"max_hp_gain":0,"max_hp_loss":0,"event_name":"Dead Adventurer","floor":11,"gold_loss":0}],"is_beta":false,"boss_relics":[],"items_purged_floors":[3,14],"is_endless":false,"potions_floor_spawned":[4],"killed_by":"Slime Boss","ascension_level":19}