{"gold_per_floor":[115,128,53,53,68,68,91,114,114,114,130,130,80,80,80,80],"floor_reached":16,"playtime":914,"items_purged":["Strike_Br","Strike_Br"],"score":92,"play_id":"2531a985-b44c-4b55-882f-7917c9917089","local_time":"20190730143521","is_ascension_mode":false,"campfire_choices":[{"data":"SecondHand","floor":6,"key":"SMITH"},{"data":"WatchCommand","floor":10,"key":"SMITH"},{"data":"Tempo","floor":12,"key":"SMITH"},{"data":"Accruing","floor":15,"key":"SMITH"}],"neow_cost":"NONE","seed_source_timestamp":39810082467843,"circlet_count":0,"master_deck":["Strike_Br","Strike_Br","Defend_Br","Defend_Br","Defend_Br","SecondHand+1","PatternShift","LockedAnchor","Accruing+1","WatchCommand+1","Break","Stagnate","Grave+1"],"relics":["Chronometer","Golden Idol","Smiling Mask"],"potions_floor_usage":[7,16],"damage_taken":[{"damage":2,"enemies":"Jaw Worm","floor":1,"turns":5},{"damage":2,"enemies":"Small Slimes","floor":2,"turns":4},{"damage":0,"enemies":"Cultist","floor":5,"turns":4},{"damage":9,"enemies":"Lots of Slimes","floor":7,"turns":6},{"damage":0,"enemies":"2 Fungi Beasts","floor":8,"turns":7},{"damage":0,"enemies":"Exordium Wildlife","floor":11,"turns":7},{"damage":55,"enemies":"Hexaghost","floor":16,"turns":18}],"seed_played":"-7720652299223827285","potions_obtained":[{"floor":1,"key":"Regen Potion"},{"floor":8,"key":"WardPotion"},{"floor":11,"key":"Explosive Potion"}],"is_trial":false,"path_per_floor":["M","M","$","?","M","R","M","M","T","R","M","R","$","?","R","B"],"character_chosen":"CHRONO_CLASS","items_purchased":[],"campfire_rested":0,"item_purchase_floors":[],"current_hp_per_floor":[63,61,61,45,45,45,50,50,50,50,50,50,50,55,55,0],"gold":80,"neow_bonus":"TRANSFORM_CARD","is_prod":false,"is_daily":false,"chose_seed":false,"campfire_upgraded":4,"win_rate":0.0,"timestamp":1564464921,"path_taken":["M","M","$","?","M","R","M","M","T","R","M","R","$","?","R","BOSS"],"build_version":"2019-07-17","purchased_purges":2,"victory":false,"max_hp_per_floor":[65,65,65,65,65,65,65,65,65,65,65,65,65,70,70,70],"card_choices":[{"not_picked":["PrimeTime","WakeUpCall"],"picked":"Accruing","floor":1},{"not_picked":["BlueShift","ReapSow"],"picked":"Tempo","floor":2},{"not_picked":["LockedTornado","BiteCommand"],"picked":"WatchCommand","floor":5},{"not_picked":["Engulf","Backlash"],"picked":"Break","floor":7},{"not_picked":["LockedOrichalcum","Cuckoo","Echoward"],"picked":"SKIP","floor":8},{"not_picked":["LockedTornado","Echoward"],"picked":"Stagnate","floor":11}],"player_experience":205987,"relics_obtained":[{"floor":9,"key":"Smiling Mask"}],"event_choices":[{"damage_healed":0,"gold_gain":0,"player_choice":"Take Damage","damage_taken":16,"relics_obtained":["Golden Idol"],"max_hp_gain":0,"max_hp_loss":0,"event_name":"Golden Idol","floor":4,"gold_loss":0},{"damage_healed":0,"gold_gain":0,"player_choice":"Donut","damage_taken":0,"max_hp_gain":5,"max_hp_loss":0,"event_name":"Big Fish","floor":14,"gold_loss":0}],"is_beta":false,"boss_relics":[],"items_purged_floors":[3,13],"is_endless":false,"potions_floor_spawned":[1,8,11],"killed_by":"Hexaghost","ascension_level":0}