{"gold_per_floor":[109,128,128,46,65,93,108,108,108,108,134,134,134,151,151,250,250,234,144,157,174,99,433,449,449,475,510,533,144,144,157,157,253,253,263,36,53,64,64,92,104,104,104,104,120,136,148,163,163,163],"floor_reached":51,"playtime":5294,"items_purged":["Strike_R","Strike_R","Strike_R"],"score":708,"play_id":"dc134cab-4eb5-49c2-97c6-d0eb96e5863d","local_time":"20190302100217","is_ascension_mode":false,"campfire_choices":[{"data":"Body Slam","floor":8,"key":"SMITH"},{"data":"Power Through","floor":13,"key":"SMITH"},{"data":"Flame Barrier","floor":15,"key":"SMITH"},{"data":"Armaments","floor":25,"key":"SMITH"},{"floor":32,"key":"REST"},{"floor":42,"key":"REST"},{"floor":44,"key":"REST"},{"data":"Dual Wield","floor":49,"key":"SMITH"}],"neow_cost":"NONE","seed_source_timestamp":106088024757776,"circlet_count":0,"master_deck":["Strike_R","Defend_R+1","Defend_R","Defend_R","Defend_R+1","Bash","Power Through+1","Shrug It Off","Spot Weakness","Body Slam+1","Cleave+1","Flame Barrier+1","Evolve","Pommel Strike","Juggernaut","Shrug It Off+1","Metallicize","Flame Barrier+1","Armaments+1","Dual Wield+1","Battle Trance","Impervious","Intimidate+1"],"relics":["Burning Blood","Mummified Hand","Pantograph","Strawberry","Ancient Tea Set","Black Star","Old Coin","War Paint","Potion Belt","Red Skull","MawBank","Bronze Scales","Bag of Preparation","Busted Crown","Bag of Marbles","Darkstone Periapt","Ornamental Fan"],"potions_floor_usage":[23,33,40,40,40,50,50,50,50,50,50,50,50,50],"damage_taken":[{"damage":17,"enemies":"Small Slimes","floor":1,"turns":3},{"damage":0,"enemies":"Jaw Worm","floor":2,"turns":3},{"damage":2,"enemies":"Cultist","floor":5,"turns":4},{"damage":36,"enemies":"Lagavulin","floor":6,"turns":7},{"damage":14,"enemies":"Gremlin Gang","floor":7,"turns":4},{"damage":19,"enemies":"3 Sentries","floor":11,"turns":8},{"damage":1,"enemies":"Red Slaver","floor":14,"turns":2},{"damage":66,"enemies":"Hexaghost","floor":16,"turns":13},{"damage":35,"enemies":"2 Thieves","floor":18,"turns":4},{"damage":4,"enemies":"Shell Parasite","floor":20,"turns":6},{"damage":23,"enemies":"Snake Plant","floor":21,"turns":5},{"damage":19,"enemies":"Book of Stabbing","floor":23,"turns":7},{"damage":0,"enemies":"Chosen and Byrds","floor":24,"turns":6},{"damage":29,"enemies":"Gremlin Leader","floor":27,"turns":8},{"damage":2,"enemies":"3 Cultists","floor":28,"turns":4},{"damage":0,"enemies":"Snecko","floor":31,"turns":3},{"damage":70,"enemies":"Champ","floor":33,"turns":14},{"damage":15,"enemies":"3 Shapes","floor":35,"turns":4},{"damage":31,"enemies":"3 Darklings","floor":37,"turns":7},{"damage":13,"enemies":"4 Shapes","floor":38,"turns":6},{"damage":60,"enemies":"Reptomancer","floor":40,"turns":7},{"damage":1,"enemies":"Spire Growth","floor":41,"turns":5},{"damage":5,"enemies":"Transient","floor":45,"turns":5},{"damage":3,"enemies":"4 Shapes","floor":46,"turns":5},{"damage":3,"enemies":"Spire Growth","floor":47,"turns":5},{"damage":15,"enemies":"Transient","floor":48,"turns":5},{"damage":44,"enemies":"Awakened One","floor":50,"turns":10}],"seed_played":"-7515845057488226025","potions_obtained":[{"floor":1,"key":"FearPotion"},{"floor":6,"key":"EssenceOfSteel"},{"floor":16,"key":"Fire Potion"},{"floor":21,"key":"SpeedPotion"},{"floor":24,"key":"Energy Potion"},{"floor":27,"key":"Swift Potion"},{"floor":33,"key":"Fire Potion"},{"floor":35,"key":"Swift Potion"},{"floor":37,"key":"Regen Potion"},{"floor":38,"key":"LiquidBronze"},{"floor":40,"key":"Explosive Potion"},{"floor":47,"key":"FearPotion"},{"floor":48,"key":"LiquidBronze"}],"is_trial":false,"path_per_floor":["M","M","?","$","M","E","M","R","T","?","E","?","R","M","R","B",null,"M","?","M","M","$","E","M","R","T","E","M","$","?","M","R","B",null,"M","$","M","M","?","E","M","R","T","R","M","M","M","M","R","B",null],"character_chosen":"IRONCLAD","items_purchased":["Spot Weakness","Bronze Scales","Bag of Preparation","EntropicBrew"],"campfire_rested":3,"item_purchase_floors":[4,29,29,36],"current_hp_per_floor":[77,83,88,88,92,62,54,54,54,54,41,41,41,46,46,11,100,71,71,73,56,56,43,49,49,49,26,30,30,30,36,66,27,100,91,91,66,59,59,20,25,55,55,85,86,89,92,83,83,62],"gold":163,"neow_bonus":"TEN_PERCENT_HP_BONUS","is_prod":false,"is_daily":false,"chose_seed":false,"campfire_upgraded":5,"win_rate":0.0,"timestamp":1551549737,"path_taken":["M","M","?","$","M","E","M","R","T","?","E","?","R","?","R","BOSS","M","?","M","M","$","E","M","R","T","E","?","?","?","?","R","BOSS","M","$","M","M","?","E","M","R","T","R","M","M","M","M","R","BOSS"],"build_version":"2019-01-23","purchased_purges":3,"victory":true,"max_hp_per_floor":[88,88,93,93,93,93,93,93,93,100,100,100,100,100,100,100,100,100,100,100,100,100,100,100,100,100,100,100,100,100,100,100,100,100,100,100,100,100,100,100,100,100,100,100,100,100,100,100,100,100],"card_choices":[{"not_picked":["Sever Soul","True Grit"],"picked":"Power Through","floor":1},{"not_picked":["Reckless Charge","Armaments"],"picked":"Shrug It Off","floor":2},{"not_picked":["Perfected Strike","Wild Strike"],"picked":"Body Slam","floor":5},{"not_picked":["Entrench","Perfected Strike"],"picked":"Cleave","floor":6},{"not_picked":["Intimidate","Iron Wave"],"picked":"Flame Barrier","floor":7},{"not_picked":["Blood for Blood","True Grit"],"picked":"Evolve","floor":11},{"not_picked":["Searing Blow","Flex"],"picked":"Pommel Strike","floor":14},{"not_picked":["Feed","Berserk"],"picked":"Juggernaut","floor":16},{"not_picked":["Second Wind+1","Pommel Strike"],"picked":"Shrug It Off+1","floor":18},{"not_picked":["Heavy Blade","Anger+1"],"picked":"Metallicize","floor":20},{"not_picked":["Perfected Strike","Sword Boomerang"],"picked":"Flame Barrier+1","floor":21},{"not_picked":["Flex","Second Wind","Headbutt"],"picked":"SKIP","floor":23},{"not_picked":["Warcry","Havoc"],"picked":"Armaments","floor":24},{"not_picked":["Flex","Hemokinesis+1","Rupture"],"picked":"SKIP","floor":27},{"not_picked":["Body Slam","Flex"],"picked":"Dual Wield","floor":28},{"not_picked":["Havoc","Wild Strike+1"],"picked":"Battle Trance","floor":31},{"not_picked":["Dark Embrace","Brutality"],"picked":"Impervious","floor":33},{"not_picked":["Wild Strike+1"],"picked":"SKIP","floor":35},{"not_picked":["Flex"],"picked":"SKIP","floor":37},{"not_picked":["Flex+1"],"picked":"SKIP","floor":38},{"not_picked":["Searing Blow+1"],"picked":"SKIP","floor":40},{"not_picked":["Flex"],"picked":"SKIP","floor":41},{"not_picked":[],"picked":"Intimidate+1","floor":45},{"not_picked":["Seeing Red"],"picked":"SKIP","floor":46},{"not_picked":["Cleave"],"picked":"SKIP","floor":47},{"not_picked":["Armaments+1"],"picked":"SKIP","floor":48}],"player_experience":25662,"relics_obtained":[{"floor":6,"key":"Mummified Hand"},{"floor":9,"key":"Pantograph"},{"floor":11,"key":"Ancient Tea Set"},{"floor":23,"key":"Old Coin"},{"floor":23,"key":"War Paint"},{"floor":26,"key":"Potion Belt"},{"floor":27,"key":"Red Skull"},{"floor":27,"key":"MawBank"},{"floor":40,"key":"Bag of Marbles"},{"floor":40,"key":"Darkstone Periapt"},{"floor":43,"key":"Ornamental Fan"}],"event_choices":[{"damage_healed":0,"gold_gain":0,"player_choice":"Donut","damage_taken":0,"max_hp_gain":5,"max_hp_loss":0,"event_name":"Big Fish","floor":3,"gold_loss":0},{"damage_healed":0,"gold_gain":0,"player_choice":"Success","damage_taken":7,"relics_obtained":["Strawberry"],"max_hp_gain":0,"max_hp_loss":0,"event_name":"Scrap Ooze","floor":10,"gold_loss":0},{"damage_healed":0,"gold_gain":0,"player_choice":"Ignored","damage_taken":0,"max_hp_gain":0,"max_hp_loss":0,"event_name":"Liars Game","floor":12,"gold_loss":0},{"cards_removed":["Strike_R"],"damage_healed":0,"gold_gain":0,"player_choice":"Upgrade and Remove","damage_taken":0,"max_hp_gain":0,"max_hp_loss":0,"event_name":"Designer","floor":19,"gold_loss":90,"cards_upgraded":["Cleave"]},{"damage_healed":0,"gold_gain":0,"player_choice":"Leave","damage_taken":0,"max_hp_gain":0,"max_hp_loss":0,"event_name":"FaceTrader","floor":30,"gold_loss":0},{"damage_healed":0,"gold_gain":0,"player_choice":"Ignored","damage_taken":0,"max_hp_gain":0,"max_hp_loss":0,"event_name":"Mysterious Sphere","floor":39,"gold_loss":0}],"is_beta":false,"boss_relics":[{"not_picked":["Black Blood","Eternal Feather"],"picked":"Black Star"},{"not_picked":["Runic Dome","Empty Cage"],"picked":"Busted Crown"}],"items_purged_floors":[22,29,36],"is_endless":false,"potions_floor_spawned":[1,6,16,21,24,27,33,35,37,38,40,47,48],"ascension_level":0}