{"gold_per_floor":[359,534,98,118,128,142,142,155,200,222,234,246,274,303,315,424,436,468,480,474,497,509,555,567,589,626,638,18,35,35],"floor_reached":30,"playtime":3873,"items_purged":["Doubt"],"score":283,"play_id":"a8bc683c-0476-4394-8d57-1d980bfca148","local_time":"20190806121230","is_ascension_mode":true,"campfire_choices":[{"data":"Zap","floor":7,"key":"SMITH"},{"data":"Machine Learning","floor":12,"key":"SMITH"},{"floor":15,"key":"REST"},{"floor":24,"key":"REST"},{"floor":27,"key":"REST"}],"neow_cost":"TEN_PERCENT_HP_LOSS","seed_source_timestamp":111989888634200,"circlet_count":0,"master_deck":["Strike_B+1","Defend_B+1","Defend_B+1","Defend_B+1","Defend_B+1","Zap+1","Dualcast","Barrage","Machine Learning+1","Ball Lightning","Cold Snap","Steam Power","Melter","Cold Snap","Coolheaded","Turbo","Coolheaded","Barrage","Biased Cognition","Conserve Battery+1","Go for the Eyes+1","Sweeping Beam+1","Heatsinks","Undo+1","Self Repair","BootSequence","Panacea","Redo"],"relics":["Cracked Core","Medical Kit","MawBank","Empty Cage","Pear","PreservedInsect","Turnip"],"potions_floor_usage":[23,23,23,30],"damage_taken":[{"damage":6,"enemies":"Jaw Worm","floor":1,"turns":4},{"damage":7,"enemies":"2 Louse","floor":4,"turns":2},{"damage":0,"enemies":"Cultist","floor":5,"turns":2},{"damage":5,"enemies":"Looter","floor":6,"turns":3},{"damage":6,"enemies":"Lots of Slimes","floor":8,"turns":3},{"damage":0,"enemies":"Exordium Wildlife","floor":10,"turns":2},{"damage":8,"enemies":"Gremlin Gang","floor":13,"turns":3},{"damage":0,"enemies":"2 Fungi Beasts","floor":14,"turns":2},{"damage":39,"enemies":"Hexaghost","floor":16,"turns":11},{"damage":4,"enemies":"Shell Parasite","floor":18,"turns":5},{"damage":21,"enemies":"2 Thieves","floor":20,"turns":4},{"damage":6,"enemies":"3 Cultists","floor":21,"turns":6},{"damage":30,"enemies":"Slavers","floor":23,"turns":9},{"damage":22,"enemies":"Chosen and Byrds","floor":25,"turns":7},{"damage":26,"enemies":"Cultist and Chosen","floor":29,"turns":7},{"damage":23,"enemies":"3 Cultists","floor":30,"turns":5}],"seed_played":"-389400644212077189","potions_obtained":[{"floor":1,"key":"PowerPotion"},{"floor":6,"key":"Energy Potion"},{"floor":13,"key":"Poison Potion"},{"floor":16,"key":"SpeedPotion"}],"is_trial":false,"path_per_floor":["M","?","$","M","M","M","R","M","T","M","?","R","M","M","R","B",null,"M","?","M","M","?","E","R","M","T","R","$","M","M"],"character_chosen":"DEFECT","items_purchased":["Medical Kit","Machine Learning","Ball Lightning","Cold Snap","Turnip","Self Repair","BootSequence","Panacea","Weak Potion","Weak Potion","Redo"],"campfire_rested":3,"item_purchase_floors":[3,3,3,3,28,28,28,28,28,28,28],"current_hp_per_floor":[62,62,62,55,55,50,50,44,44,44,44,44,36,36,56,17,68,64,64,43,37,37,17,40,18,18,41,41,22,0],"gold":35,"neow_bonus":"TWO_FIFTY_GOLD","is_prod":false,"is_daily":false,"chose_seed":false,"campfire_upgraded":2,"win_rate":0,"timestamp":1565061150,"path_taken":["M","?","$","M","M","M","R","M","T","M","?","R","?","M","R","BOSS","M","?","M","?","?","E","R","M","T","R","$","M","M"],"build_version":"2019-07-17","purchased_purges":1,"victory":false,"max_hp_per_floor":[68,68,68,68,68,68,68,68,68,68,68,68,68,68,68,68,68,68,68,68,68,68,78,78,78,78,78,78,78,78],"card_choices":[{"not_picked":["Lockon","Steam"],"picked":"Barrage","floor":1},{"not_picked":["Compile Driver","Steam"],"picked":"Steam Power","floor":4},{"not_picked":["Force Field","Streamline"],"picked":"Melter","floor":5},{"not_picked":["Beam Cell","Gash"],"picked":"Cold Snap","floor":6},{"not_picked":["Chill","Compile Driver"],"picked":"Coolheaded","floor":8},{"not_picked":["Multi-Cast","Gash"],"picked":"Turbo","floor":10},{"not_picked":["Rebound","Cold Snap"],"picked":"Coolheaded","floor":13},{"not_picked":["Scrape","Go for the Eyes"],"picked":"Barrage","floor":14},{"not_picked":["Hyperbeam","Machine Learning"],"picked":"Biased Cognition","floor":16},{"not_picked":["Leap","Static Discharge+1"],"picked":"Conserve Battery+1","floor":18},{"not_picked":["Aggregate","Stack+1"],"picked":"Go for the Eyes+1","floor":20},{"not_picked":["Auto Shields+1","Consume"],"picked":"Sweeping Beam+1","floor":21},{"not_picked":["Hologram+1","Electrodynamics"],"picked":"Heatsinks","floor":23},{"not_picked":["Streamline+1","Beam Cell"],"picked":"Undo+1","floor":25},{"not_picked":["Undo+1","Auto Shields","Scrape"],"picked":"SKIP","floor":29}],"player_experience":181373,"relics_obtained":[{"floor":9,"key":"MawBank"},{"floor":23,"key":"Pear"},{"floor":26,"key":"PreservedInsect"}],"event_choices":[{"damage_healed":0,"gold_gain":175,"player_choice":"AGREE","damage_taken":0,"max_hp_gain":0,"max_hp_loss":0,"event_name":"Liars Game","floor":2,"gold_loss":0,"cards_obtained":["Doubt"]},{"cards_removed":["Strike_B"],"damage_healed":0,"gold_gain":0,"player_choice":"Purged","damage_taken":0,"max_hp_gain":0,"max_hp_loss":0,"event_name":"Purifier","floor":11,"gold_loss":0},{"damage_healed":0,"gold_gain":0,"player_choice":"Bought 0 Potions","damage_taken":0,"max_hp_gain":0,"max_hp_loss":0,"event_name":"The Woman in Blue","floor":19,"gold_loss":0},{"damage_healed":0,"gold_gain":0,"player_choice":"Simplicity","damage_taken":0,"max_hp_gain":0,"max_hp_loss":0,"event_name":"Back to Basics","floor":22,"gold_loss":0,"cards_upgraded":["Strike_B","Defend_B","Defend_B","Defend_B","Defend_B"]}],"is_beta":false,"boss_relics":[{"not_picked":["Lizard Tail","Tiny House"],"picked":"Empty Cage"}],"items_purged_floors":[3],"is_endless":false,"potions_floor_spawned":[1,6,13,14,16,18,21],"killed_by":"3 Cultists","ascension_level":1}