{"gold_per_floor":[118,118,118,118,118,143,143,175,175,210,225,225,241,254,254,328,328,347,347,7,7,25,25,25],"floor_reached":24,"playtime":967,"items_purged":["Strike_B"],"score":524,"play_id":"9cda7613-b6f1-4a6f-be25-5eb1cbd8af1d","local_time":"20190807011155","is_ascension_mode":true,"campfire_choices":[{"data":"Dualcast","floor":7,"key":"SMITH"},{"data":"Sunder","floor":15,"key":"SMITH"},{"floor":23,"key":"REST"}],"neow_cost":"NONE","seed_source_timestamp":57223868488766,"circlet_count":0,"master_deck":["AscendersBane","Strike_B+1","Strike_B+1","Defend_B","Defend_B","Defend_B","Zap+1","Dualcast+1","Cold Snap","Genetic Algorithm","Self Repair","Reinforced Body","Loop+1","Sunder+1","Self Repair+1","Echo Form+1","Capacitor+1","BootSequence","Glacier","Gash","Skim","Loop+1","Defragment+1","Recycle","BootSequence"],"relics":["Cracked Core","NeowsBlessing","Juzu Bracelet","Question Card","Strawberry","Frozen Egg 2","Letter Opener","Orrery","Runic Capacitor"],"potions_floor_usage":[10,10,16,16,24,24,24],"damage_taken":[{"damage":0,"enemies":"Jaw Worm","floor":1,"turns":1},{"damage":0,"enemies":"Gremlin Nob","floor":6,"turns":1},{"damage":0,"enemies":"Lagavulin","floor":8,"turns":2},{"damage":22,"enemies":"3 Sentries","floor":10,"turns":11},{"damage":0,"enemies":"Small Slimes","floor":11,"turns":3},{"damage":0,"enemies":"Cultist","floor":13,"turns":3},{"damage":6,"enemies":"Large Slime","floor":14,"turns":7},{"damage":63,"enemies":"Hexaghost","floor":16,"turns":11},{"damage":38,"enemies":"3 Byrds","floor":18,"turns":6},{"damage":28,"enemies":"Shell Parasite","floor":22,"turns":4},{"damage":48,"enemies":"3 Cultists","floor":24,"turns":5}],"seed_played":"462074096302457275","potions_obtained":[{"floor":1,"key":"Fire Potion"},{"floor":6,"key":"Regen Potion"},{"floor":10,"key":"SpeedPotion"},{"floor":14,"key":"Regen Potion"},{"floor":18,"key":"SpeedPotion"},{"floor":22,"key":"EntropicBrew"}],"is_trial":false,"path_per_floor":["M","?","?","?","?","E","R","E","T","E","M","?","M","M","R","B",null,"M","?","$","?","M","R","M"],"character_chosen":"DEFECT","items_purchased":["Runic Capacitor","Recycle"],"campfire_rested":1,"item_purchase_floors":[20,20],"current_hp_per_floor":[64,53,53,32,37,37,37,44,44,44,51,44,51,52,52,21,68,47,47,47,47,19,43,0],"gold":25,"neow_bonus":"THREE_ENEMY_KILL","is_prod":false,"is_daily":false,"chose_seed":false,"campfire_upgraded":2,"win_rate":0,"timestamp":1565107915,"path_taken":["M","?","?","?","?","E","R","E","T","E","M","?","M","M","R","BOSS","M","?","$","?","M","R","M"],"build_version":"2019-07-17","purchased_purges":1,"victory":false,"max_hp_per_floor":[71,71,71,71,76,76,76,83,83,83,83,83,83,83,83,83,83,83,83,83,83,83,83,83],"card_choices":[{"not_picked":["Force Field","Coolheaded"],"picked":"Cold Snap","floor":1},{"not_picked":["Darkness","Consume"],"picked":"Genetic Algorithm","floor":6},{"not_picked":["Multi-Cast","Meteor Strike","Force Field"],"picked":"Self Repair","floor":8},{"not_picked":["Double Energy","Steam","Thunder Strike"],"picked":"Reinforced Body","floor":10},{"not_picked":["BootSequence","Coolheaded","Hologram"],"picked":"Loop+1","floor":11},{"not_picked":["Scrape","Sweeping Beam","Coolheaded"],"picked":"Sunder","floor":13},{"not_picked":["Redo","Coolheaded","Steam"],"picked":"Self Repair+1","floor":14},{"not_picked":["Core Surge","All For One","Rainbow"],"picked":"Echo Form+1","floor":16},{"not_picked":["Leap","Auto Shields","Redo"],"picked":"Capacitor+1","floor":17},{"not_picked":["Double Energy","Storm+1","Undo"],"picked":"BootSequence","floor":17},{"not_picked":["Gash","Barrage","Beam Cell"],"picked":"Glacier","floor":17},{"not_picked":["Go for the Eyes","Steam","Force Field"],"picked":"Gash","floor":17},{"not_picked":["Chaos","Leap","Rebound"],"picked":"Skim","floor":17},{"not_picked":["Leap","Barrage","Rainbow"],"picked":"Loop+1","floor":18},{"not_picked":["Coolheaded","White Noise","Hello World+1"],"picked":"BootSequence","floor":22}],"player_experience":274416,"relics_obtained":[{"floor":6,"key":"Question Card"},{"floor":8,"key":"Strawberry"},{"floor":9,"key":"Frozen Egg 2"},{"floor":10,"key":"Letter Opener"}],"event_choices":[{"damage_healed":0,"gold_gain":0,"player_choice":"Success","damage_taken":11,"relics_obtained":["Juzu Bracelet"],"max_hp_gain":0,"max_hp_loss":0,"event_name":"Scrap Ooze","floor":2,"gold_loss":0},{"damage_healed":0,"gold_gain":0,"player_choice":"Upgraded","damage_taken":0,"max_hp_gain":0,"max_hp_loss":0,"event_name":"Upgrade Shrine","floor":3,"gold_loss":0,"cards_upgraded":["Zap"]},{"damage_healed":0,"gold_gain":0,"player_choice":"Entered Light","damage_taken":21,"max_hp_gain":0,"max_hp_loss":0,"event_name":"Shining Light","floor":4,"gold_loss":0,"cards_upgraded":["Strike_B","Strike_B"]},{"damage_healed":0,"gold_gain":0,"player_choice":"Donut","damage_taken":0,"max_hp_gain":5,"max_hp_loss":0,"event_name":"Big Fish","floor":5,"gold_loss":0},{"cards_removed":["Defend_B"],"damage_healed":0,"gold_gain":0,"player_choice":"Card Removal","damage_taken":7,"max_hp_gain":0,"max_hp_loss":0,"event_name":"Golden Wing","floor":12,"gold_loss":0},{"damage_healed":0,"gold_gain":0,"player_choice":"Read","damage_taken":0,"max_hp_gain":0,"max_hp_loss":0,"event_name":"The Library","floor":19,"gold_loss":0,"cards_obtained":["Defragment"]},{"cards_removed":["Strike_B"],"damage_healed":0,"gold_gain":0,"player_choice":"Offered Basic","damage_taken":0,"max_hp_gain":0,"max_hp_loss":0,"event_name":"Bonfire Elementals","floor":21,"gold_loss":0}],"is_beta":false,"boss_relics":[{"not_picked":["Cursed Key","Black Star"],"picked":"Orrery"}],"items_purged_floors":[20],"is_endless":false,"potions_floor_spawned":[1,6,10,14,18,22],"killed_by":"3 Cultists","ascension_level":20}