{"gold_per_floor":[210,210,50,50,69,103,103,128,128,140,140,140,175,193,193,272,272,282,282,26,26],"floor_reached":21,"playtime":532,"items_purged":["Pain","Strike_B"],"score":390,"play_id":"9775837b-36a9-4285-b477-e3b1be8383a3","local_time":"20190622144132","is_ascension_mode":true,"campfire_choices":[{"floor":7.0,"key":"REST"},{"floor":12.0,"key":"REST"},{"floor":15.0,"key":"REST"}],"neow_cost":"NONE","seed_source_timestamp":0,"circlet_count":0,"master_deck":["AscendersBane","Strike_B","Strike_B+1","Strike_B","Defend_B","Defend_B","Defend_B","Defend_B","Zap","Dualcast","Sweeping Beam+1","Auto Shields","White Noise","Hyperbeam","Redo","Hologram","Machine Learning","Loop","Sweeping Beam+1"],"special_seed":0,"relics":["FrozenCore","WarpedTongs","Dodecahedron","The Courier","Whetstone","Symbiotic Virus","StoneCalendar","Omamori","OrangePellets"],"potions_floor_usage":[],"damage_taken":[{"damage":0.0,"enemies":"Cultist","floor":1.0,"turns":3.0},{"damage":0.0,"enemies":"2 Louse","floor":5.0,"turns":4.0},{"damage":45.0,"enemies":"Gremlin Nob","floor":6.0,"turns":5.0},{"damage":9.0,"enemies":"Lagavulin","floor":8.0,"turns":8.0},{"damage":0.0,"enemies":"Jaw Worm","floor":10.0,"turns":4.0},{"damage":11.0,"enemies":"3 Sentries","floor":13.0,"turns":4.0},{"damage":14.0,"enemies":"Exordium Thugs","floor":14.0,"turns":4.0},{"damage":12.0,"enemies":"Slime Boss","floor":16.0,"turns":6.0},{"damage":53.0,"enemies":"Chosen","floor":18.0,"turns":5.0},{"damage":12,"enemies":"Shell Parasite","floor":21,"turns":2}],"seed_played":"4279473775668455356","potions_obtained":[{"floor":6.0,"key":"SkillPotion"},{"floor":8.0,"key":"SteroidPotion"},{"floor":13.0,"key":"Weak Potion"}],"is_trial":false,"path_per_floor":["M","?","$","T","M","E","R","E","T","M","?","R","E","M","R","B",null,"M","?","$","M"],"character_chosen":"DEFECT","items_purchased":["Auto Shields","OrangePellets"],"campfire_rested":3,"item_purchase_floors":[3,20],"current_hp_per_floor":[64,64,64,64,64,19,40,31,31,31,26,47,36,22,43,31,61,8,8,8,0],"gold":26,"neow_bonus":"HUNDRED_GOLD","is_prod":false,"is_daily":false,"chose_seed":false,"campfire_upgraded":0,"win_rate":0,"timestamp":1561207292,"path_taken":["M","?","$","?","M","E","R","E","T","M","?","R","E","M","R","BOSS","M","?","$","?"],"build_version":"2019-06-21","purchased_purges":2,"victory":false,"max_hp_per_floor":[71,71,71,71,71,71,71,71,71,71,71,71,71,71,71,71,71,71,71,71,71],"card_choices":[{"not_picked":["Barrage","Streamline"],"picked":"Sweeping Beam","floor":1.0},{"not_picked":["Gash","Conserve Battery"],"picked":"White Noise","floor":5.0},{"not_picked":["Tempest","Coolheaded"],"picked":"Hyperbeam","floor":6.0},{"not_picked":["Compile Driver","Stack","Capacitor"],"picked":"SKIP","floor":8.0},{"not_picked":["Ball Lightning","Rip and Tear"],"picked":"Redo","floor":10.0},{"not_picked":["Sunder","Leap","Lockon"],"picked":"SKIP","floor":13.0},{"not_picked":["Melter","Gash"],"picked":"Hologram","floor":14.0},{"not_picked":["All For One","Fission"],"picked":"Machine Learning","floor":16.0},{"not_picked":["Skim","Beam Cell"],"picked":"Loop","floor":18.0}],"player_experience":1756494,"relics_obtained":[{"floor":4.0,"key":"Dodecahedron"},{"floor":6.0,"key":"The Courier"},{"floor":8.0,"key":"Whetstone"},{"floor":9.0,"key":"Symbiotic Virus"},{"floor":13.0,"key":"Omamori"}],"event_choices":[{"damage_healed":0.0,"max_hp_gain":0.0,"max_hp_loss":0.0,"gold_gain":0.0,"event_name":"Accursed Blacksmith","player_choice":"Rummage","floor":2.0,"gold_loss":0.0,"damage_taken":0.0,"relics_obtained":["WarpedTongs"],"cards_obtained":["Pain"]},{"damage_healed":0.0,"max_hp_gain":0.0,"max_hp_loss":0.0,"gold_gain":0.0,"event_name":"Scrap Ooze","player_choice":"Success","floor":11.0,"gold_loss":0.0,"damage_taken":5.0,"relics_obtained":["StoneCalendar"]},{"damage_healed":0,"gold_gain":0,"player_choice":"Copied","damage_taken":0,"max_hp_gain":0,"max_hp_loss":0,"event_name":"Duplicator","floor":19,"gold_loss":0,"cards_obtained":["Sweeping Beam"]}],"is_beta":true,"boss_relics":[{"not_picked":["Tiny House","Ectoplasm"],"picked":"FrozenCore"}],"items_purged_floors":[3,20],"is_endless":false,"potions_floor_spawned":[6,8,13,16],"killed_by":"Shell Parasite","ascension_level":20}