{"gold_per_floor":[119,130,149,164,177,177,207,227,251,251,5,0,30,46,46,143,143,159,169,188,188,12,23,23,42,42,59,59],"floor_reached":28,"playtime":8740,"items_purged":["Strike_G"],"score":226,"play_id":"8659dd83-8cd6-40cf-b9d1-852c10073031","local_time":"20190722230518","is_ascension_mode":false,"campfire_choices":[{"floor":6.0,"key":"REST"},{"floor":10.0,"key":"REST"},{"floor":15.0,"key":"REST"},{"floor":24,"key":"REST"}],"neow_cost":"NONE","seed_source_timestamp":0,"circlet_count":0,"master_deck":["Defend_G","Defend_G","Defend_G","Defend_G","Defend_G","Strike_G","Strike_G","Strike_G","Strike_G","Survivor","Neutralize","Backflip","Skewer","Flying Knee","Poisoned Stab","Flying Knee","Dagger Throw","Expertise","Infinite Blades","Escape Plan","Dagger Throw","Deflect","Glass Knife","Flying Knee+1","Infinite Blades","Well Laid Plans+1","Quick Slash","Sucker Punch","Dodge and Roll","Riddle With Holes+1","Acrobatics"],"special_seed":0,"relics":["Fusion Hammer","Letter Opener","PreservedInsect","Velvet Choker","GremlinMask","Regal Pillow"],"potions_floor_usage":[23,25,27,28],"damage_taken":[{"damage":1.0,"enemies":"Cultist","floor":1.0,"turns":4.0},{"damage":2.0,"enemies":"Small Slimes","floor":2.0,"turns":3.0},{"damage":3.0,"enemies":"2 Louse","floor":3.0,"turns":3.0},{"damage":5.0,"enemies":"Exordium Thugs","floor":4.0,"turns":6.0},{"damage":8.0,"enemies":"2 Fungi Beasts","floor":5.0,"turns":3.0},{"damage":20.0,"enemies":"Lagavulin","floor":7.0,"turns":6.0},{"damage":10.0,"enemies":"Large Slime","floor":8.0,"turns":6.0},{"damage":5.0,"enemies":"Lots of Slimes","floor":14.0,"turns":3.0},{"damage":39.0,"enemies":"Hexaghost","floor":16.0,"turns":11.0},{"damage":13,"enemies":"2 Thieves","floor":18,"turns":4},{"damage":17,"enemies":"3 Byrds","floor":19,"turns":6},{"damage":5,"enemies":"Centurion and Healer","floor":20,"turns":6},{"damage":15,"enemies":"Snecko","floor":23,"turns":5},{"damage":15,"enemies":"Snake Plant","floor":25,"turns":4},{"damage":21,"enemies":"Cultist and Chosen","floor":27,"turns":6},{"damage":9,"enemies":"Shelled Parasite and Fungi","floor":28,"turns":2}],"seed_played":"30469902","potions_obtained":[{"floor":1.0,"key":"AttackPotion"},{"floor":4.0,"key":"Energy Potion"},{"floor":5.0,"key":"Ancient Potion"},{"floor":16.0,"key":"SkillPotion"},{"floor":18,"key":"PowerPotion"},{"floor":20,"key":"SneckoOil"},{"floor":27,"key":"PowerPotion"}],"is_trial":false,"path_per_floor":["M","M","M","M","M","R","E","M","T","R","$","?","?","M","R","B",null,"M","M","M","?","$","M","R","M","T","M","M"],"character_chosen":"THE_SILENT","items_purchased":["Infinite Blades","Escape Plan","Dagger Throw","Quick Slash","Sucker Punch","LiquidBronze"],"campfire_rested":4,"item_purchase_floors":[11,11,11,22,22,22],"current_hp_per_floor":[69,67,64,59,51,70,50,40,40,61,61,61,61,56,70,31,70,57,40,35,35,35,20,41,26,26,5,0],"gold":59,"neow_bonus":"BOSS_RELIC","is_prod":false,"is_daily":false,"chose_seed":false,"campfire_upgraded":0,"win_rate":0.0,"timestamp":1563854718,"path_taken":["M","M","M","M","?","R","E","M","T","R","$","?","?","M","R","BOSS","M","M","M","?","$","M","R","M","T","?","M"],"build_version":"2019-01-23","purchased_purges":1,"victory":false,"max_hp_per_floor":[70,70,70,70,70,70,70,70,70,70,70,70,70,70,70,70,70,70,70,70,70,70,70,70,70,70,70,70],"card_choices":[{"not_picked":["Riddle With Holes","Prepared"],"picked":"Backflip","floor":1.0},{"not_picked":["Flechettes","Calculated Gamble"],"picked":"Skewer","floor":2.0},{"not_picked":["Deflect","Outmaneuver"],"picked":"Flying Knee","floor":3.0},{"not_picked":["Slice","Sucker Punch"],"picked":"Poisoned Stab","floor":4.0},{"not_picked":["Distraction","Venomology"],"picked":"Flying Knee","floor":5.0},{"not_picked":["Noxious Fumes","Blade Dance"],"picked":"Dagger Throw","floor":7.0},{"not_picked":["Flying Knee","Poisoned Stab"],"picked":"Expertise","floor":8.0},{"not_picked":["Flying Knee","Dagger Throw"],"picked":"Deflect","floor":14.0},{"not_picked":["Phantasmal Killer","Envenom"],"picked":"Glass Knife","floor":16.0},{"not_picked":["Flechettes","Prepared"],"picked":"Flying Knee+1","floor":18},{"not_picked":["Endless Agony","Blade Dance"],"picked":"Infinite Blades","floor":19},{"not_picked":["Dagger Throw+1","Flechettes"],"picked":"Well Laid Plans+1","floor":20},{"not_picked":["Deadly Poison","Underhanded Strike+1"],"picked":"Dodge and Roll","floor":23},{"not_picked":["Tactician","Expertise"],"picked":"Riddle With Holes+1","floor":25},{"not_picked":["Tactician","Noxious Fumes"],"picked":"Acrobatics","floor":27}],"player_experience":3901,"relics_obtained":[{"floor":7.0,"key":"Letter Opener"},{"floor":9.0,"key":"PreservedInsect"},{"floor":26,"key":"Regal Pillow"}],"event_choices":[{"damage_healed":0.0,"max_hp_gain":0.0,"max_hp_loss":0.0,"gold_gain":0.0,"event_name":"World of Goop","player_choice":"Left Gold","floor":12.0,"gold_loss":5.0,"damage_taken":0.0},{"damage_healed":0.0,"max_hp_gain":0.0,"max_hp_loss":0.0,"gold_gain":30.0,"event_name":"Dead Adventurer","player_choice":"Searched \u00271\u0027 times","floor":13.0,"gold_loss":0.0,"damage_taken":0.0},{"damage_healed":0,"gold_gain":0,"player_choice":"Trade","damage_taken":0,"relics_obtained":["GremlinMask"],"max_hp_gain":0,"max_hp_loss":0,"event_name":"FaceTrader","floor":21,"gold_loss":0}],"is_beta":true,"boss_relics":[{"not_picked":["HoveringKite","Ectoplasm"],"picked":"Velvet Choker"}],"items_purged_floors":[11],"is_endless":false,"potions_floor_spawned":[1,4,5,16,18,20,27],"killed_by":"Shelled Parasite and Fungi","ascension_level":0}