{"gold_per_floor":[114,15,15,38,63,102,177,213,213,238,43,68,408,422,422,511,511,530,553,478,340,21,60,60,96,151,195,195,195,235,259,259,259],"floor_reached":33,"playtime":2789,"items_purged":["Strike_R","Strike_R"],"score":707,"play_id":"a2401376-c9d4-427f-8c1e-a1e70fc27ff2","local_time":"20190724000317","is_ascension_mode":true,"campfire_choices":[{"data":"Spot Weakness","floor":15,"key":"SMITH"},{"floor":24,"key":"REST"},{"floor":28,"key":"REST"},{"floor":32,"key":"REST"}],"neow_cost":"NONE","seed_source_timestamp":347353128882976,"circlet_count":0,"master_deck":["AscendersBane","Strike_R+1","Strike_R+1","Defend_R+1","Defend_R+1","Defend_R+1","Defend_R+1","Bash","Cleave","Sever Soul","Pommel Strike","Carnage","Ghostly Armor","Spot Weakness+1","Twin Strike","Metallicize","Clothesline","Power Through","Flame Barrier","Shrug It Off","Limit Break","Ghostly Armor","Corruption","Seeing Red","Havoc","Immolate","Sentinel","Ghostly Armor","Body Slam"],"special_seed":0,"relics":["Burning Blood","Golden Idol","Lantern","Turnip","Meat on the Bone","Odd Mushroom","Old Coin","Fusion Hammer","Strange Spoon","Pear","Omamori","Dream Catcher","Mango","Paper Frog"],"potions_floor_usage":[16,23,25,27,33],"damage_taken":[{"damage":2.0,"enemies":"2 Louse","floor":1.0,"turns":3.0},{"damage":5.0,"enemies":"Small Slimes","floor":4.0,"turns":3.0},{"damage":2.0,"enemies":"Jaw Worm","floor":5.0,"turns":3.0},{"damage":8.0,"enemies":"Gremlin Nob","floor":6.0,"turns":3.0},{"damage":30.0,"enemies":"Lagavulin","floor":8.0,"turns":7.0},{"damage":5.0,"enemies":"The Mushroom Lair","floor":10.0,"turns":4.0},{"damage":0.0,"enemies":"2 Fungi Beasts","floor":12.0,"turns":2.0},{"damage":19,"enemies":"3 Sentries","floor":13,"turns":9},{"damage":9,"enemies":"Exordium Thugs","floor":14,"turns":8},{"damage":50,"enemies":"Slime Boss","floor":16,"turns":13},{"damage":12,"enemies":"Chosen","floor":18,"turns":4},{"damage":22,"enemies":"Shell Parasite","floor":19,"turns":5},{"damage":17,"enemies":"Book of Stabbing","floor":23,"turns":5},{"damage":58,"enemies":"Gremlin Leader","floor":25,"turns":7},{"damage":16,"enemies":"Book of Stabbing","floor":27,"turns":5},{"damage":72,"enemies":"Slavers","floor":30,"turns":6},{"damage":15,"enemies":"Sentry and Sphere","floor":31,"turns":7},{"damage":77,"enemies":"Automaton","floor":33,"turns":8}],"seed_played":"3453818909077129680","potions_obtained":[{"floor":0.0,"key":"Fruit Juice"},{"floor":0.0,"key":"PowerPotion"},{"floor":4.0,"key":"SteroidPotion"},{"floor":6.0,"key":"EssenceOfSteel"},{"floor":8.0,"key":"EssenceOfSteel"},{"floor":14,"key":"FearPotion"},{"floor":23,"key":"FearPotion"},{"floor":27,"key":"SteroidPotion"}],"is_trial":false,"path_per_floor":["M","$","?","M","M","E","?","E","T","?","$","M","E","M","R","B",null,"M","M","?","$","$","E","R","E","T","E","R","?","E","M","R","B"],"character_chosen":"IRONCLAD","items_purchased":["Sever Soul","Pommel Strike","Metallicize","Clothesline","Corruption","Strength Potion","Strange Spoon"],"campfire_rested":3,"item_purchase_floors":[2,2,11,11,21,21,22],"current_hp_per_floor":[77,77,49,50,54,52,41,17,17,30,30,48,47,56,56,24,66,60,56,56,56,56,67,90,50,50,66,97,97,43,46,77,0],"gold":259,"neow_bonus":"THREE_SMALL_POTIONS","is_prod":false,"is_daily":false,"chose_seed":false,"campfire_upgraded":1,"win_rate":0,"timestamp":1563915797,"path_taken":["M","$","?","M","M","E","?","E","T","?","?","M","E","M","R","BOSS","M","M","?","?","$","E","R","E","T","E","R","?","E","M","R","BOSS"],"build_version":"2019-07-17","purchased_purges":2,"victory":false,"max_hp_per_floor":[80,80,80,80,80,80,80,80,80,80,80,80,80,80,80,80,80,80,80,80,80,80,90,90,90,90,104,104,104,104,104,104,104],"card_choices":[{"not_picked":["Burning Pact","Wild Strike"],"picked":"Cleave","floor":1.0},{"not_picked":["Warcry","Pommel Strike"],"picked":"Carnage","floor":4.0},{"not_picked":["Shrug It Off","Sword Boomerang"],"picked":"Ghostly Armor","floor":5.0},{"not_picked":["Searing Blow","Fiend Fire"],"picked":"Spot Weakness","floor":6.0},{"not_picked":["Perfected Strike","Iron Wave"],"picked":"Twin Strike","floor":8.0},{"not_picked":["Heavy Blade","Thunderclap"],"picked":"Power Through","floor":12.0},{"not_picked":["Rage","Berserk"],"picked":"Flame Barrier","floor":13},{"not_picked":["Iron Wave","Pommel Strike"],"picked":"Shrug It Off","floor":14},{"not_picked":["Juggernaut","Impervious"],"picked":"Limit Break","floor":16},{"not_picked":["Uppercut","Intimidate"],"picked":"Ghostly Armor","floor":18},{"not_picked":["Anger","Havoc","Wild Strike"],"picked":"SKIP","floor":19},{"not_picked":["Warcry","Heavy Blade"],"picked":"Seeing Red","floor":23},{"not_picked":["Flex","Clothesline"],"picked":"Havoc","floor":25},{"not_picked":["Thunderclap","Juggernaut"],"picked":"Immolate","floor":27},{"not_picked":["Corruption","Heavy Blade"],"picked":"Sentinel","floor":28},{"not_picked":["Iron Wave","Pommel Strike"],"picked":"Ghostly Armor","floor":30},{"not_picked":["Second Wind","Shrug It Off"],"picked":"Body Slam","floor":31}],"player_experience":929616,"relics_obtained":[{"floor":6.0,"key":"Lantern"},{"floor":8.0,"key":"Turnip"},{"floor":9.0,"key":"Meat on the Bone"},{"floor":10.0,"key":"Odd Mushroom"},{"floor":13,"key":"Old Coin"},{"floor":23,"key":"Pear"},{"floor":25,"key":"Omamori"},{"floor":26,"key":"Dream Catcher"},{"floor":27,"key":"Mango"},{"floor":30,"key":"Paper Frog"}],"event_choices":[{"damage_healed":0.0,"max_hp_gain":0.0,"max_hp_loss":0.0,"gold_gain":0.0,"event_name":"Golden Idol","player_choice":"Take Damage","floor":3.0,"gold_loss":0.0,"damage_taken":28.0,"relics_obtained":["Golden Idol"]},{"damage_healed":0.0,"max_hp_gain":0.0,"max_hp_loss":0.0,"gold_gain":75.0,"event_name":"World of Goop","player_choice":"Gather Gold","floor":7.0,"gold_loss":0.0,"damage_taken":11.0},{"damage_healed":0.0,"max_hp_gain":0.0,"max_hp_loss":0.0,"gold_gain":0.0,"event_name":"Mushrooms","player_choice":"Fought Mushrooms","floor":10.0,"gold_loss":0.0,"damage_taken":0.0},{"cards_removed":["Strike_R"],"damage_healed":0,"gold_gain":0,"player_choice":"Gave Gold","damage_taken":0,"max_hp_gain":0,"max_hp_loss":0,"event_name":"Beggar","floor":20,"gold_loss":75},{"damage_healed":0,"gold_gain":0,"player_choice":"Simplicity","damage_taken":0,"max_hp_gain":0,"max_hp_loss":0,"event_name":"Back to Basics","floor":29,"gold_loss":0,"cards_upgraded":["Strike_R","Strike_R","Defend_R","Defend_R","Defend_R","Defend_R"]}],"is_beta":false,"boss_relics":[{"not_picked":["Runic Cube","Eternal Feather"],"picked":"Fusion Hammer"}],"items_purged_floors":[11,22],"is_endless":false,"potions_floor_spawned":[4,5,6,8,14,23,27],"killed_by":"Automaton","ascension_level":20}