{"gold_per_floor":[110,110,128,128,93,93,128,128,128,128,128,141,174,187,187,283,283,301,301,321,337,355,355,382,412,412,424,158,176,196,211,211,306,306,319,319,57,76,96,96,96,146,214,229,229,241,241,254,254,254],"floor_reached":51,"playtime":9194,"items_purged":["Writhe","Strike_B"],"score":694,"play_id":"97d466fb-16af-430d-a652-6a6cbe082cdf","local_time":"20190811023045","is_ascension_mode":true,"campfire_choices":[{"data":"Steam","floor":6,"key":"SMITH"},{"data":"Dualcast","floor":8,"key":"SMITH"},{"floor":10,"key":"REST"},{"data":"Ball Lightning","floor":15,"key":"SMITH"},{"data":"Loop","floor":32,"key":"SMITH"},{"floor":40,"key":"RECALL"},{"floor":49,"key":"REST"}],"neow_cost":"NONE","seed_source_timestamp":97284197013539,"circlet_count":0,"master_deck":["Strike_B","Strike_B","Defend_B","Defend_B","Defend_B+1","Defend_B","Zap+1","Dualcast+1","Steam+1","Compile Driver","Ball Lightning+1","Glacier+1","Chill+1","Hello World","Electrodynamics","Reinforced Body+1","White Noise+1","Loop+1","Redo+1","White Noise+1","Cold Snap+1","Ball Lightning","Turbo+1","Biased Cognition","Coolheaded+1","Blind+1","Loop","Hologram+1","Hologram+1","Compile Driver+1","Double Energy+1","Coolheaded+1"],"relics":["FrozenCore","Ancient Tea Set","Gremlin Horn","Toxic Egg 2","Blood Vial","Thread and Needle","Pantograph","Centennial Puzzle","Shuriken","Ice Cream","DollysMirror","Fusion Hammer","StoneCalendar","Mummified Hand","Happy Flower"],"potions_floor_usage":[13,14,25,33,44,48,50,50],"damage_taken":[{"damage":7,"enemies":"Jaw Worm","floor":1,"turns":3},{"damage":3,"enemies":"Small Slimes","floor":3,"turns":3},{"damage":24,"enemies":"3 Sentries","floor":7,"turns":8},{"damage":0,"enemies":"2 Louse","floor":12,"turns":1},{"damage":27,"enemies":"Gremlin Nob","floor":13,"turns":5},{"damage":0,"enemies":"Exordium Wildlife","floor":14,"turns":4},{"damage":5,"enemies":"Hexaghost","floor":16,"turns":10},{"damage":0,"enemies":"3 Byrds","floor":18,"turns":3},{"damage":10,"enemies":"Spheric Guardian","floor":20,"turns":4},{"damage":0,"enemies":"Centurion and Healer","floor":21,"turns":5},{"damage":10,"enemies":"Chosen and Byrds","floor":22,"turns":7},{"damage":14,"enemies":"Gremlin Leader","floor":25,"turns":6},{"damage":3,"enemies":"Sentry and Sphere","floor":27,"turns":6},{"damage":7,"enemies":"Centurion and Healer","floor":29,"turns":3},{"damage":1,"enemies":"Snecko","floor":30,"turns":6},{"damage":0,"enemies":"Cultist and Chosen","floor":31,"turns":6},{"damage":13,"enemies":"Automaton","floor":33,"turns":9},{"damage":0,"enemies":"3 Shapes","floor":35,"turns":1},{"damage":0,"enemies":"Orb Walker","floor":38,"turns":4},{"damage":0,"enemies":"Jaw Worm Horde","floor":39,"turns":3},{"damage":28,"enemies":"2 Orb Walkers","floor":42,"turns":5},{"damage":19,"enemies":"3 Darklings","floor":44,"turns":3},{"damage":0,"enemies":"4 Shapes","floor":46,"turns":3},{"damage":1,"enemies":"Transient","floor":48,"turns":5},{"damage":27,"enemies":"Awakened One","floor":50,"turns":9}],"seed_played":"-4494876780692927488","potions_obtained":[{"floor":7,"key":"Block Potion"},{"floor":13,"key":"Fruit Juice"},{"floor":14,"key":"SkillPotion"},{"floor":16,"key":"FocusPotion"},{"floor":18,"key":"PowerPotion"},{"floor":22,"key":"SkillPotion"},{"floor":30,"key":"SpeedPotion"},{"floor":31,"key":"EssenceOfSteel"},{"floor":38,"key":"Poison Potion"},{"floor":44,"key":"Poison Potion"}],"is_trial":false,"path_per_floor":["M","?","M","?","?","R","E","R","T","R","?","M","E","M","R","B",null,"M","?","M","M","M","?","T","E","T","M","$","M","M","M","R","B",null,"M","?","$","M","M","R","?","?","T","M","T","M","?","M","R","B",null],"character_chosen":"DEFECT","items_purchased":["DollysMirror","Blind+1","Loop"],"campfire_rested":2,"item_purchase_floors":[28,37,37],"current_hp_per_floor":[68,68,65,50,68,68,44,44,44,66,66,66,39,46,46,43,80,80,80,70,72,64,64,64,52,52,51,51,46,47,49,49,63,80,80,80,80,80,80,80,80,52,52,35,35,37,37,38,62,53],"gold":254,"neow_bonus":"RANDOM_COMMON_RELIC","is_prod":false,"is_daily":false,"chose_seed":false,"campfire_upgraded":4,"win_rate":0,"timestamp":1565505045,"path_taken":["M","?","M","?","?","R","E","R","T","R","?","M","E","M","R","BOSS","M","?","?","M","M","?","?","E","T","M","$","M","M","M","R","BOSS","M","?","$","M","M","R","?","?","T","M","?","?","?","M","R","BOSS"],"build_version":"2019-07-17","purchased_purges":2,"victory":true,"max_hp_per_floor":[75,75,75,75,75,75,75,75,75,75,75,75,75,80,80,80,80,80,80,80,80,80,80,80,80,80,80,80,80,80,80,80,80,80,80,80,80,80,80,80,80,80,80,80,80,80,80,80,80,80],"card_choices":[{"not_picked":["Beam Cell","Stack"],"picked":"Steam","floor":1},{"not_picked":["Conserve Battery","Undo"],"picked":"Compile Driver","floor":3},{"not_picked":["Redo","Storm"],"picked":"Ball Lightning","floor":7},{"not_picked":["Double Energy+1","Reprogram+1"],"picked":"Glacier+1","floor":12},{"not_picked":["Recycle+1","Streamline"],"picked":"Chill+1","floor":13},{"not_picked":["Hologram+1","Blizzard"],"picked":"Hello World","floor":14},{"not_picked":["Creative AI","Core Surge"],"picked":"Electrodynamics","floor":16},{"not_picked":["Heatsinks+1","Cold Snap"],"picked":"Reinforced Body+1","floor":18},{"not_picked":["Steam Power+1","Conserve Battery+1"],"picked":"White Noise+1","floor":20},{"not_picked":["Rip and Tear+1","Glacier+1"],"picked":"Loop","floor":21},{"not_picked":["Rebound+1","Leap+1"],"picked":"Redo+1","floor":22},{"not_picked":["Storm","Steam+1","Streamline"],"picked":"SKIP","floor":25},{"not_picked":["Beam Cell","Rebound+1","Static Discharge"],"picked":"SKIP","floor":27},{"not_picked":["Streamline+1","Beam Cell"],"picked":"Cold Snap+1","floor":29},{"not_picked":["Stack+1","Gash"],"picked":"Ball Lightning","floor":30},{"not_picked":["Beam Cell+1","Stack+1"],"picked":"Turbo+1","floor":31},{"not_picked":["Creative AI","Rainbow+1"],"picked":"Biased Cognition","floor":33},{"not_picked":["Go for the Eyes","Hologram+1"],"picked":"Coolheaded+1","floor":35},{"not_picked":["Streamline","Genetic Algorithm+1"],"picked":"Hologram+1","floor":38},{"not_picked":["Conserve Battery+1","Reprogram+1","Rebound"],"picked":"SKIP","floor":39},{"not_picked":["Rebound","Steam+1"],"picked":"Hologram+1","floor":42},{"not_picked":["Conserve Battery+1","Aggregate+1"],"picked":"Compile Driver+1","floor":44},{"not_picked":["Beam Cell","Force Field+1"],"picked":"Double Energy+1","floor":46},{"not_picked":["Turbo+1","Force Field+1"],"picked":"Coolheaded+1","floor":48}],"player_experience":136434,"relics_obtained":[{"floor":7,"key":"Gremlin Horn"},{"floor":9,"key":"Toxic Egg 2"},{"floor":13,"key":"Blood Vial"},{"floor":24,"key":"Centennial Puzzle"},{"floor":25,"key":"Shuriken"},{"floor":26,"key":"Ice Cream"},{"floor":42,"key":"StoneCalendar"},{"floor":43,"key":"Mummified Hand"},{"floor":45,"key":"Happy Flower"}],"event_choices":[{"cards_removed":["Strike_B"],"damage_healed":0,"gold_gain":0,"player_choice":"Forget","damage_taken":0,"max_hp_gain":0,"max_hp_loss":0,"event_name":"Living Wall","floor":2,"gold_loss":0},{"damage_healed":0,"gold_gain":0,"player_choice":"Entered Light","damage_taken":15,"max_hp_gain":0,"max_hp_loss":0,"event_name":"Shining Light","floor":4,"gold_loss":0,"cards_upgraded":["Zap","Defend_B"]},{"damage_healed":18,"gold_gain":0,"player_choice":"Healed","damage_taken":0,"max_hp_gain":0,"max_hp_loss":0,"event_name":"The Cleric","floor":5,"gold_loss":35},{"damage_healed":0,"gold_gain":0,"player_choice":"Ignored","damage_taken":0,"max_hp_gain":0,"max_hp_loss":0,"event_name":"Golden Idol","floor":11,"gold_loss":0},{"damage_healed":0,"gold_gain":0,"player_choice":"Gave Potion","damage_taken":0,"relics_obtained":["Thread and Needle"],"max_hp_gain":0,"max_hp_loss":0,"event_name":"WeMeetAgain","floor":19,"gold_loss":0},{"damage_healed":0,"gold_gain":0,"player_choice":"Opened","damage_taken":0,"relics_obtained":["Pantograph"],"max_hp_gain":0,"max_hp_loss":0,"event_name":"The Mausoleum","floor":23,"gold_loss":0,"cards_obtained":["Writhe"]},{"damage_healed":0,"gold_gain":0,"player_choice":"Ignored","damage_taken":0,"max_hp_gain":0,"max_hp_loss":0,"event_name":"Tomb of Lord Red Mask","floor":36,"gold_loss":0},{"damage_healed":0,"gold_gain":0,"player_choice":"Memory 1","damage_taken":0,"max_hp_gain":0,"max_hp_loss":0,"event_name":"SensoryStone","floor":41,"gold_loss":0},{"damage_healed":0,"gold_gain":0,"player_choice":"Fight","damage_taken":0,"max_hp_gain":0,"max_hp_loss":0,"event_name":"Mysterious Sphere","floor":42,"gold_loss":0},{"damage_healed":0,"gold_gain":0,"player_choice":"Ignored","damage_taken":0,"max_hp_gain":0,"max_hp_loss":0,"event_name":"The Moai Head","floor":47,"gold_loss":0}],"is_beta":false,"boss_relics":[{"not_picked":["Tiny House","Calling Bell"],"picked":"FrozenCore"},{"not_picked":["Runic Dome","Lizard Tail"],"picked":"Fusion Hammer"}],"items_purged_floors":[28,37],"is_endless":false,"potions_floor_spawned":[7,13,14,16,18,22,30,31,38,44],"ascension_level":2}