{"gold_per_floor":[111,125,300,300,319,319,334,334,334,361,311,311,326,379,379,474,474,492,52,69,86,102,102,114,114,114,114,133,46,0,35,35,137,137,155,165,31,46,0,0,27,46,46,58,78,94,94,94,94,94,94,94,44,72,72],"floor_reached":55,"playtime":9281,"items_purged":["Strike_B","Defend_B"],"score":798,"play_id":"d54b57de-6d3d-40cc-9caa-b6560df48725","local_time":"20190806205036","is_ascension_mode":true,"campfire_choices":[{"data":"Capacitor","floor":6.0,"key":"SMITH"},{"data":"Zap","floor":8.0,"key":"SMITH"},{"floor":15.0,"key":"REST"},{"data":"Go for the Eyes","floor":23,"key":"SMITH"},{"data":"Coolheaded","floor":25,"key":"SMITH"},{"floor":27,"key":"REST"},{"data":"Dualcast","floor":32,"key":"SMITH"},{"floor":47,"key":"RECALL"},{"data":"Barrage","floor":49,"key":"SMITH"},{"data":"Blizzard","floor":52,"key":"SMITH"}],"neow_cost":"TEN_PERCENT_HP_LOSS","seed_source_timestamp":0,"circlet_count":0,"master_deck":["Strike_B+1","Defend_B+1","Defend_B","Defend_B","Zap+1","Dualcast+1","Chill","Capacitor+1","Coolheaded+1","Go for the Eyes+1","Gash","Steam","Coolheaded+1","Turbo+1","Amplify+1","Hologram+1","Blind+1","The Bomb+1","Conserve Battery+1","Leap+1","Conserve Battery+1","Leap+1","Redo+1","Double Energy+1","Coolheaded+1","Seek+1","Coolheaded+1","Blizzard+1","Chill+1","Barrage+1","Skim+1","Go for the Eyes+1"],"special_seed":0,"relics":["FrozenCore","Toxic Egg 2","Odd Mushroom","Bronze Scales","Inserter","Letter Opener","Pantograph","Red Mask","Happy Flower","Bottled Tornado"],"potions_floor_usage":[38,46,54,54,55,55],"damage_taken":[{"damage":9.0,"enemies":"Jaw Worm","floor":1.0,"turns":4.0},{"damage":5.0,"enemies":"2 Louse","floor":2.0,"turns":3.0},{"damage":0.0,"enemies":"Small Slimes","floor":5.0,"turns":4.0},{"damage":5.0,"enemies":"3 Louse","floor":7.0,"turns":4.0},{"damage":16.0,"enemies":"The Mushroom Lair","floor":10.0,"turns":5.0},{"damage":6.0,"enemies":"2 Fungi Beasts","floor":13.0,"turns":4.0},{"damage":13.0,"enemies":"Slime Boss","floor":16.0,"turns":14.0},{"damage":20,"enemies":"Spheric Guardian","floor":18,"turns":6},{"damage":1,"enemies":"Shell Parasite","floor":20,"turns":6},{"damage":6,"enemies":"Snecko","floor":21,"turns":7},{"damage":4,"enemies":"Shelled Parasite and Fungi","floor":22,"turns":7},{"damage":2,"enemies":"Snake Plant","floor":24,"turns":5},{"damage":0,"enemies":"Snecko","floor":28,"turns":6},{"damage":0,"enemies":"Book of Stabbing","floor":31,"turns":6},{"damage":20,"enemies":"Automaton","floor":33,"turns":13},{"damage":8,"enemies":"Orb Walker","floor":35,"turns":4},{"damage":0,"enemies":"3 Shapes","floor":36,"turns":3},{"damage":10,"enemies":"Transient","floor":38,"turns":5},{"damage":0,"enemies":"Giant Head","floor":41,"turns":17},{"damage":1,"enemies":"Spire Growth","floor":42,"turns":8},{"damage":0,"enemies":"Jaw Worm Horde","floor":44,"turns":3},{"damage":10,"enemies":"Sphere and 2 Shapes","floor":45,"turns":4},{"damage":0,"enemies":"Maw","floor":46,"turns":9},{"damage":1,"enemies":"Awakened One","floor":50,"turns":17},{"damage":0,"enemies":"Shield and Spear","floor":54,"turns":7},{"damage":70,"enemies":"The Heart","floor":55,"turns":12}],"seed_played":"4505709821656373852","potions_obtained":[{"floor":5.0,"key":"EntropicBrew"},{"floor":10.0,"key":"EssenceOfSteel"},{"floor":22,"key":"FocusPotion"},{"floor":24,"key":"Weak Potion"},{"floor":28,"key":"FocusPotion"},{"floor":38,"key":"Explosive Potion"},{"floor":54,"key":"FearPotion"}],"is_trial":false,"path_per_floor":["M","M","?","?","M","R","M","R","T","?","?","?","M","T","R","B",null,"M","$","M","M","M","R","M","R","T","R","M","$","?","E","R","B",null,"M","M","$","M","?","?","E","M","T","M","M","M","R","$","R","B",null,"R","$","E","B"],"character_chosen":"DEFECT","items_purchased":["Blind+1","The Bomb+1","Conserve Battery+1","Leap+1","Double Energy+1","Coolheaded+1","Blizzard","Dexterity Potion"],"campfire_rested":2,"item_purchase_floors":[19,19,19,19,29,29,37,53],"current_hp_per_floor":[59,54,54,40,40,40,35,35,35,19,19,19,13,13,33,20,68,48,48,47,41,37,37,35,35,35,55,55,55,55,55,55,48,68,60,60,60,50,50,50,50,49,49,49,39,39,39,39,39,63,68,68,68,68,0],"gold":72,"neow_bonus":"TRANSFORM_TWO_CARDS","is_prod":false,"is_daily":false,"chose_seed":false,"campfire_upgraded":7,"win_rate":0,"timestamp":1565092236,"path_taken":["M","M","?","?","M","R","M","R","T","?","?","?","M","?","R","BOSS","M","$","M","?","M","R","M","R","T","R","M","$","?","E","R","BOSS","M","M","$","M","?","?","E","M","T","M","M","M","R","$","R","BOSS","R","$","E","BOSS"],"build_version":"2019-07-17","purchased_purges":2,"victory":false,"max_hp_per_floor":[68,68,68,68,68,68,68,68,68,68,68,68,68,68,68,68,68,68,68,68,68,68,68,68,68,68,68,68,68,68,68,68,68,68,68,68,68,68,68,68,68,68,68,68,68,68,68,68,68,68,68,68,68,68,68],"card_choices":[{"not_picked":["Steam","Hologram"],"picked":"Coolheaded","floor":1.0},{"not_picked":["Turbo","Gash"],"picked":"Go for the Eyes","floor":2.0},{"not_picked":["Streamline","Skim"],"picked":"Gash","floor":5.0},{"not_picked":["Turbo","Hello World"],"picked":"Steam","floor":7.0},{"not_picked":["Compile Driver","Genetic Algorithm+1"],"picked":"Coolheaded+1","floor":10.0},{"not_picked":["Rebound","Streamline"],"picked":"Turbo+1","floor":13.0},{"not_picked":["Machine Learning","Multi-Cast+1"],"picked":"Amplify+1","floor":16.0},{"not_picked":["Compile Driver","Sweeping Beam"],"picked":"Hologram+1","floor":18},{"not_picked":["Reprogram+1","Genetic Algorithm+1"],"picked":"Conserve Battery+1","floor":20},{"not_picked":["Steam+1","Amplify+1"],"picked":"Leap+1","floor":21},{"not_picked":["Cold Snap+1","Steam+1","Melter"],"picked":"SKIP","floor":22},{"not_picked":["Ball Lightning","Hologram+1"],"picked":"Redo+1","floor":24},{"not_picked":["Undo+1","Streamline+1","All For One"],"picked":"SKIP","floor":28},{"not_picked":["Compile Driver","Leap+1","Rebound+1"],"picked":"SKIP","floor":31},{"not_picked":["Core Surge","Reboot+1"],"picked":"Seek+1","floor":33},{"not_picked":["Steam+1","Go for the Eyes","Capacitor"],"picked":"SKIP","floor":35},{"not_picked":["Barrage","Streamline+1"],"picked":"Coolheaded+1","floor":36},{"not_picked":["Aggregate+1","Reinforced Body+1","Conserve Battery+1"],"picked":"SKIP","floor":38},{"not_picked":["Recycle+1","Ball Lightning"],"picked":"Chill+1","floor":41},{"not_picked":["Cold Snap+1","Conserve Battery+1"],"picked":"Barrage","floor":42},{"not_picked":["Barrage+1","Genetic Algorithm+1","Leap+1"],"picked":"SKIP","floor":44},{"not_picked":["Double Energy+1","Force Field+1"],"picked":"Skim+1","floor":45},{"not_picked":["Hologram+1","Ball Lightning","Barrage+1"],"picked":"SKIP","floor":46},{"not_picked":["Cold Snap+1","Self Repair+1"],"picked":"Go for the Eyes+1","floor":54}],"player_experience":192898,"relics_obtained":[{"floor":9.0,"key":"Toxic Egg 2"},{"floor":10.0,"key":"Odd Mushroom"},{"floor":14.0,"key":"Bronze Scales"},{"floor":26,"key":"Letter Opener"},{"floor":31,"key":"Pantograph"},{"floor":41,"key":"Happy Flower"},{"floor":54,"key":"Bottled Tornado"}],"event_choices":[{"damage_healed":0.0,"max_hp_gain":0.0,"max_hp_loss":0.0,"gold_gain":175.0,"event_name":"Liars Game","player_choice":"AGREE","floor":3.0,"gold_loss":0.0,"damage_taken":0.0,"cards_obtained":["Doubt"]},{"damage_healed":0.0,"max_hp_gain":0.0,"max_hp_loss":0.0,"gold_gain":0.0,"event_name":"Shining Light","player_choice":"Entered Light","floor":4.0,"gold_loss":0.0,"damage_taken":14.0,"cards_upgraded":["Defend_B","Strike_B"]},{"damage_healed":0.0,"max_hp_gain":0.0,"max_hp_loss":0.0,"gold_gain":0.0,"event_name":"Mushrooms","player_choice":"Fought Mushrooms","floor":10.0,"gold_loss":0.0,"damage_taken":0.0},{"cards_removed":["Doubt"],"damage_healed":0.0,"max_hp_gain":0.0,"max_hp_loss":0.0,"gold_gain":0.0,"event_name":"The Cleric","player_choice":"Card Removal","floor":11.0,"gold_loss":50.0,"damage_taken":0.0},{"damage_healed":0.0,"max_hp_gain":0.0,"max_hp_loss":0.0,"gold_gain":0.0,"event_name":"Golden Wing","player_choice":"Ignored","floor":12.0,"gold_loss":0.0,"damage_taken":0.0},{"damage_healed":0,"gold_gain":0,"player_choice":"Paid Fearfully","damage_taken":0,"max_hp_gain":0,"max_hp_loss":0,"event_name":"Masked Bandits","floor":30,"gold_loss":46},{"damage_healed":0,"gold_gain":0,"player_choice":"Paid","damage_taken":0,"relics_obtained":["Red Mask"],"max_hp_gain":0,"max_hp_loss":0,"event_name":"Tomb of Lord Red Mask","floor":39,"gold_loss":46},{"damage_healed":0,"gold_gain":0,"player_choice":"Ignored","damage_taken":0,"max_hp_gain":0,"max_hp_loss":0,"event_name":"SecretPortal","floor":40,"gold_loss":0}],"is_beta":false,"boss_relics":[{"not_picked":["Eternal Feather","Snecko Eye"],"picked":"Inserter"},{"not_picked":["Runic Dome","Lizard Tail"],"picked":"FrozenCore"}],"items_purged_floors":[19,37],"is_endless":false,"potions_floor_spawned":[5,10,22,24,28,31,35,36,38,41,45,54],"killed_by":"The Heart","ascension_level":1}