{"gold_per_floor":[117,117,117,117,132,132,145,145,172,192,66,66,85,119,119,222,222,232,112,112,41,51,51],"floor_reached":23,"playtime":1287,"items_purged":["Strike_G","Strike_G"],"score":234,"play_id":"43bdc161-0d57-4098-a22e-1de1478b93b2","local_time":"20190317233827","is_ascension_mode":true,"campfire_choices":[{"data":"Phantasmal Killer","floor":6.0,"key":"SMITH"},{"data":"Neutralize","floor":8.0,"key":"SMITH"},{"floor":12.0,"key":"REST"},{"floor":15.0,"key":"REST"}],"neow_cost":"NONE","seed_source_timestamp":0,"circlet_count":0,"master_deck":["Defend_G","Defend_G","Defend_G","Defend_G","Defend_G","Survivor","Neutralize+1","Infinite Blades+1","Phantasmal Killer+1","Expertise","Concentrate","Accuracy","Calculated Gamble","Storm of Steel","Infinite Blades","Accuracy","Backflip"],"special_seed":0,"relics":["Ring of the Snake","Happy Flower","Smiling Mask","Odd Mushroom","Lantern","Philosopher\u0027s Stone"],"potions_floor_usage":[],"damage_taken":[{"damage":2.0,"enemies":"2 Louse","floor":1.0,"turns":2.0},{"damage":4.0,"enemies":"Jaw Worm","floor":5.0,"turns":2.0},{"damage":0.0,"enemies":"Cultist","floor":7.0,"turns":3.0},{"damage":13.0,"enemies":"The Mushroom Lair","floor":10.0,"turns":2.0},{"damage":3.0,"enemies":"Looter","floor":13.0,"turns":4.0},{"damage":12.0,"enemies":"Gremlin Nob","floor":14.0,"turns":3.0},{"damage":47.0,"enemies":"Slime Boss","floor":16.0,"turns":14.0},{"damage":2.0,"enemies":"Shell Parasite","floor":18.0,"turns":5.0},{"damage":29,"enemies":"2 Thieves","floor":22,"turns":4},{"damage":0,"enemies":"Slavers","floor":23,"turns":1}],"seed_played":"5993638943715336659","potions_obtained":[{"floor":5.0,"key":"SteroidPotion"},{"floor":7.0,"key":"SkillPotion"},{"floor":13.0,"key":"AttackPotion"},{"floor":14.0,"key":"Block Potion"}],"is_trial":false,"path_per_floor":["M","?","?","?","M","R","M","R","T","?","$","R","M","E","R","B",null,"M","$","?","$","M","E"],"character_chosen":"THE_SILENT","items_purchased":["Accuracy","Infinite Blades","Accuracy"],"campfire_rested":2,"item_purchase_floors":[11,19,21],"current_hp_per_floor":[68,54,47,47,43,43,43,43,43,30,30,51,48,36,57,10,55,53,53,53,53,24,24],"gold":51,"neow_bonus":"RANDOM_COMMON_RELIC","is_prod":false,"is_daily":false,"chose_seed":false,"campfire_upgraded":2,"win_rate":0,"timestamp":1552891107,"path_taken":["M","?","?","?","?","R","M","R","T","?","$","R","M","E","R","BOSS","M","$","?","$","M","E"],"build_version":"2019-01-23","purchased_purges":2,"victory":false,"max_hp_per_floor":[70,70,70,70,70,70,70,70,70,70,70,70,70,70,70,70,70,70,70,70,70,70,70],"card_choices":[{"not_picked":["Flying Knee","Distraction"],"picked":"Infinite Blades","floor":1.0},{"not_picked":["Blade Dance","Dagger Spray"],"picked":"Expertise","floor":5.0},{"not_picked":["Bane","Choke","Deflect"],"picked":"SKIP","floor":7.0},{"not_picked":["Flying Knee","Expertise"],"picked":"Concentrate","floor":10.0},{"not_picked":["Dodge and Roll","Bane","Poisoned Stab"],"picked":"SKIP","floor":13.0},{"not_picked":["Riddle With Holes","PiercingWail"],"picked":"Calculated Gamble","floor":14.0},{"not_picked":["Bullet Time","Venomology"],"picked":"Storm of Steel","floor":16.0},{"not_picked":["Dagger Throw","Poisoned Stab","Catalyst"],"picked":"SKIP","floor":18.0},{"not_picked":["Accuracy+1","Slice"],"picked":"Backflip","floor":22}],"player_experience":163680,"relics_obtained":[{"floor":9.0,"key":"Smiling Mask"},{"floor":10.0,"key":"Odd Mushroom"},{"floor":14.0,"key":"Lantern"}],"event_choices":[{"damage_healed":0.0,"max_hp_gain":0.0,"max_hp_loss":0.0,"gold_gain":0.0,"event_name":"Shining Light","player_choice":"Entered Light","floor":2.0,"gold_loss":0.0,"damage_taken":14.0,"cards_upgraded":["Infinite Blades","Strike_G"]},{"cards_removed":["Strike_G"],"damage_healed":0.0,"max_hp_gain":0.0,"max_hp_loss":0.0,"gold_gain":0.0,"event_name":"Golden Wing","player_choice":"Card Removal","floor":3.0,"gold_loss":0.0,"damage_taken":7.0},{"damage_healed":0.0,"max_hp_gain":0.0,"max_hp_loss":0.0,"gold_gain":0.0,"cards_transformed":["Strike_G"],"event_name":"Transmorgrifier","player_choice":"Transformed","floor":4.0,"gold_loss":0.0,"damage_taken":0.0,"cards_obtained":["Phantasmal Killer"]},{"damage_healed":0.0,"max_hp_gain":0.0,"max_hp_loss":0.0,"gold_gain":0.0,"event_name":"Mushrooms","player_choice":"Fought Mushrooms","floor":10.0,"gold_loss":0.0,"damage_taken":0.0},{"cards_removed":["Strike_G"],"damage_healed":0.0,"max_hp_gain":0.0,"max_hp_loss":0.0,"gold_gain":0.0,"event_name":"Purifier","player_choice":"Purged","floor":20.0,"gold_loss":0.0,"damage_taken":0.0}],"is_beta":false,"boss_relics":[{"not_picked":["Busted Crown","Cursed Key"],"picked":"Philosopher\u0027s Stone"}],"items_purged_floors":[11,19],"is_endless":false,"potions_floor_spawned":[5,7,13,14],"killed_by":"Slavers","ascension_level":5}