{"gold_per_floor":[15,30,30,50,50,50,69,97,97,97,107,32,51,85,85,161,161,178,197,211,231,54,54,86,86,86,115,129,149,149,169,169,246,246,262,146,166,52,52,52,52,52,105,132,132,144,190,290,290,290,290],"floor_reached":52,"playtime":2263,"items_purged":["Pain"],"score":2014,"play_id":"4a365325-b37a-4d0f-b36a-6f8a12a21d5a","local_time":"20190627161229","is_ascension_mode":true,"campfire_choices":[{"data":"Ball Lightning","floor":6.0,"key":"SMITH"},{"data":"Dualcast","floor":10.0,"key":"SMITH"},{"data":"Conserve Battery","floor":15.0,"key":"SMITH"},{"floor":23,"key":"REST"},{"floor":25,"key":"REST"},{"floor":30,"key":"REST"},{"floor":32,"key":"REST"},{"data":"Defragment","floor":40,"key":"SMITH"},{"data":"Defragment","floor":42,"key":"SMITH"},{"data":"Capacitor","floor":45,"key":"SMITH"},{"floor":49,"key":"REST"}],"neow_cost":"NO_GOLD","seed_source_timestamp":214452712483,"circlet_count":0,"master_deck":["AscendersBane","Defend_B","Defend_B","Defend_B","Zap+1","Dualcast+1","Ball Lightning+1","All For One","Conserve Battery+1","Turbo+1","Coolheaded+1","Coolheaded+1","Multi-Cast+1","Genetic Algorithm+1","Auto Shields+1","Steam Power+1","Defragment+1","Gash","Go for the Eyes","Fission+1","Gash","Chill+1","Double Energy+1","Double Energy+1","Go for the Eyes","Echo Form","Defragment+1","Double Energy+1","Capacitor+1","Coolheaded+1","Reinforced Body+1"],"special_seed":0,"relics":["Cracked Core","WarpedTongs","Toxic Egg 2","Shuriken","Ice Cream","Astrolabe","Happy Flower","Blue Candle","Bronze Scales","Busted Crown","Pen Nib","Juzu Bracelet","Emotion Chip","Calipers"],"potions_floor_usage":[20,21,21,22,33,47,51],"damage_taken":[{"damage":3.0,"enemies":"Small Slimes","floor":1.0,"turns":4.0},{"damage":1.0,"enemies":"Cultist","floor":2.0,"turns":3.0},{"damage":7.0,"enemies":"Jaw Worm","floor":4.0,"turns":2.0},{"damage":3.0,"enemies":"Exordium Thugs","floor":7.0,"turns":3.0},{"damage":0.0,"enemies":"Gremlin Nob","floor":8.0,"turns":2.0},{"damage":14.0,"enemies":"Blue Slaver","floor":11.0,"turns":3.0},{"damage":0.0,"enemies":"Looter","floor":13.0,"turns":3.0},{"damage":10.0,"enemies":"3 Sentries","floor":14.0,"turns":5.0},{"damage":0.0,"enemies":"The Guardian","floor":16.0,"turns":11.0},{"damage":5.0,"enemies":"3 Byrds","floor":18.0,"turns":5.0},{"damage":0.0,"enemies":"Spheric Guardian","floor":19.0,"turns":2.0},{"damage":19,"enemies":"Chosen and Byrds","floor":20,"turns":6},{"damage":20,"enemies":"3 Cultists","floor":21,"turns":6},{"damage":21,"enemies":"Book of Stabbing","floor":24,"turns":6},{"damage":18,"enemies":"Slavers","floor":27,"turns":5},{"damage":0,"enemies":"Snake Plant","floor":28,"turns":1},{"damage":22,"enemies":"Cultist and Chosen","floor":29,"turns":8},{"damage":0,"enemies":"Chosen and Byrds","floor":31,"turns":3},{"damage":8,"enemies":"Automaton","floor":33,"turns":6},{"damage":5,"enemies":"3 Darklings","floor":35,"turns":5},{"damage":9,"enemies":"3 Shapes","floor":37,"turns":7},{"damage":11,"enemies":"Nemesis","floor":44,"turns":8},{"damage":1,"enemies":"Sphere and 2 Shapes","floor":46,"turns":5},{"damage":6,"enemies":"2 Orb Walkers","floor":47,"turns":3},{"damage":0,"enemies":"Mind Bloom Boss Battle","floor":48,"turns":3},{"damage":9,"enemies":"Time Eater","floor":50,"turns":5},{"damage":39,"enemies":"Awakened One","floor":51,"turns":10}],"seed_played":"5874025446097955102","potions_obtained":[{"floor":2.0,"key":"FearPotion"},{"floor":4.0,"key":"Strength Potion"},{"floor":11.0,"key":"Regen Potion"},{"floor":14.0,"key":"Weak Potion"},{"floor":16.0,"key":"Ancient Potion"},{"floor":20,"key":"Block Potion"},{"floor":21,"key":"Fruit Juice"},{"floor":24,"key":"SneckoOil"},{"floor":28,"key":"PowerPotion"},{"floor":29,"key":"AttackPotion"},{"floor":44,"key":"SkillPotion"},{"floor":46,"key":"Swift Potion"}],"is_trial":false,"path_per_floor":["M","M","?","M","?","R","M","E","T","R","M","$","M","E","R","B",null,"M","M","M","M","$","R","E","R","T","E","M","M","R","M","R","B",null,"M","$","M","$","?","R","$","R","T","E","R","M","?","?","R","B","B",null],"character_chosen":"DEFECT","items_purchased":["Fission+1","Defragment","Double Energy+1","Capacitor","Coolheaded+1"],"campfire_rested":5,"item_purchase_floors":[22,36,36,38,38],"current_hp_per_floor":[61,60,60,53,53,53,50,50,50,50,36,36,36,40,40,40,63,58,58,39,19,24,46,25,47,47,29,29,7,29,29,51,43,68,63,63,54,54,76,76,76,76,76,65,65,64,58,58,76,67,28],"gold":290,"neow_bonus":"REMOVE_TWO","is_prod":false,"is_daily":false,"chose_seed":false,"campfire_upgraded":6,"win_rate":0,"timestamp":1561644749,"path_taken":["M","M","?","M","?","R","?","E","T","R","M","$","?","E","R","BOSS","M","M","M","M","$","R","E","R","T","E","M","M","R","M","R","BOSS","M","$","M","$","?","R","?","R","T","E","R","M","?","?","R","BOSS","BOSS"],"build_version":"2019-06-24","purchased_purges":1,"victory":true,"max_hp_per_floor":[71,71,71,71,71,71,71,71,71,71,71,71,71,71,71,71,71,71,71,71,71,76,76,76,76,76,76,76,76,76,76,76,76,76,76,76,76,76,76,76,76,76,76,76,76,76,76,76,76,76,76],"card_choices":[{"not_picked":["Turbo","Recycle","Tempest"],"picked":"SKIP","floor":1.0},{"not_picked":["Recycle","Compile Driver"],"picked":"Ball Lightning","floor":2.0},{"not_picked":["Gash","Lockon"],"picked":"All For One","floor":4.0},{"not_picked":["Consume","Leap"],"picked":"Conserve Battery","floor":7.0},{"not_picked":["Leap","Rebound"],"picked":"Reinforced Body","floor":8.0},{"not_picked":["Skim+1","Leap+1"],"picked":"Turbo+1","floor":11.0},{"not_picked":["Skim+1","Ball Lightning"],"picked":"Coolheaded+1","floor":13.0},{"not_picked":["Undo+1","Streamline"],"picked":"Coolheaded+1","floor":14.0},{"not_picked":["All For One","Biased Cognition"],"picked":"Multi-Cast+1","floor":16.0},{"not_picked":["Consume+1","Reinforced Body+1"],"picked":"Defragment","floor":18.0},{"not_picked":["Rebound","Conserve Battery+1"],"picked":"Gash","floor":19.0},{"not_picked":["Force Field+1","Barrage","Rebound"],"picked":"SKIP","floor":20},{"not_picked":["Streamline","Leap+1"],"picked":"Go for the Eyes","floor":21},{"not_picked":["Storm","Hyperbeam"],"picked":"Gash","floor":24},{"not_picked":["Leap+1","Rip and Tear"],"picked":"Chill+1","floor":27},{"not_picked":["Chaos+1","Fusion+1"],"picked":"Double Energy+1","floor":28},{"not_picked":["Steam+1","Conserve Battery+1"],"picked":"Double Energy+1","floor":29},{"not_picked":["Force Field+1","Darkness+1"],"picked":"Go for the Eyes","floor":31},{"not_picked":["Electrodynamics","Core Surge"],"picked":"Echo Form","floor":33},{"not_picked":["Streamline"],"picked":"SKIP","floor":35},{"not_picked":["Blizzard"],"picked":"SKIP","floor":37},{"not_picked":["Auto Shields+1"],"picked":"SKIP","floor":44},{"not_picked":["Stack+1"],"picked":"SKIP","floor":46},{"not_picked":[],"picked":"Reinforced Body+1","floor":47}],"player_experience":1774020,"relics_obtained":[{"floor":8.0,"key":"Toxic Egg 2"},{"floor":9.0,"key":"Shuriken"},{"floor":14.0,"key":"Ice Cream"},{"floor":24,"key":"Happy Flower"},{"floor":26,"key":"Blue Candle"},{"floor":27,"key":"Bronze Scales"},{"floor":43,"key":"Pen Nib"},{"floor":44,"key":"Juzu Bracelet"},{"floor":47,"key":"Emotion Chip"},{"floor":48,"key":"Calipers"}],"event_choices":[{"damage_healed":0.0,"max_hp_gain":0.0,"max_hp_loss":0.0,"gold_gain":0.0,"event_name":"Living Wall","player_choice":"Grow","floor":3.0,"gold_loss":0.0,"damage_taken":0.0,"cards_upgraded":["Zap"]},{"damage_healed":0.0,"max_hp_gain":0.0,"max_hp_loss":0.0,"gold_gain":0.0,"event_name":"Accursed Blacksmith","player_choice":"Rummage","floor":5.0,"gold_loss":0.0,"damage_taken":0.0,"relics_obtained":["WarpedTongs"],"cards_obtained":["Pain"]},{"cards_removed":["Reinforced Body"],"damage_healed":22,"gold_gain":0,"player_choice":"Offered Uncommon","damage_taken":0,"max_hp_gain":0,"max_hp_loss":0,"event_name":"Bonfire Elementals","floor":39,"gold_loss":0},{"damage_healed":0,"gold_gain":0,"player_choice":"Fight","damage_taken":0,"max_hp_gain":0,"max_hp_loss":0,"event_name":"Mysterious Sphere","floor":47,"gold_loss":0},{"damage_healed":0,"gold_gain":0,"player_choice":"Fight","damage_taken":0,"max_hp_gain":0,"max_hp_loss":0,"event_name":"MindBloom","floor":48,"gold_loss":0}],"is_beta":true,"boss_relics":[{"not_picked":["Lizard Tail","Sozu"],"picked":"Astrolabe"},{"not_picked":["White Beast Statue","Fusion Hammer"],"picked":"Busted Crown"}],"items_purged_floors":[12],"is_endless":false,"potions_floor_spawned":[2,4,11,14,16,20,21,24,28,29,44,46],"ascension_level":20}