{"gold_per_floor":[109,121,131,21,21,21,52,63,86,86,103,116,116,135,135,235,235,253,264,277,192,208,208,208,208,231,250,250,262,273,173,173,270,270,281,294,169,188,198,198,217,217,270,270,270,120,136,146,146,146],"floor_reached":51,"playtime":5384,"items_purged":["Strike_G","Strike_G","Defend_G","Strike_G"],"score":632,"play_id":"2d867621-870d-4c45-a422-8a1c1c27768f","local_time":"20190719215907","is_ascension_mode":false,"campfire_choices":[{"data":"Footwork","floor":6,"key":"SMITH"},{"floor":13,"key":"REST"},{"data":"Noxious Fumes","floor":15,"key":"SMITH"},{"floor":23,"key":"REST"},{"data":"Dodge and Roll","floor":25,"key":"SMITH"},{"data":"Malaise","floor":28,"key":"SMITH"},{"floor":32,"key":"REST"},{"floor":40,"key":"REST"},{"data":"Backflip","floor":42,"key":"SMITH"},{"data":"Corpse Explosion","floor":44,"key":"SMITH"},{"floor":49,"key":"REST"}],"neow_cost":"NONE","seed_source_timestamp":175821220753264,"circlet_count":0,"master_deck":["Strike_G","Strike_G","Defend_G+1","Defend_G","Defend_G","Survivor+1","Neutralize","Outmaneuver","Bouncing Flask","Footwork+1","Malaise+1","Dodge and Roll+1","Iron Wave","Noxious Fumes+1","Corpse Explosion+1","Outmaneuver+1","Acrobatics","Backflip+1","Bullet Time","Prepared+1","Dodge and Roll+1","Dodge and Roll+1"],"relics":["Ring of the Serpent","NeowsBlessing","Blood Vial","Bronze Scales","Velvet Choker","War Paint","Ninja Scroll","Oddly Smooth Stone","Omamori"],"potions_floor_usage":[16,16,16,36,38,38,41,48,50,50],"damage_taken":[{"damage":0,"enemies":"Cultist","floor":1,"turns":1},{"damage":0,"enemies":"2 Louse","floor":2,"turns":1},{"damage":0,"enemies":"Small Slimes","floor":3,"turns":1},{"damage":20,"enemies":"Gremlin Nob","floor":7,"turns":5},{"damage":6,"enemies":"Exordium Thugs","floor":8,"turns":6},{"damage":2,"enemies":"3 Louse","floor":11,"turns":4},{"damage":11,"enemies":"Exordium Wildlife","floor":12,"turns":5},{"damage":14,"enemies":"Gremlin Gang","floor":14,"turns":6},{"damage":12,"enemies":"Hexaghost","floor":16,"turns":8},{"damage":12,"enemies":"2 Thieves","floor":18,"turns":4},{"damage":14,"enemies":"3 Byrds","floor":19,"turns":3},{"damage":19,"enemies":"Snake Plant","floor":20,"turns":4},{"damage":0,"enemies":"Shelled Parasite and Fungi","floor":22,"turns":6},{"damage":8,"enemies":"Centurion and Healer","floor":27,"turns":7},{"damage":14,"enemies":"Snake Plant","floor":29,"turns":4},{"damage":0,"enemies":"Shelled Parasite and Fungi","floor":30,"turns":6},{"damage":16,"enemies":"Automaton","floor":33,"turns":11},{"damage":5,"enemies":"3 Shapes","floor":35,"turns":4},{"damage":10,"enemies":"3 Darklings","floor":36,"turns":4},{"damage":13,"enemies":"4 Shapes","floor":38,"turns":3},{"damage":21,"enemies":"Spire Growth","floor":39,"turns":8},{"damage":10,"enemies":"Jaw Worm Horde","floor":41,"turns":4},{"damage":5,"enemies":"3 Darklings","floor":47,"turns":4},{"damage":4,"enemies":"4 Shapes","floor":48,"turns":6},{"damage":37,"enemies":"Donu and Deca","floor":50,"turns":10}],"seed_played":"-3959089265197109392","potions_obtained":[{"floor":2,"key":"Weak Potion"},{"floor":8,"key":"Energy Potion"},{"floor":11,"key":"SpeedPotion"},{"floor":12,"key":"Poison Potion"},{"floor":14,"key":"Ancient Potion"},{"floor":19,"key":"Explosive Potion"},{"floor":22,"key":"Dexterity Potion"},{"floor":27,"key":"Regen Potion"},{"floor":35,"key":"EntropicBrew"},{"floor":39,"key":"Block Potion"},{"floor":47,"key":"EssenceOfSteel"}],"is_trial":false,"path_per_floor":["M","M","M","$","?","R","E","M","T","?","M","M","R","M","R","B",null,"M","M","M","?","M","R","T","R","T","M","R","M","M","$","R","B",null,"M","M","$","M","M","R","M","R","T","R","?","$","M","M","R","B",null],"character_chosen":"THE_SILENT","items_purchased":["Footwork"],"campfire_rested":5,"item_purchase_floors":[4],"current_hp_per_floor":[70,70,70,70,70,70,50,46,46,46,46,37,58,46,46,36,70,58,46,29,29,31,52,52,52,52,46,46,34,36,36,57,43,70,65,57,57,58,39,60,52,52,52,52,52,52,49,47,68,33],"gold":146,"neow_bonus":"THREE_ENEMY_KILL","is_prod":false,"is_daily":false,"chose_seed":false,"campfire_upgraded":6,"win_rate":0.0,"timestamp":1563598747,"path_taken":["M","M","?","?","?","R","E","M","T","?","?","M","R","M","R","BOSS","M","M","M","?","M","R","?","R","T","M","R","M","M","$","R","BOSS","M","M","$","?","M","R","M","R","T","R","?","$","M","M","R","BOSS"],"build_version":"2019-07-05","purchased_purges":4,"victory":true,"max_hp_per_floor":[70,70,70,70,70,70,70,70,70,70,70,70,70,70,70,70,70,70,70,70,70,70,70,70,70,70,70,70,70,70,70,70,70,70,70,70,70,70,70,70,70,70,70,70,70,70,70,70,70,70],"card_choices":[{"not_picked":["Dagger Spray","Predator"],"picked":"Outmaneuver","floor":1},{"not_picked":["Eviscerate","Blade Dance","Tactician"],"picked":"SKIP","floor":2},{"not_picked":["Crippling Poison","Outmaneuver"],"picked":"Bouncing Flask","floor":3},{"not_picked":["Caltrops","Skewer"],"picked":"Malaise","floor":7},{"not_picked":["Underhanded Strike","Outmaneuver"],"picked":"Dodge and Roll","floor":8},{"not_picked":["Bane","Dagger Spray","Caltrops"],"picked":"SKIP","floor":11},{"not_picked":["Prepared","Leg Sweep"],"picked":"Noxious Fumes","floor":12},{"not_picked":["Prepared","Blade Dance","Predator"],"picked":"SKIP","floor":14},{"not_picked":["Tools of the Trade","Malaise"],"picked":"Corpse Explosion","floor":16},{"not_picked":["Slice","Leg Sweep"],"picked":"Outmaneuver+1","floor":18},{"not_picked":["Masterful Stab","Terror+1","Deadly Poison"],"picked":"SKIP","floor":19},{"not_picked":["Underhanded Strike","Deadly Poison","Dodge and Roll"],"picked":"SKIP","floor":20},{"not_picked":["Prepared","Sucker Punch"],"picked":"Acrobatics","floor":22},{"not_picked":["Escape Plan","Sucker Punch","Endless Agony"],"picked":"SKIP","floor":27},{"not_picked":["Reflex","Deadly Poison+1"],"picked":"Backflip","floor":29},{"not_picked":["Riddle With Holes","Prepared","Noxious Fumes"],"picked":"SKIP","floor":30},{"not_picked":["Wraith Form v2","A Thousand Cuts"],"picked":"Bullet Time","floor":33},{"not_picked":["Flying Knee+1","Deflect","Dagger Spray+1"],"picked":"SKIP","floor":35},{"not_picked":["Poisoned Stab","Riddle With Holes"],"picked":"Prepared+1","floor":36},{"not_picked":["Terror+1","Masterful Stab","Caltrops"],"picked":"SKIP","floor":38},{"not_picked":["Deflect+1","Terror+1","Poisoned Stab"],"picked":"SKIP","floor":39},{"not_picked":["Noxious Fumes","Bane","Sucker Punch"],"picked":"SKIP","floor":41},{"not_picked":["Deflect+1","Leg Sweep+1"],"picked":"Dodge and Roll+1","floor":47},{"not_picked":["Envenom","Finisher+1"],"picked":"Dodge and Roll+1","floor":48}],"player_experience":23688,"relics_obtained":[{"floor":7,"key":"Blood Vial"},{"floor":9,"key":"Bronze Scales"},{"floor":24,"key":"Ninja Scroll"},{"floor":26,"key":"Oddly Smooth Stone"},{"floor":43,"key":"Omamori"}],"event_choices":[{"damage_healed":0,"gold_gain":0,"player_choice":"Ignored","damage_taken":0,"max_hp_gain":0,"max_hp_loss":0,"event_name":"Liars Game","floor":5,"gold_loss":0},{"cards_removed":["Defend_G"],"damage_healed":0,"gold_gain":0,"player_choice":"Took Card","damage_taken":0,"max_hp_gain":0,"max_hp_loss":0,"event_name":"NoteForYourself","floor":10,"gold_loss":0,"cards_obtained":["Iron Wave"]},{"damage_healed":0,"gold_gain":0,"player_choice":"Obtained Relic","damage_taken":0,"relics_obtained":["War Paint"],"max_hp_gain":0,"max_hp_loss":0,"event_name":"Addict","floor":21,"gold_loss":85},{"damage_healed":0,"gold_gain":0,"player_choice":"Ignored","damage_taken":0,"max_hp_gain":0,"max_hp_loss":0,"event_name":"Mysterious Sphere","floor":45,"gold_loss":0}],"is_beta":false,"boss_relics":[{"not_picked":["Fusion Hammer","Lizard Tail"],"picked":"Velvet Choker"},{"not_picked":["Coffee Dripper","Tiny House"],"picked":"Ring of the Serpent"}],"items_purged_floors":[4,31,37,46],"is_endless":false,"potions_floor_spawned":[2,8,11,12,14,19,22,27,35,39,47],"ascension_level":0}