{"gold_per_floor":[112,129,129,146,158,133,133,168,168,168,179,129,129,157,157,256,256],"floor_reached":17,"playtime":773,"items_purged":[],"score":394,"play_id":"63c2a2ab-7700-4bac-8f4f-bb243de4cc5b","local_time":"20190803223211","is_ascension_mode":true,"campfire_choices":[{"data":"Perfected Strike","floor":7,"key":"SMITH"},{"data":"Bash","floor":10,"key":"SMITH"},{"floor":15,"key":"REST"}],"neow_cost":"","seed_source_timestamp":20581190132500,"circlet_count":0,"master_deck":["Strike_R","Strike_R","Strike_R","Strike_R","Strike_R+1","Defend_R","Defend_R","Defend_R","Defend_R","Bash+1","Havoc","Headbutt","Perfected Strike+1","Twin Strike","Shrug It Off","Brutality+1","Wild Strike","Cleave","Shrug It Off","Exhume","Parasite","Clumsy","Shame"],"relics":["Burning Blood","Charon\u0027s Ashes","Pear","Gremlin Horn","Blood Vial","Gambling Chip","FossilizedHelix","Calling Bell","Happy Flower","Ornamental Fan","Magic Flower"],"potions_floor_usage":[14,14],"damage_taken":[{"damage":1,"enemies":"Cultist","floor":1,"turns":4},{"damage":0,"enemies":"2 Louse","floor":2,"turns":2},{"damage":0,"enemies":"Small Slimes","floor":4,"turns":3},{"damage":5,"enemies":"Gremlin Gang","floor":5,"turns":3},{"damage":25,"enemies":"Exordium Thugs","floor":6,"turns":5},{"damage":27,"enemies":"Lagavulin","floor":8,"turns":5},{"damage":5,"enemies":"Lots of Slimes","floor":11,"turns":3},{"damage":0,"enemies":"Gremlin Nob","floor":14,"turns":3},{"damage":14,"enemies":"Slime Boss","floor":16,"turns":8}],"seed_played":"2196328710095066361","potions_obtained":[{"floor":5,"key":"Ancient Potion"},{"floor":6,"key":"SneckoOil"},{"floor":8,"key":"Block Potion"},{"floor":16,"key":"SpeedPotion"}],"is_trial":false,"path_per_floor":["M","M","$","M","M","M","R","E","T","R","M","$","?","E","R","B",null],"character_chosen":"IRONCLAD","items_purchased":["Pear","Gremlin Horn","Cleave"],"campfire_rested":1,"item_purchase_floors":[0,0,12],"current_hp_per_floor":[56,62,62,68,69,50,50,29,29,29,32,32,14,22,49,43,78],"gold":256,"neow_bonus":"","is_prod":false,"is_daily":false,"chose_seed":false,"campfire_upgraded":2,"win_rate":0,"timestamp":1564889531,"path_taken":["M","?","$","M","?","?","R","E","T","R","M","$","?","E","R","BOSS"],"build_version":"2019-07-17","purchased_purges":0,"victory":false,"max_hp_per_floor":[90,90,90,90,90,90,90,90,90,90,90,90,90,90,90,90,90],"card_choices":[{"not_picked":["Blood for Blood","Havoc"],"picked":"Headbutt","floor":1},{"not_picked":["Thunderclap","Bloodletting"],"picked":"Perfected Strike","floor":2},{"not_picked":["Rampage","Infernal Blade"],"picked":"Twin Strike","floor":4},{"not_picked":["Clothesline","Blood for Blood"],"picked":"Shrug It Off","floor":5},{"not_picked":["Pommel Strike","Blood for Blood","Hemokinesis"],"picked":"SKIP","floor":6},{"not_picked":["Searing Blow","Sentinel"],"picked":"Brutality","floor":8},{"not_picked":["Thunderclap","Rage"],"picked":"Wild Strike","floor":11},{"not_picked":["Wild Strike","Intimidate"],"picked":"Shrug It Off","floor":14},{"not_picked":["Dark Embrace","Bludgeon"],"picked":"Exhume","floor":16}],"player_experience":454064,"relics_obtained":[{"floor":8,"key":"Blood Vial"},{"floor":9,"key":"Gambling Chip"},{"floor":14,"key":"FossilizedHelix"},{"floor":17,"key":"Happy Flower"},{"floor":17,"key":"Ornamental Fan"},{"floor":17,"key":"Magic Flower"}],"event_choices":[{"damage_healed":0,"gold_gain":0,"player_choice":"Entered Light","damage_taken":18,"max_hp_gain":0,"max_hp_loss":0,"event_name":"Shining Light","floor":13,"gold_loss":0,"cards_upgraded":["Strike_R","Brutality"]}],"is_beta":false,"boss_relics":[{"not_picked":["Black Star","Runic Dome"],"picked":"Calling Bell"}],"items_purged_floors":[],"is_endless":false,"potions_floor_spawned":[5,6,8,16],"ascension_level":7}