{"gold_per_floor":[119,130,130,130,130,161,161,161,214,214,230,230,260,278,278,278],"floor_reached":16,"playtime":599,"items_purged":[],"score":153,"play_id":"885b1ac3-166c-4257-8102-6b8b679c1414","local_time":"20190801154504","is_ascension_mode":true,"campfire_choices":[{"data":"Neutralize","floor":7.0,"key":"SMITH"},{"data":"Dagger Spray","floor":10.0,"key":"SMITH"},{"data":"Dodge and Roll","floor":12.0,"key":"SMITH"},{"floor":15.0,"key":"REST"}],"neow_cost":"NONE","seed_source_timestamp":215946771184600,"circlet_count":0,"master_deck":["Strike_G","Strike_G","Strike_G","Strike_G","Strike_G","Defend_G","Defend_G","Defend_G","Defend_G","Defend_G+1","Survivor","Neutralize+1","Backflip","Backstab+1","Dagger Spray+1","Dodge and Roll+1","Backflip"],"special_seed":0,"relics":["Ring of the Snake","NeowsBlessing","Question Card","Snake Skull","Pen Nib","Juzu Bracelet","Vajra"],"potions_floor_usage":[],"damage_taken":[{"damage":0.0,"enemies":"Cultist","floor":1.0,"turns":1.0},{"damage":0.0,"enemies":"Small Slimes","floor":2.0,"turns":1.0},{"damage":0.0,"enemies":"Gremlin Nob","floor":6.0,"turns":1.0},{"damage":0.0,"enemies":"Jaw Worm","floor":11.0,"turns":2.0},{"damage":32.0,"enemies":"Lagavulin","floor":13.0,"turns":7.0},{"damage":0.0,"enemies":"Blue Slaver","floor":14.0,"turns":2.0},{"damage":45,"enemies":"Slime Boss","floor":16,"turns":9}],"seed_played":"-8289472780369678065","potions_obtained":[{"floor":1.0,"key":"Swift Potion"},{"floor":14.0,"key":"Regen Potion"}],"is_trial":false,"path_per_floor":["M","M","?","$","?","E","R","T","T","R","M","R","E","M","R","B"],"character_chosen":"THE_SILENT","items_purchased":[],"campfire_rested":1,"item_purchase_floors":[],"current_hp_per_floor":[70,70,56,56,53,53,53,53,53,53,53,53,21,21,42,0],"gold":278,"neow_bonus":"THREE_ENEMY_KILL","is_prod":false,"is_daily":false,"chose_seed":false,"campfire_upgraded":3,"win_rate":0,"timestamp":1564688704,"path_taken":["M","?","?","$","?","E","R","?","T","R","M","R","E","M","R","BOSS"],"build_version":"2019-07-18","purchased_purges":0,"victory":false,"max_hp_per_floor":[70,70,70,70,70,70,70,70,70,70,70,70,70,70,70,70],"card_choices":[{"not_picked":["Leg Sweep","Sucker Punch"],"picked":"Backflip","floor":1.0},{"not_picked":["Quick Slash","Dagger Throw"],"picked":"Backstab","floor":2.0},{"not_picked":["Deflect","Flechettes","Acrobatics"],"picked":"Dagger Spray","floor":6.0},{"not_picked":["Blade Dance","Acrobatics","Infinite Blades"],"picked":"Dodge and Roll","floor":11.0},{"not_picked":["Doppelganger","Blade Dance","Slice"],"picked":"Backflip","floor":13.0},{"not_picked":["Endless Agony","Dagger Throw","Backstab","Outmaneuver"],"picked":"SKIP","floor":14.0}],"player_experience":271103,"relics_obtained":[{"floor":6.0,"key":"Snake Skull"},{"floor":8.0,"key":"Pen Nib"},{"floor":9.0,"key":"Juzu Bracelet"},{"floor":13.0,"key":"Vajra"}],"event_choices":[{"damage_healed":0.0,"max_hp_gain":0.0,"max_hp_loss":0.0,"gold_gain":0.0,"event_name":"Shining Light","player_choice":"Entered Light","floor":3.0,"gold_loss":0.0,"damage_taken":14.0,"cards_upgraded":["Defend_G","Backstab"]},{"damage_healed":0.0,"max_hp_gain":0.0,"max_hp_loss":0.0,"gold_gain":0.0,"event_name":"Scrap Ooze","player_choice":"Success","floor":5.0,"gold_loss":0.0,"damage_taken":3.0,"relics_obtained":["Question Card"]}],"is_beta":true,"boss_relics":[],"items_purged_floors":[],"is_endless":false,"potions_floor_spawned":[1,14],"killed_by":"Slime Boss","ascension_level":3}