{"gold_per_floor":[112,132,150,75,75,139,158,158,183,216,228,128,148,167,167,241,241,259,134,147,147,160,185,185,212,235,268,268,285,300,329,329,403,403,415,43,0,17,17,50,50,50,50,60,86,86,86,117,117,117,117,117,117,117,142,142],"floor_reached":57,"playtime":1498,"items_purged":["Strike_G","Strike_G","Finisher","PiercingWail"],"score":3810,"play_id":"589b410d-332a-4dd8-a78a-57f9ba922422","local_time":"20190809035855","is_ascension_mode":true,"campfire_choices":[{"data":"Backflip","floor":8.0,"key":"SMITH"},{"data":"Expertise","floor":15.0,"key":"SMITH"},{"data":"Tactician","floor":24.0,"key":"SMITH"},{"data":"Calculated Gamble","floor":32.0,"key":"SMITH"},{"data":"Grand Finale","floor":42,"key":"SMITH"},{"floor":49,"key":"RECALL"},{"data":"Terror","floor":53,"key":"SMITH"}],"neow_cost":"TEN_PERCENT_HP_LOSS","seed_source_timestamp":227783145933684,"circlet_count":0,"master_deck":["AscendersBane","Survivor+1","Neutralize+1","Heel Hook+1","Grand Finale+1","Backflip+1","Tactician+1","Expertise+1","Prepared+1","Calculated Gamble+1","Terror+1","Well Laid Plans"],"special_seed":0,"relics":["Ring of the Snake","Tiny Chest","Anchor","Pandora\u0027s Box","Nloth\u0027s Gift","Mummified Hand","Question Card","Juzu Bracelet","Vajra","Sundial","Runic Pyramid","OrangePellets","Red Mask","Omamori","Art of War","Mark of the Bloom","Bag of Preparation","Shuriken"],"potions_floor_usage":[56],"damage_taken":[{"damage":0.0,"enemies":"Jaw Worm","floor":1.0,"turns":3.0},{"damage":1.0,"enemies":"Cultist","floor":2.0,"turns":3.0},{"damage":4.0,"enemies":"Small Slimes","floor":3.0,"turns":4.0},{"damage":22.0,"enemies":"Gremlin Nob","floor":6.0,"turns":4.0},{"damage":3.0,"enemies":"Blue Slaver","floor":7.0,"turns":9.0},{"damage":7.0,"enemies":"Lagavulin","floor":10.0,"turns":6.0},{"damage":5.0,"enemies":"Exordium Thugs","floor":11.0,"turns":7.0},{"damage":1.0,"enemies":"3 Louse","floor":13.0,"turns":5.0},{"damage":0.0,"enemies":"Gremlin Gang","floor":14.0,"turns":5.0},{"damage":8.0,"enemies":"The Guardian","floor":16.0,"turns":18.0},{"damage":0.0,"enemies":"2 Thieves","floor":18.0,"turns":1.0},{"damage":0.0,"enemies":"Shell Parasite","floor":20.0,"turns":1.0},{"damage":0.0,"enemies":"Snecko","floor":22.0,"turns":1.0},{"damage":0.0,"enemies":"Gremlin Leader","floor":23.0,"turns":1.0},{"damage":0.0,"enemies":"Book of Stabbing","floor":25.0,"turns":1.0},{"damage":0.0,"enemies":"Slavers","floor":27.0,"turns":1.0},{"damage":0.0,"enemies":"Cultist and Chosen","floor":29.0,"turns":1.0},{"damage":0.0,"enemies":"Snake Plant","floor":30.0,"turns":1.0},{"damage":0.0,"enemies":"Gremlin Leader","floor":31.0,"turns":1.0},{"damage":0.0,"enemies":"Collector","floor":33.0,"turns":1.0},{"damage":0.0,"enemies":"3 Darklings","floor":35.0,"turns":1.0},{"damage":0.0,"enemies":"Orb Walker","floor":38.0,"turns":1.0},{"damage":0,"enemies":"Nemesis","floor":40,"turns":1},{"damage":9,"enemies":"Transient","floor":44,"turns":6},{"damage":0,"enemies":"Reptomancer","floor":45,"turns":1},{"damage":0,"enemies":"Giant Head","floor":48,"turns":1},{"damage":0,"enemies":"Donu and Deca","floor":50,"turns":1},{"damage":0,"enemies":"Time Eater","floor":51,"turns":2},{"damage":0,"enemies":"Shield and Spear","floor":55,"turns":1},{"damage":0,"enemies":"The Heart","floor":56,"turns":5}],"seed_played":"-3221721884037197084","potions_obtained":[{"floor":7.0,"key":"SpeedPotion"},{"floor":10.0,"key":"SkillPotion"},{"floor":11.0,"key":"Fire Potion"},{"floor":16.0,"key":"Regen Potion"},{"floor":20.0,"key":"SpeedPotion"},{"floor":29.0,"key":"GhostInAJar"},{"floor":47,"key":"Ancient Potion"}],"is_trial":false,"path_per_floor":["M","M","M","$","?","E","M","R","T","E","M","$","M","M","R","B",null,"M","$","M","?","M","E","R","E","T","E","?","M","M","E","R","B",null,"M","$","?","M","?","E","?","R","T","M","E","?","?","E","R","B","B",null,"R","$","E","B",null],"character_chosen":"THE_SILENT","items_purchased":["OrangePellets"],"campfire_rested":0,"item_purchase_floors":[36],"current_hp_per_floor":[59,58,54,54,54,32,29,29,36,29,24,24,23,23,23,15,54,54,54,54,54,54,54,54,54,54,54,54,54,54,54,54,54,64,64,64,64,64,64,64,64,64,64,55,55,55,55,55,55,55,55,55,55,55,55,55],"gold":142,"neow_bonus":"TRANSFORM_TWO_CARDS","is_prod":false,"is_daily":false,"chose_seed":false,"campfire_upgraded":6,"win_rate":0,"timestamp":1565290735,"path_taken":["M","M","M","$","?","E","M","R","T","E","?","?","?","M","R","BOSS","M","$","M","?","M","E","R","E","T","E","?","M","M","E","R","BOSS","M","$","?","M","?","E","?","R","T","M","E","?","?","E","R","BOSS","BOSS","R","$","E","BOSS"],"build_version":"2019-07-17","purchased_purges":4,"victory":true,"max_hp_per_floor":[60,60,60,60,60,60,60,60,67,67,67,67,67,67,67,67,67,67,67,67,67,67,67,67,67,67,67,67,67,67,67,67,67,67,67,67,67,67,67,67,67,67,67,67,67,67,67,67,67,67,67,67,67,67,67,67],"card_choices":[{"not_picked":["Bane","Backflip"],"picked":"PiercingWail","floor":1.0},{"not_picked":["Eviscerate","Poisoned Stab"],"picked":"Grand Finale","floor":2.0},{"not_picked":["All Out Attack","Terror"],"picked":"Backflip","floor":3.0},{"not_picked":["Bane","Poisoned Stab","Cloak And Dagger"],"picked":"SKIP","floor":6.0},{"not_picked":["Blur","All Out Attack","Footwork"],"picked":"SKIP","floor":7.0},{"not_picked":["Quick Slash","Poisoned Stab"],"picked":"Tactician","floor":10.0},{"not_picked":["Cloak And Dagger","Quick Slash"],"picked":"Expertise","floor":11.0},{"not_picked":["Outmaneuver","Terror","Slice"],"picked":"SKIP","floor":13.0},{"not_picked":["Predator","Catalyst","Backstab"],"picked":"SKIP","floor":14.0},{"not_picked":["Dagger Spray","All Out Attack+1","Endless Agony"],"picked":"SKIP","floor":18.0},{"not_picked":["Poisoned Stab+1","Leg Sweep"],"picked":"Prepared","floor":20.0},{"not_picked":["Underhanded Strike","Blade Dance","Dagger Throw"],"picked":"SKIP","floor":22.0},{"not_picked":["Dagger Throw","Riddle With Holes","Glass Knife"],"picked":"SKIP","floor":23.0},{"not_picked":["Bouncing Flask","Dagger Spray","Malaise"],"picked":"SKIP","floor":25.0},{"not_picked":["Envenom","A Thousand Cuts","Catalyst+1","Setup"],"picked":"SKIP","floor":27.0},{"not_picked":["Blade Dance","Bane","Dagger Spray+1","Concentrate"],"picked":"SKIP","floor":29.0},{"not_picked":["Poisoned Stab","Bane","Acrobatics"],"picked":"Calculated Gamble","floor":30.0},{"not_picked":["Dagger Throw","Bouncing Flask","Phantasmal Killer"],"picked":"Well Laid Plans","floor":31.0},{"not_picked":["Dagger Spray","Outmaneuver","PiercingWail","Slice+1"],"picked":"SKIP","floor":35.0},{"not_picked":["Quick Slash","Backstab","Flechettes","Distraction"],"picked":"SKIP","floor":38.0},{"not_picked":["Slice+1","Riddle With Holes","Dagger Spray","PiercingWail"],"picked":"SKIP","floor":40},{"not_picked":["Slice+1","Quick Slash","Dodge and Roll","Caltrops"],"picked":"SKIP","floor":44},{"not_picked":["Sucker Punch","Prepared","Dodge and Roll","Phantasmal Killer"],"picked":"SKIP","floor":45},{"not_picked":["Blade Dance","Phantasmal Killer","Deadly Poison","Terror"],"picked":"SKIP","floor":48},{"not_picked":["Blade Dance","Phantasmal Killer","Deadly Poison"],"picked":"Terror","floor":48},{"not_picked":["Calculated Gamble","Noxious Fumes","Storm of Steel"],"picked":"Well Laid Plans","floor":55}],"player_experience":824580,"relics_obtained":[{"floor":6.0,"key":"Tiny Chest"},{"floor":9.0,"key":"Strawberry"},{"floor":10.0,"key":"Anchor"},{"floor":23.0,"key":"Mummified Hand"},{"floor":25.0,"key":"Question Card"},{"floor":26.0,"key":"Juzu Bracelet"},{"floor":27.0,"key":"Vajra"},{"floor":31.0,"key":"Sundial"},{"floor":40,"key":"Omamori"},{"floor":45,"key":"Art of War"},{"floor":48,"key":"Bag of Preparation"},{"floor":55,"key":"Shuriken"}],"event_choices":[{"damage_healed":0.0,"max_hp_gain":0.0,"max_hp_loss":0.0,"gold_gain":0.0,"event_name":"Upgrade Shrine","player_choice":"Upgraded","floor":5.0,"gold_loss":0.0,"damage_taken":0.0,"cards_upgraded":["Neutralize"]},{"damage_healed":0.0,"max_hp_gain":0.0,"max_hp_loss":0.0,"gold_gain":0.0,"event_name":"N\u0027loth","player_choice":"Traded Relic","floor":21.0,"relics_lost":["Strawberry"],"gold_loss":0.0,"damage_taken":0.0,"relics_obtained":["Nloth\u0027s Gift"]},{"damage_healed":0.0,"max_hp_gain":0.0,"max_hp_loss":0.0,"gold_gain":0.0,"event_name":"Ghosts","player_choice":"Ignored","floor":28.0,"gold_loss":0.0,"damage_taken":0.0},{"damage_healed":0.0,"max_hp_gain":0.0,"max_hp_loss":0.0,"gold_gain":0.0,"event_name":"Tomb of Lord Red Mask","player_choice":"Paid","floor":37.0,"gold_loss":43.0,"damage_taken":0.0,"relics_obtained":["Red Mask"]},{"damage_healed":0,"gold_gain":0,"player_choice":"Ignored","damage_taken":0,"max_hp_gain":0,"max_hp_loss":0,"event_name":"Transmorgrifier","floor":39,"gold_loss":0},{"cards_removed":["Well Laid Plans"],"damage_healed":0,"gold_gain":0,"player_choice":"Removed Power","damage_taken":0,"max_hp_gain":0,"max_hp_loss":0,"event_name":"Falling","floor":41,"gold_loss":0},{"damage_healed":0,"gold_gain":0,"player_choice":"Upgrade","damage_taken":0,"relics_obtained":["Mark of the Bloom"],"max_hp_gain":0,"max_hp_loss":0,"event_name":"MindBloom","floor":46,"gold_loss":0,"cards_upgraded":["Survivor","Heel Hook","Prepared"]},{"damage_healed":0,"gold_gain":0,"player_choice":"Got Potions","damage_taken":0,"max_hp_gain":0,"max_hp_loss":0,"event_name":"Lab","floor":47,"gold_loss":0}],"is_beta":false,"boss_relics":[{"not_picked":["WristBlade","Eternal Feather"],"picked":"Pandora\u0027s Box"},{"not_picked":["Coffee Dripper","Runic Dome"],"picked":"Runic Pyramid"}],"items_purged_floors":[4,12,19,36],"is_endless":false,"potions_floor_spawned":[7,10,11,13,16,20,22,25,29,33,38,40,44],"ascension_level":20}