{"gold_per_floor":[117,135,135,100,110,110,145,145,145,145,186,186,200,213,213,309,309,330,245,245,36,36],"floor_reached":22,"playtime":1669,"items_purged":["Strike_R"],"score":384,"play_id":"1cf11340-2121-4467-8219-7593386561da","local_time":"20190801082908","is_ascension_mode":true,"campfire_choices":[{"data":"Bash","floor":6.0,"key":"SMITH"},{"data":"Armaments","floor":10.0,"key":"SMITH"},{"floor":12.0,"key":"REST"},{"floor":15.0,"key":"REST"}],"neow_cost":"TEN_PERCENT_HP_LOSS","seed_source_timestamp":0,"circlet_count":0,"master_deck":["AscendersBane","Strike_R","Strike_R","Defend_R","Defend_R","Defend_R","Defend_R","Bash+1","Armaments+1","Shockwave","Spot Weakness","Sword Boomerang","Cleave","Demon Form","Reaper","Ghostly Armor","Apotheosis"],"special_seed":0,"relics":["Burning Blood","Unceasing Top","Paper Frog","Happy Flower","Golden Idol","Shuriken","Empty Cage","The Courier","Nloth\u0027s Gift"],"potions_floor_usage":[],"damage_taken":[{"damage":3.0,"enemies":"2 Louse","floor":1.0,"turns":3.0},{"damage":19.0,"enemies":"Jaw Worm","floor":2.0,"turns":6.0},{"damage":0.0,"enemies":"Small Slimes","floor":5.0,"turns":6.0},{"damage":36.0,"enemies":"Gremlin Nob","floor":7.0,"turns":4.0},{"damage":28.0,"enemies":"3 Sentries","floor":11.0,"turns":9.0},{"damage":12.0,"enemies":"2 Fungi Beasts","floor":13.0,"turns":2.0},{"damage":22.0,"enemies":"Exordium Thugs","floor":14.0,"turns":4.0},{"damage":28.0,"enemies":"Slime Boss","floor":16.0,"turns":10.0},{"damage":23,"enemies":"Shell Parasite","floor":18,"turns":6},{"damage":31,"enemies":"Spheric Guardian","floor":22,"turns":5}],"seed_played":"-9157047006732501895","potions_obtained":[{"floor":7.0,"key":"EssenceOfSteel"},{"floor":13.0,"key":"SteroidPotion"},{"floor":14.0,"key":"Explosive Potion"},{"floor":16.0,"key":"SteroidPotion"}],"is_trial":false,"path_per_floor":["M","M","?","?","M","R","E","?","T","R","E","R","M","M","R","B",null,"M","?","?","$","M"],"character_chosen":"IRONCLAD","items_purchased":["Apotheosis"],"campfire_rested":2,"item_purchase_floors":[21],"current_hp_per_floor":[68,55,44,61,67,67,37,37,37,37,15,33,27,11,29,7,48,31,31,31,31,0],"gold":36,"neow_bonus":"ONE_RARE_RELIC","is_prod":false,"is_daily":false,"chose_seed":false,"campfire_upgraded":2,"win_rate":0,"timestamp":1564637348,"path_taken":["M","M","?","?","?","R","E","?","T","R","E","R","M","M","R","BOSS","M","?","?","$","M"],"build_version":"2019-07-17","purchased_purges":1,"victory":false,"max_hp_per_floor":[68,68,68,68,68,68,68,62,62,62,62,62,62,62,62,62,62,62,62,62,62,62],"card_choices":[{"not_picked":["Havoc","Clash"],"picked":"Armaments","floor":1.0},{"not_picked":["Infernal Blade","Armaments"],"picked":"Shockwave","floor":2.0},{"not_picked":["Heavy Blade","Battle Trance"],"picked":"Spot Weakness","floor":5.0},{"not_picked":["Body Slam","Battle Trance"],"picked":"Sword Boomerang","floor":7.0},{"not_picked":["Metallicize","Clothesline"],"picked":"Cleave","floor":11.0},{"not_picked":["Rampage","Body Slam","Iron Wave"],"picked":"SKIP","floor":13.0},{"not_picked":["Dual Wield","Perfected Strike"],"picked":"Demon Form","floor":14.0},{"not_picked":["Fiend Fire","Berserk"],"picked":"Reaper","floor":16.0},{"not_picked":["Iron Wave","Flex"],"picked":"Ghostly Armor","floor":18}],"player_experience":1146932,"relics_obtained":[{"floor":7.0,"key":"Happy Flower"},{"floor":9.0,"key":"Shuriken"},{"floor":11.0,"key":"Darkstone Periapt"}],"event_choices":[{"damage_healed":0.0,"max_hp_gain":0.0,"max_hp_loss":0.0,"gold_gain":0.0,"event_name":"Scrap Ooze","player_choice":"Success","floor":3.0,"gold_loss":0.0,"damage_taken":11.0,"relics_obtained":["Paper Frog"]},{"damage_healed":17.0,"max_hp_gain":0.0,"max_hp_loss":0.0,"gold_gain":0.0,"event_name":"The Cleric","player_choice":"Healed","floor":4.0,"gold_loss":35.0,"damage_taken":0.0},{"damage_healed":0.0,"max_hp_gain":0.0,"max_hp_loss":6.0,"gold_gain":0.0,"event_name":"Golden Idol","player_choice":"Lose Max HP","floor":8.0,"gold_loss":0.0,"damage_taken":0.0,"relics_obtained":["Golden Idol"]},{"damage_healed":0,"gold_gain":0,"player_choice":"Obtained Relic","damage_taken":0,"relics_obtained":["The Courier"],"max_hp_gain":0,"max_hp_loss":0,"event_name":"Addict","floor":19,"gold_loss":85},{"damage_healed":0,"gold_gain":0,"player_choice":"Traded Relic","damage_taken":0,"relics_obtained":["Nloth\u0027s Gift"],"max_hp_gain":0,"max_hp_loss":0,"event_name":"N\u0027loth","floor":20,"relics_lost":["Darkstone Periapt"],"gold_loss":0}],"is_beta":false,"boss_relics":[{"not_picked":["White Beast Statue","Tiny House"],"picked":"Empty Cage"}],"items_purged_floors":[21],"is_endless":false,"potions_floor_spawned":[7,13,14,16],"killed_by":"Spheric Guardian","ascension_level":20}