{"gold_per_floor":[12,30,45,61,79,104,117,117],"floor_reached":8,"playtime":867,"items_purged":[],"score":124,"play_id":"00a718a1-df83-45b3-a2f7-5bf15ac09ff9","local_time":"20190804143238","is_ascension_mode":true,"campfire_choices":[],"neow_cost":"NO_GOLD","seed_source_timestamp":217686034188200,"circlet_count":0,"master_deck":["AscendersBane","Strike_G","Strike_G","Strike_G","Strike_G","Strike_G","Defend_G","Defend_G","Defend_G","Defend_G","Defend_G","Survivor","Neutralize","Poisoned Stab","Dagger Spray","Skewer","Backstab","Envenom","Dodge and Roll","Deadly Poison"],"relics":["Ring of the Snake","Bird Faced Urn","Pen Nib"],"potions_floor_usage":[5,6,6,8],"damage_taken":[{"damage":0,"enemies":"Cultist","floor":1,"turns":4},{"damage":4,"enemies":"Small Slimes","floor":2,"turns":4},{"damage":4,"enemies":"2 Louse","floor":3,"turns":2},{"damage":9,"enemies":"Gremlin Gang","floor":4,"turns":3},{"damage":1,"enemies":"Blue Slaver","floor":5,"turns":3},{"damage":30,"enemies":"Lagavulin","floor":6,"turns":7},{"damage":11,"enemies":"Exordium Thugs","floor":7,"turns":5},{"damage":9,"enemies":"The Mushroom Lair","floor":8,"turns":1}],"seed_played":"-6641030989714236933","potions_obtained":[{"floor":2,"key":"Energy Potion"},{"floor":4,"key":"SkillPotion"},{"floor":5,"key":"Fruit Juice"},{"floor":7,"key":"Strength Potion"}],"is_trial":false,"path_per_floor":["M","M","M","M","M","E","M","?"],"character_chosen":"THE_SILENT","items_purchased":[],"campfire_rested":0,"item_purchase_floors":[],"current_hp_per_floor":[59,55,51,42,41,18,7,0],"gold":117,"neow_bonus":"ONE_RARE_RELIC","is_prod":false,"is_daily":false,"chose_seed":false,"campfire_upgraded":0,"win_rate":0,"timestamp":1564954358,"path_taken":["M","?","M","?","M","E","M","?"],"build_version":"2019-07-17","purchased_purges":0,"victory":false,"max_hp_per_floor":[66,66,66,66,66,71,71,71],"card_choices":[{"not_picked":["Accuracy","Bane"],"picked":"Poisoned Stab","floor":1},{"not_picked":["Outmaneuver","Sucker Punch"],"picked":"Dagger Spray","floor":2},{"not_picked":["Finisher","PiercingWail"],"picked":"Skewer","floor":3},{"not_picked":["Acrobatics","Quick Slash"],"picked":"Backstab","floor":4},{"not_picked":["Crippling Poison","Prepared"],"picked":"Envenom","floor":5},{"not_picked":["Tactician","Underhanded Strike"],"picked":"Dodge and Roll","floor":6},{"not_picked":["Sucker Punch","Prepared"],"picked":"Deadly Poison","floor":7}],"player_experience":1239947,"relics_obtained":[{"floor":6,"key":"Pen Nib"}],"event_choices":[{"damage_healed":0,"gold_gain":0,"player_choice":"Fought Mushrooms","damage_taken":0,"max_hp_gain":0,"max_hp_loss":0,"event_name":"Mushrooms","floor":8,"gold_loss":0}],"is_beta":false,"boss_relics":[],"items_purged_floors":[],"is_endless":false,"potions_floor_spawned":[2,4,5,7],"killed_by":"The Mushroom Lair","ascension_level":20}