{"gold_per_floor":[117,137,155,105,105,105,7,7,7,17,48,48,81,127,127,232,232,245,92,191,191,205,205,235,235,235,135,135,153,183,36,36,133,133,148,165,165,183,20,51,51,77,103,133,133,133,152,162,162,162],"floor_reached":51,"playtime":2953,"items_purged":["Strike_B","Writhe"],"score":1398,"play_id":"5278b5f2-54d3-4edb-8d72-2014180276eb","local_time":"20190805001144","is_ascension_mode":true,"campfire_choices":[{"data":"Zap","floor":6,"key":"SMITH"},{"data":"Streamline","floor":8,"key":"SMITH"},{"data":"Go for the Eyes","floor":12,"key":"SMITH"},{"data":"White Noise","floor":15,"key":"SMITH"},{"data":"Dualcast","floor":23,"key":"SMITH"},{"data":"Creative AI","floor":25,"key":"SMITH"},{"data":"Ball Lightning","floor":28,"key":"SMITH"},{"data":"Buffer","floor":32,"key":"SMITH"},{"floor":41,"key":"REST"},{"floor":46,"key":"REST"},{"floor":49,"key":"REST"}],"neow_cost":"NONE","seed_source_timestamp":0,"circlet_count":0,"master_deck":["Strike_B+1","Defend_B+1","Defend_B+1","Defend_B+1","Defend_B+1","Zap+1","Dualcast+1","Steam+1","Ball Lightning+1","Rebound+1","Streamline+1","White Noise+1","Go for the Eyes+1","Coolheaded+1","Rainbow+1","Genetic Algorithm+1","BootSequence+1","Creative AI+1","Buffer+1","Core Surge+1","Master of Strategy+1","Defragment+1","Regret","Amplify+1"],"special_seed":0,"relics":["Cracked Core","Pantograph","Ornamental Fan","Toxic Egg 2","Bronze Scales","Cursed Key","DataDisk","Potion Belt","Orichalcum","Blue Candle","Fusion Hammer","Whetstone","Blood Vial","Centennial Puzzle","Sundial"],"potions_floor_usage":[24,24,30,50,50,50,50,50],"damage_taken":[{"damage":0,"enemies":"Cultist","floor":1,"turns":4},{"damage":3,"enemies":"Jaw Worm","floor":2,"turns":4},{"damage":1,"enemies":"2 Louse","floor":3,"turns":3},{"damage":0,"enemies":"Exordium Wildlife","floor":10,"turns":3},{"damage":19,"enemies":"Lagavulin","floor":11,"turns":6},{"damage":17,"enemies":"Gremlin Nob","floor":13,"turns":4},{"damage":23,"enemies":"The Guardian","floor":16,"turns":8},{"damage":7,"enemies":"Shell Parasite","floor":18,"turns":3},{"damage":7,"enemies":"2 Thieves","floor":22,"turns":4},{"damage":2,"enemies":"Slavers","floor":24,"turns":5},{"damage":7,"enemies":"Centurion and Healer","floor":29,"turns":5},{"damage":6,"enemies":"Book of Stabbing","floor":30,"turns":5},{"damage":11,"enemies":"Collector","floor":33,"turns":9},{"damage":0,"enemies":"3 Shapes","floor":35,"turns":7},{"damage":0,"enemies":"Orb Walker","floor":36,"turns":4},{"damage":0,"enemies":"Transient","floor":38,"turns":5},{"damage":0,"enemies":"Giant Head","floor":40,"turns":9},{"damage":0,"enemies":"Nemesis","floor":42,"turns":7},{"damage":9,"enemies":"Giant Head","floor":44,"turns":9},{"damage":1,"enemies":"Spire Growth","floor":47,"turns":4},{"damage":10,"enemies":"4 Shapes","floor":48,"turns":5},{"damage":26,"enemies":"Time Eater","floor":50,"turns":8}],"seed_played":"8461254928538671277","potions_obtained":[{"floor":2,"key":"Strength Potion"},{"floor":11,"key":"Poison Potion"},{"floor":16,"key":"GamblersBrew"},{"floor":24,"key":"EssenceOfSteel"},{"floor":33,"key":"Energy Potion"},{"floor":38,"key":"Regen Potion"},{"floor":40,"key":"Swift Potion"},{"floor":47,"key":"PowerPotion"}],"is_trial":false,"path_per_floor":["M","M","M","?","?","R","$","R","T","M","E","R","E","T","R","B",null,"M","$","?","?","M","R","E","R","T","$","R","M","E","$","R","B",null,"M","M","$","M","$","E","R","E","T","E","?","R","M","M","R","B",null],"character_chosen":"DEFECT","items_purchased":["Streamline","DataDisk","Buffer","Master of Strategy+1"],"campfire_rested":3,"item_purchase_floors":[7,19,31,39],"current_hp_per_floor":[68,65,64,64,69,69,69,69,69,69,50,50,33,33,33,35,69,62,62,62,62,55,55,53,53,53,53,53,46,40,40,40,54,74,74,74,74,74,74,74,80,80,80,71,71,80,79,70,80,66],"gold":162,"neow_bonus":"REMOVE_CARD","is_prod":false,"is_daily":false,"chose_seed":false,"campfire_upgraded":8,"win_rate":0,"timestamp":1564981904,"path_taken":["M","M","M","?","?","R","?","R","T","?","E","R","E","?","R","BOSS","M","$","?","?","M","R","E","R","T","?","R","?","E","$","R","BOSS","M","M","$","M","$","E","R","E","T","E","?","R","?","M","R","BOSS"],"build_version":"2019-07-17","purchased_purges":2,"victory":true,"max_hp_per_floor":[75,75,75,75,80,80,80,80,80,80,80,80,80,80,80,80,80,80,80,80,80,80,80,80,80,80,80,80,80,80,80,80,80,80,80,80,80,80,80,80,80,80,80,80,80,80,80,80,80,80],"card_choices":[{"not_picked":["Hologram","Compile Driver"],"picked":"Steam","floor":1},{"not_picked":["Static Discharge","Double Energy"],"picked":"Ball Lightning","floor":2},{"not_picked":["Steam","Fission"],"picked":"Rebound","floor":3},{"not_picked":["Barrage","Hologram"],"picked":"White Noise","floor":10},{"not_picked":["Hologram","Gash"],"picked":"Go for the Eyes","floor":11},{"not_picked":["Double Energy","Hologram"],"picked":"Coolheaded","floor":13},{"not_picked":["Core Surge","Thunder Strike"],"picked":"Rainbow+1","floor":16},{"not_picked":["Double Energy+1","Streamline"],"picked":"Genetic Algorithm+1","floor":18},{"not_picked":["Coolheaded+1","Streamline"],"picked":"BootSequence+1","floor":22},{"not_picked":["Turbo+1","Steam+1"],"picked":"Creative AI","floor":24},{"not_picked":["Static Discharge","Compile Driver","Hologram+1"],"picked":"SKIP","floor":29},{"not_picked":["Static Discharge","Compile Driver","Hologram+1"],"picked":"SKIP","floor":29},{"not_picked":["Capacitor","Reinforced Body+1","Coolheaded+1"],"picked":"SKIP","floor":30},{"not_picked":["Echo Form","Amplify+1"],"picked":"Core Surge","floor":33},{"not_picked":["Steam+1","Scrape","Turbo+1"],"picked":"SKIP","floor":35},{"not_picked":["Coolheaded+1","Compile Driver","Blizzard"],"picked":"SKIP","floor":36},{"not_picked":["Heatsinks","Chaos+1","Melter"],"picked":"SKIP","floor":38},{"not_picked":["Heatsinks","Fusion+1"],"picked":"Defragment+1","floor":40},{"not_picked":["Compile Driver+1","Ball Lightning","Consume+1"],"picked":"SKIP","floor":42},{"not_picked":["Cold Snap+1","Streamline+1","Compile Driver"],"picked":"SKIP","floor":44},{"not_picked":["Rebound+1","Rip and Tear+1"],"picked":"Amplify+1","floor":47},{"not_picked":["Blizzard","Cold Snap","Steam+1"],"picked":"SKIP","floor":48}],"player_experience":460802,"relics_obtained":[{"floor":9,"key":"Pantograph"},{"floor":11,"key":"Ornamental Fan"},{"floor":13,"key":"Toxic Egg 2"},{"floor":14,"key":"Bronze Scales"},{"floor":24,"key":"Potion Belt"},{"floor":26,"key":"Orichalcum"},{"floor":30,"key":"Blue Candle"},{"floor":40,"key":"Whetstone"},{"floor":42,"key":"Blood Vial"},{"floor":43,"key":"Centennial Puzzle"},{"floor":44,"key":"Sundial"}],"event_choices":[{"cards_removed":["Strike_B"],"damage_healed":0,"gold_gain":0,"player_choice":"Card Removal","damage_taken":0,"max_hp_gain":0,"max_hp_loss":0,"event_name":"The Cleric","floor":4,"gold_loss":50},{"damage_healed":0,"gold_gain":0,"player_choice":"Donut","damage_taken":0,"max_hp_gain":5,"max_hp_loss":0,"event_name":"Big Fish","floor":5,"gold_loss":0},{"damage_healed":0,"gold_gain":99,"player_choice":"Stole From Cult","damage_taken":0,"max_hp_gain":0,"max_hp_loss":0,"event_name":"Nest","floor":20,"gold_loss":0},{"damage_healed":0,"gold_gain":0,"player_choice":"Simplicity","damage_taken":0,"max_hp_gain":0,"max_hp_loss":0,"event_name":"Back to Basics","floor":21,"gold_loss":0,"cards_upgraded":["Strike_B","Defend_B","Defend_B","Defend_B","Defend_B"]},{"damage_healed":0,"gold_gain":0,"player_choice":"Forge","damage_taken":0,"max_hp_gain":0,"max_hp_loss":0,"event_name":"Accursed Blacksmith","floor":45,"gold_loss":0,"cards_upgraded":["Steam"]}],"is_beta":false,"boss_relics":[{"not_picked":["Snecko Eye","Nuclear Battery"],"picked":"Cursed Key"},{"not_picked":["Tiny House","Coffee Dripper"],"picked":"Fusion Hammer"}],"items_purged_floors":[7,27],"is_endless":false,"potions_floor_spawned":[2,11,16,24,33,38,40,47],"ascension_level":6}