{"gold_per_floor":[110,130,130,143,156,166,166,166,166,166,166,197,197,230,230,230],"floor_reached":16,"playtime":392,"items_purged":[],"score":220,"play_id":"8d970b8a-0c5f-45f1-a76b-be7de9d966e8","local_time":"20190727193824","is_ascension_mode":true,"campfire_choices":[{"floor":7,"key":"REST"},{"data":"Cold Snap","floor":10,"key":"SMITH"},{"data":"Cold Snap","floor":13,"key":"SMITH"},{"data":"Static Discharge","floor":15,"key":"SMITH"}],"neow_cost":"TEN_PERCENT_HP_LOSS","seed_source_timestamp":21483235236922,"circlet_count":0,"master_deck":["AscendersBane","Strike_B","Strike_B","Defend_B","Defend_B","Defend_B","Defend_B","Zap+1","Dualcast","Conserve Battery","Cold Snap+1","Cold Snap+1","Capacitor","Static Discharge+1"],"relics":["Cracked Core","Darkstone Periapt","Golden Idol","Sundial","Matryoshka"],"potions_floor_usage":[5,14],"damage_taken":[{"damage":0,"enemies":"2 Louse","floor":1,"turns":4},{"damage":0,"enemies":"Cultist","floor":2,"turns":3},{"damage":7,"enemies":"Small Slimes","floor":4,"turns":4},{"damage":22,"enemies":"Exordium Thugs","floor":5,"turns":6},{"damage":0,"enemies":"Blue Slaver","floor":6,"turns":3},{"damage":15,"enemies":"Lagavulin","floor":12,"turns":7},{"damage":6,"enemies":"3 Sentries","floor":14,"turns":8},{"damage":42,"enemies":"Hexaghost","floor":16,"turns":7}],"seed_played":"-506995795625949196","potions_obtained":[{"floor":1,"key":"Energy Potion"},{"floor":6,"key":"Energy Potion"},{"floor":12,"key":"SteroidPotion"},{"floor":14,"key":"Explosive Potion"}],"is_trial":false,"path_per_floor":["M","M","?","M","M","M","R","?","T","R","?","E","R","E","R","B"],"character_chosen":"DEFECT","items_purchased":[],"campfire_rested":1,"item_purchase_floors":[],"current_hp_per_floor":[64,64,64,57,35,35,54,59,59,59,59,44,44,38,38,0],"gold":230,"neow_bonus":"REMOVE_TWO","is_prod":false,"is_daily":false,"chose_seed":false,"campfire_upgraded":3,"win_rate":0,"timestamp":1564249104,"path_taken":["M","M","?","?","M","M","R","?","T","R","?","E","R","E","R","BOSS"],"build_version":"2019-07-18","purchased_purges":0,"victory":false,"max_hp_per_floor":[64,64,64,64,64,64,64,69,69,69,63,63,63,63,63,63],"card_choices":[{"not_picked":["Force Field","Beam Cell"],"picked":"Conserve Battery","floor":1},{"not_picked":["Redo","Turbo","Hologram"],"picked":"SKIP","floor":2},{"not_picked":["Hologram","Redo","Storm"],"picked":"SKIP","floor":4},{"not_picked":["Coolheaded","Conserve Battery"],"picked":"Cold Snap","floor":5},{"not_picked":["Steam","Darkness"],"picked":"Cold Snap","floor":6},{"not_picked":["Turbo","Seek"],"picked":"Capacitor","floor":12},{"not_picked":["Loop","Doom and Gloom"],"picked":"Static Discharge","floor":14}],"player_experience":1926533,"relics_obtained":[{"floor":9,"key":"Darkstone Periapt"},{"floor":12,"key":"Sundial"},{"floor":14,"key":"Matryoshka"}],"event_choices":[{"damage_healed":0,"gold_gain":0,"player_choice":"Upgraded","damage_taken":0,"max_hp_gain":0,"max_hp_loss":0,"event_name":"Upgrade Shrine","floor":3,"gold_loss":0,"cards_upgraded":["Zap"]},{"damage_healed":0,"gold_gain":0,"player_choice":"Donut","damage_taken":0,"max_hp_gain":5,"max_hp_loss":0,"event_name":"Big Fish","floor":8,"gold_loss":0},{"damage_healed":0,"gold_gain":0,"player_choice":"Lose Max HP","damage_taken":0,"relics_obtained":["Golden Idol"],"max_hp_gain":0,"max_hp_loss":6,"event_name":"Golden Idol","floor":11,"gold_loss":0}],"is_beta":true,"boss_relics":[],"items_purged_floors":[],"is_endless":false,"potions_floor_spawned":[1,6,12,14],"killed_by":"Hexaghost","ascension_level":20}