{"gold_per_floor":[116,116,128,53,70,70,70,97,97,97,97,110,110,129,129,200,200,220,240,155,155,155,155,155,174,199,199],"floor_reached":27,"playtime":1153,"items_purged":["Strike_B"],"score":384,"play_id":"289237ef-56e6-4870-80a9-87f685650f3a","local_time":"20190804172028","is_ascension_mode":true,"campfire_choices":[{"data":"Zap","floor":6,"key":"SMITH"},{"data":"Dualcast","floor":10,"key":"SMITH"},{"floor":15,"key":"REST"},{"floor":23,"key":"REST"}],"neow_cost":"NONE","seed_source_timestamp":93380683157160,"circlet_count":0,"master_deck":["AscendersBane","Strike_B","Defend_B","Defend_B","Zap+1","Dualcast+1","Rebound+1","Turbo+1","Self Repair","Cold Snap","Gash","Gash","Hologram+1","Echo Form","Glacier","Beam Cell","Capacitor+1"],"relics":["Astrolabe","Du-Vu Doll","Pear","Oddly Smooth Stone","Philosopher\u0027s Stone","Meat on the Bone","Dream Catcher"],"potions_floor_usage":[8,18,25],"damage_taken":[{"damage":3,"enemies":"Small Slimes","floor":1,"turns":3},{"damage":2,"enemies":"Jaw Worm","floor":3,"turns":3},{"damage":22,"enemies":"2 Louse","floor":5,"turns":3},{"damage":15,"enemies":"3 Sentries","floor":8,"turns":8},{"damage":10,"enemies":"Lots of Slimes","floor":12,"turns":4},{"damage":14,"enemies":"Exordium Wildlife","floor":14,"turns":5},{"damage":42,"enemies":"Slime Boss","floor":16,"turns":9},{"damage":16,"enemies":"Shell Parasite","floor":18,"turns":4},{"damage":37,"enemies":"3 Byrds","floor":19,"turns":7},{"damage":42,"enemies":"Snake Plant","floor":25,"turns":6},{"damage":43,"enemies":"Gremlin Leader","floor":27,"turns":2}],"seed_played":"1621456943668527774","potions_obtained":[{"floor":3,"key":"LiquidBronze"},{"floor":16,"key":"PowerPotion"},{"floor":19,"key":"Regen Potion"}],"is_trial":false,"path_per_floor":["M","?","M","$","M","R","?","E","T","R","?","M","?","M","R","B",null,"M","M","?","?","?","R","?","M","T","E"],"character_chosen":"DEFECT","items_purchased":[],"campfire_rested":2,"item_purchase_floors":[],"current_hp_per_floor":[61,61,59,59,44,44,49,41,51,51,33,30,30,23,48,13,68,66,36,36,36,19,46,46,38,38,0],"gold":199,"neow_bonus":"BOSS_RELIC","is_prod":false,"is_daily":false,"chose_seed":false,"campfire_upgraded":2,"win_rate":0,"timestamp":1564906828,"path_taken":["M","?","M","$","M","R","?","E","T","R","?","M","?","?","R","BOSS","M","M","?","?","?","R","?","M","T","E"],"build_version":"2019-07-17","purchased_purges":1,"victory":false,"max_hp_per_floor":[71,71,71,71,71,71,76,76,86,86,86,86,86,86,86,86,86,86,86,86,86,91,91,91,91,91,91],"card_choices":[{"not_picked":["Beam Cell","Go for the Eyes","Hello World"],"picked":"SKIP","floor":1},{"not_picked":["Go for the Eyes","Stack"],"picked":"Self Repair","floor":3},{"not_picked":["Redo","Compile Driver"],"picked":"Cold Snap","floor":5},{"not_picked":["Stack","Streamline"],"picked":"Gash","floor":8},{"not_picked":["FTL","Blizzard"],"picked":"Gash","floor":12},{"not_picked":["Ball Lightning","Darkness"],"picked":"Hologram","floor":14},{"not_picked":["Multi-Cast","Machine Learning"],"picked":"Echo Form","floor":16},{"not_picked":["Redo","Go for the Eyes"],"picked":"Glacier","floor":18},{"not_picked":["Conserve Battery","Leap"],"picked":"Beam Cell","floor":19},{"not_picked":["Compile Driver+1","Conserve Battery"],"picked":"Capacitor+1","floor":25}],"player_experience":226075,"relics_obtained":[{"floor":8,"key":"Du-Vu Doll"},{"floor":9,"key":"Pear"},{"floor":26,"key":"Dream Catcher"}],"event_choices":[{"cards_removed":["Storm"],"damage_healed":0,"gold_gain":0,"player_choice":"Forget","damage_taken":0,"max_hp_gain":0,"max_hp_loss":0,"event_name":"Living Wall","floor":2,"gold_loss":0},{"damage_healed":0,"gold_gain":0,"player_choice":"Donut","damage_taken":0,"max_hp_gain":5,"max_hp_loss":0,"event_name":"Big Fish","floor":7,"gold_loss":0},{"damage_healed":0,"gold_gain":0,"player_choice":"Success","damage_taken":18,"relics_obtained":["Oddly Smooth Stone"],"max_hp_gain":0,"max_hp_loss":0,"event_name":"Scrap Ooze","floor":11,"gold_loss":0},{"cards_removed":["Strike_B"],"damage_healed":0,"gold_gain":0,"player_choice":"Purged","damage_taken":0,"max_hp_gain":0,"max_hp_loss":0,"event_name":"Purifier","floor":13,"gold_loss":0},{"damage_healed":0,"gold_gain":0,"player_choice":"Obtained Relic","damage_taken":0,"relics_obtained":["Meat on the Bone"],"max_hp_gain":0,"max_hp_loss":0,"event_name":"Addict","floor":20,"gold_loss":85},{"damage_healed":0,"gold_gain":0,"player_choice":"Ignored","damage_taken":0,"max_hp_gain":0,"max_hp_loss":0,"event_name":"Vampires","floor":21,"gold_loss":0},{"damage_healed":0,"gold_gain":0,"player_choice":"Shed Blood","damage_taken":22,"max_hp_gain":5,"max_hp_loss":0,"event_name":"Forgotten Altar","floor":22,"gold_loss":0},{"damage_healed":0,"gold_gain":0,"player_choice":"Upgraded","damage_taken":0,"max_hp_gain":0,"max_hp_loss":0,"event_name":"Upgrade Shrine","floor":24,"gold_loss":0,"cards_upgraded":["Hologram"]}],"is_beta":false,"boss_relics":[{"not_picked":["Busted Crown","Coffee Dripper"],"picked":"Philosopher\u0027s Stone"}],"items_purged_floors":[4],"is_endless":false,"potions_floor_spawned":[3,16,19],"killed_by":"Gremlin Leader","ascension_level":14}