{"gold_per_floor":[114,64,64,64,64,89,89,89,114,132,161,176,25,39,39,140,140,153,153,138],"floor_reached":20,"playtime":551,"items_purged":["Strike_B"],"score":256,"play_id":"3e4e233e-d515-45b5-bcd0-31f9b30064af","local_time":"20190701190536","is_ascension_mode":true,"campfire_choices":[{"data":"Zap","floor":7,"key":"SMITH"},{"data":"Fission","floor":15,"key":"SMITH"}],"neow_cost":"NONE","seed_source_timestamp":743338306973,"circlet_count":0,"master_deck":["Strike_B","Strike_B","Defend_B","Defend_B","Zap+1","Dualcast","Genetic Algorithm","Rebound","Ball Lightning","Fission+1","Cold Snap","Gash","Electrodynamics","Gash"],"relics":["Cracked Core","NeowsBlessing","Ice Cream","Bronze Scales","Bottled Flame","Philosopher\u0027s Stone"],"potions_floor_usage":[],"damage_taken":[{"damage":0,"enemies":"2 Louse","floor":1,"turns":1},{"damage":0,"enemies":"Gremlin Nob","floor":6,"turns":1},{"damage":0,"enemies":"Jaw Worm","floor":10,"turns":1},{"damage":25,"enemies":"Lagavulin","floor":11,"turns":4},{"damage":0,"enemies":"Small Slimes","floor":12,"turns":2},{"damage":6,"enemies":"Blue Slaver","floor":14,"turns":2},{"damage":17,"enemies":"Slime Boss","floor":16,"turns":8},{"damage":9,"enemies":"Chosen","floor":18,"turns":3},{"damage":46,"enemies":"Colosseum Slavers","floor":19,"turns":4},{"damage":3,"enemies":"2 Thieves","floor":20,"turns":1}],"seed_played":"3664190580264170676","potions_obtained":[{"floor":1,"key":"FocusPotion"},{"floor":12,"key":"SpeedPotion"}],"is_trial":false,"path_per_floor":["M","?","$","?","T","E","R","?","T","M","E","M","$","M","R","B",null,"M","?","M"],"character_chosen":"DEFECT","items_purchased":["FocusPotion"],"campfire_rested":0,"item_purchase_floors":[13],"current_hp_per_floor":[75,75,75,75,75,75,75,68,68,68,43,43,43,37,37,20,61,52,6,3],"gold":138,"neow_bonus":"THREE_ENEMY_KILL","is_prod":false,"is_daily":false,"chose_seed":false,"campfire_upgraded":2,"win_rate":0,"timestamp":1561975536,"path_taken":["M","?","$","?","?","E","R","?","T","?","E","M","$","M","R","BOSS","M","?","M"],"build_version":"2019-01-23","purchased_purges":1,"victory":false,"max_hp_per_floor":[75,75,75,75,75,75,75,75,75,75,75,75,75,75,75,75,75,75,75,75],"card_choices":[{"not_picked":["Force Field","Sweeping Beam","Recycle"],"picked":"SKIP","floor":1},{"not_picked":["Storm","Compile Driver"],"picked":"Rebound","floor":6},{"not_picked":["Redo","Ball Lightning","Reinforced Body"],"picked":"SKIP","floor":10},{"not_picked":["Redo","Reinforced Body"],"picked":"Ball Lightning","floor":10},{"not_picked":["Static Discharge","Barrage"],"picked":"Fission","floor":11},{"not_picked":["Lockon","Heatsinks"],"picked":"Cold Snap","floor":12},{"not_picked":["Steam","Aggregate"],"picked":"Gash","floor":14},{"not_picked":["Hyperbeam","Echo Form"],"picked":"Electrodynamics","floor":16},{"not_picked":["Aggregate+1","Cold Snap+1"],"picked":"Gash","floor":18}],"player_experience":109209,"relics_obtained":[{"floor":5,"key":"Ice Cream"},{"floor":6,"key":"Bronze Scales"},{"floor":11,"key":"Bottled Flame"}],"event_choices":[{"cards_removed":["Defend_B"],"damage_healed":0,"gold_gain":0,"player_choice":"Card Removal","damage_taken":0,"max_hp_gain":0,"max_hp_loss":0,"event_name":"The Cleric","floor":2,"gold_loss":50},{"damage_healed":0,"gold_gain":0,"cards_transformed":["Strike_B"],"player_choice":"Change","damage_taken":0,"max_hp_gain":0,"max_hp_loss":0,"event_name":"Living Wall","floor":4,"gold_loss":0,"cards_obtained":["Genetic Algorithm"]},{"cards_removed":["Defend_B"],"damage_healed":0,"gold_gain":0,"player_choice":"Card Removal","damage_taken":7,"max_hp_gain":0,"max_hp_loss":0,"event_name":"Golden Wing","floor":8,"gold_loss":0},{"damage_healed":0,"gold_gain":0,"player_choice":"Fight","damage_taken":0,"max_hp_gain":0,"max_hp_loss":0,"event_name":"Colosseum","floor":19,"gold_loss":0},{"damage_healed":0,"gold_gain":0,"player_choice":"Fled From Nobs","damage_taken":0,"max_hp_gain":0,"max_hp_loss":0,"event_name":"Colosseum","floor":19,"gold_loss":0}],"is_beta":false,"boss_relics":[{"not_picked":["Sozu","Nuclear Battery"],"picked":"Philosopher\u0027s Stone"}],"items_purged_floors":[13],"is_endless":false,"potions_floor_spawned":[1,12,16,18,19],"killed_by":"2 Thieves","ascension_level":5}