{"gold_per_floor":[112,112,132,10,24,24,49,49,49,49,61,78,94,109,109,109],"floor_reached":16,"playtime":798,"items_purged":["Strike_G"],"score":216,"play_id":"5141a6ec-3b39-43f0-a5dc-f8c683af236b","local_time":"20190806134942","is_ascension_mode":true,"campfire_choices":[{"data":"Poisoned Stab","floor":6,"key":"SMITH"},{"data":"Neutralize","floor":8,"key":"SMITH"},{"data":"Dagger Spray","floor":10,"key":"SMITH"},{"data":"Crippling Poison","floor":15,"key":"SMITH"}],"neow_cost":"","seed_source_timestamp":248412415813400,"circlet_count":0,"master_deck":["Strike_G","Strike_G","Strike_G","Strike_G","Defend_G","Defend_G","Defend_G","Defend_G","Defend_G","Survivor","Neutralize+1","Poisoned Stab+1","Caltrops","Dagger Spray+1","Cloak And Dagger","Crippling Poison+1","PiercingWail"],"relics":["Ring of the Snake","Nunchaku","Pantograph","Paper Crane"],"potions_floor_usage":[11,16,16],"damage_taken":[{"damage":0,"enemies":"Jaw Worm","floor":1,"turns":5},{"damage":0,"enemies":"Cultist","floor":3,"turns":3},{"damage":2,"enemies":"2 Louse","floor":5,"turns":3},{"damage":27,"enemies":"3 Sentries","floor":7,"turns":7},{"damage":1,"enemies":"2 Fungi Beasts","floor":11,"turns":4},{"damage":4,"enemies":"Looter","floor":12,"turns":4},{"damage":0,"enemies":"Blue Slaver","floor":13,"turns":4},{"damage":8,"enemies":"Exordium Thugs","floor":14,"turns":4},{"damage":52,"enemies":"Slime Boss","floor":16,"turns":9}],"seed_played":"5878153294710804683","potions_obtained":[{"floor":2,"key":"LiquidBronze"},{"floor":2,"key":"FearPotion"},{"floor":13,"key":"Poison Potion"}],"is_trial":false,"path_per_floor":["M","?","M","$","M","R","E","R","T","R","M","M","M","M","R","B"],"character_chosen":"THE_SILENT","items_purchased":["Regen Potion","Poisoned Stab","Dagger Spray"],"campfire_rested":0,"item_purchase_floors":[0,0,4],"current_hp_per_floor":[50,50,50,50,48,48,21,21,21,21,32,28,28,20,20,0],"gold":109,"neow_bonus":"","is_prod":false,"is_daily":false,"chose_seed":false,"campfire_upgraded":4,"win_rate":0,"timestamp":1565117382,"path_taken":["M","?","M","$","M","R","E","R","T","R","?","M","M","M","R","BOSS"],"build_version":"2019-07-17","purchased_purges":1,"victory":false,"max_hp_per_floor":[70,70,70,70,70,70,70,70,70,70,70,70,70,70,70,70],"card_choices":[{"not_picked":["Acrobatics","Catalyst","Escape Plan"],"picked":"SKIP","floor":1},{"not_picked":["Underhanded Strike","Bane"],"picked":"Caltrops","floor":3},{"not_picked":["Catalyst","Choke","Dagger Throw"],"picked":"SKIP","floor":5},{"not_picked":["Predator","Blade Dance","Riddle With Holes"],"picked":"SKIP","floor":7},{"not_picked":["Bane","Dagger Spray","Calculated Gamble"],"picked":"SKIP","floor":11},{"not_picked":["Blur","Flechettes"],"picked":"Cloak And Dagger","floor":12},{"not_picked":["Predator","Flechettes"],"picked":"Crippling Poison","floor":13},{"not_picked":["All Out Attack","Cloak And Dagger"],"picked":"PiercingWail","floor":14}],"player_experience":472890,"relics_obtained":[{"floor":7,"key":"Pantograph"},{"floor":9,"key":"Paper Crane"}],"event_choices":[{"damage_healed":0,"gold_gain":0,"player_choice":"Got Potions","damage_taken":0,"max_hp_gain":0,"max_hp_loss":0,"event_name":"Lab","floor":2,"gold_loss":0}],"is_beta":false,"boss_relics":[],"items_purged_floors":[4],"is_endless":false,"potions_floor_spawned":[7,13],"killed_by":"Slime Boss","ascension_level":8}