{"gold_per_floor":[110,60,74,74,74,74,100,100,100,175,190,190,190,219,219,297,297,311,327,345,270,270,270,283,283],"floor_reached":25,"playtime":2264,"items_purged":["Strike_G"],"score":398,"play_id":"90b65202-bf86-4169-a26c-3983b712ed44","local_time":"20190804221620","is_ascension_mode":true,"campfire_choices":[{"data":"Neutralize","floor":6,"key":"SMITH"},{"data":"Deadly Poison","floor":12,"key":"SMITH"},{"data":"Survivor","floor":15,"key":"SMITH"},{"floor":23,"key":"REST"}],"neow_cost":"NONE","seed_source_timestamp":496991099114500,"circlet_count":0,"master_deck":["AscendersBane","Strike_G","Strike_G","Strike_G+1","Defend_G","Defend_G","Defend_G","Defend_G","Defend_G","Survivor+1","Neutralize+1","Poisoned Stab+1","Well Laid Plans+1","Night Terror","Deadly Poison+1","PiercingWail","Night Terror","Dodge and Roll","Acrobatics","Sucker Punch","Backstab"],"relics":["Ring of the Snake","NeowsBlessing","Incense Burner","Sundial","Mercury Hourglass","Fusion Hammer"],"potions_floor_usage":[],"damage_taken":[{"damage":0,"enemies":"Jaw Worm","floor":1,"turns":1},{"damage":0,"enemies":"Small Slimes","floor":3,"turns":1},{"damage":0,"enemies":"Lagavulin","floor":7,"turns":1},{"damage":0,"enemies":"2 Louse","floor":11,"turns":3},{"damage":13,"enemies":"Gremlin Nob","floor":14,"turns":4},{"damage":10,"enemies":"Hexaghost","floor":16,"turns":10},{"damage":6,"enemies":"Spheric Guardian","floor":18,"turns":4},{"damage":19,"enemies":"3 Byrds","floor":19,"turns":5},{"damage":3,"enemies":"Snecko","floor":20,"turns":6},{"damage":15,"enemies":"Sentry and Sphere","floor":24,"turns":4},{"damage":20,"enemies":"3 Cultists","floor":25,"turns":5}],"seed_played":"3421469135717930542","potions_obtained":[{"floor":7,"key":"Regen Potion"},{"floor":11,"key":"Strength Potion"},{"floor":20,"key":"Poison Potion"}],"is_trial":false,"path_per_floor":["M","?","M","$","?","R","E","?","T","?","M","R","?","E","R","B",null,"M","M","M","$","?","R","M","M"],"character_chosen":"THE_SILENT","items_purchased":[],"campfire_rested":1,"item_purchase_floors":[],"current_hp_per_floor":[59,59,59,59,46,46,46,46,46,35,35,35,35,22,22,12,53,47,28,25,25,13,34,19,0],"gold":283,"neow_bonus":"THREE_ENEMY_KILL","is_prod":false,"is_daily":false,"chose_seed":false,"campfire_upgraded":3,"win_rate":0,"timestamp":1564971380,"path_taken":["M","?","M","$","?","R","E","?","T","?","?","R","?","E","R","BOSS","M","M","M","$","?","R","M","M"],"build_version":"2019-07-18","purchased_purges":1,"victory":false,"max_hp_per_floor":[66,66,66,66,66,66,66,66,66,66,66,66,66,66,66,66,66,66,66,66,66,71,71,71,71],"card_choices":[{"not_picked":["Outmaneuver","Dagger Throw"],"picked":"Poisoned Stab","floor":1},{"not_picked":["Masterful Stab","Crippling Poison"],"picked":"Well Laid Plans","floor":3},{"not_picked":["Crippling Poison","Deadly Poison"],"picked":"Night Terror","floor":7},{"not_picked":["Choke","Dodge and Roll"],"picked":"Deadly Poison","floor":11},{"not_picked":["Acrobatics","Predator"],"picked":"PiercingWail","floor":14},{"not_picked":["A Thousand Cuts","Venomology"],"picked":"Night Terror","floor":16},{"not_picked":["Expertise","Bane"],"picked":"Dodge and Roll","floor":18},{"not_picked":["Choke","Dodge and Roll"],"picked":"Acrobatics","floor":19},{"not_picked":["Outmaneuver","Underhanded Strike"],"picked":"Sucker Punch","floor":20},{"not_picked":["Deadly Poison","Slice+1"],"picked":"Backstab","floor":24}],"player_experience":372276,"relics_obtained":[{"floor":7,"key":"Incense Burner"},{"floor":9,"key":"Sundial"},{"floor":14,"key":"Mercury Hourglass"}],"event_choices":[{"cards_removed":["Strike_G"],"damage_healed":0,"gold_gain":0,"player_choice":"Card Removal","damage_taken":0,"max_hp_gain":0,"max_hp_loss":0,"event_name":"The Cleric","floor":2,"gold_loss":50},{"damage_healed":0,"gold_gain":0,"player_choice":"Entered Light","damage_taken":13,"max_hp_gain":0,"max_hp_loss":0,"event_name":"Shining Light","floor":5,"gold_loss":0,"cards_upgraded":["Strike_G","Well Laid Plans"]},{"damage_healed":0,"gold_gain":0,"player_choice":"Grow","damage_taken":0,"max_hp_gain":0,"max_hp_loss":0,"event_name":"Living Wall","floor":8,"gold_loss":0,"cards_upgraded":["Poisoned Stab"]},{"damage_healed":0,"gold_gain":75,"player_choice":"Gather Gold","damage_taken":11,"max_hp_gain":0,"max_hp_loss":0,"event_name":"World of Goop","floor":10,"gold_loss":0},{"damage_healed":0,"gold_gain":0,"player_choice":"Ignored","damage_taken":0,"max_hp_gain":0,"max_hp_loss":0,"event_name":"Golden Idol","floor":13,"gold_loss":0},{"damage_healed":0,"gold_gain":0,"player_choice":"Shed Blood","damage_taken":17,"max_hp_gain":5,"max_hp_loss":0,"event_name":"Forgotten Altar","floor":22,"gold_loss":0}],"is_beta":true,"boss_relics":[{"not_picked":["Philosopher\u0027s Stone","Ring of the Serpent"],"picked":"Fusion Hammer"}],"items_purged_floors":[21],"is_endless":false,"potions_floor_spawned":[7,11,18,20],"killed_by":"3 Cultists","ascension_level":14}