{"gold_per_floor":[117,135,135,60,85,85,123,123,123,144,159,4,4,0,0,119,119,139,139,39,53,77,77,143,156,205,205,219,257,281,336,336,336],"floor_reached":33,"playtime":1917,"items_purged":["Strike_B","Defend_B"],"score":301,"play_id":"ba8b079e-47b1-4079-a2be-6f953f05ec09","local_time":"20190808193010","is_ascension_mode":true,"campfire_choices":[{"data":"Core Surge","floor":6,"key":"SMITH"},{"floor":15,"key":"REST"},{"data":"Double Energy","floor":23,"key":"SMITH"},{"floor":27,"key":"REST"},{"floor":32,"key":"REST"}],"neow_cost":"NONE","seed_source_timestamp":247917606661118,"circlet_count":0,"master_deck":["Strike_B","Strike_B","Strike_B","Defend_B+1","Defend_B+1","Defend_B","Zap","Dualcast","Core Surge+1","Conserve Battery","Ball Lightning","Melter+1","Streamline","Static Discharge","All For One","Double Energy+1","Go for the Eyes+1","Static Discharge","Hologram+1","Core Surge"],"relics":["Cracked Core","Golden Idol","Pocketwatch","Mercury Hourglass","Oddly Smooth Stone","Runic Dome","Tiny Chest","Bag of Preparation","Frozen Egg 2","Vajra"],"potions_floor_usage":[16,22,22,29,29],"damage_taken":[{"damage":1,"enemies":"Jaw Worm","floor":1,"turns":3},{"damage":0,"enemies":"2 Louse","floor":2,"turns":2},{"damage":0,"enemies":"Small Slimes","floor":5,"turns":2},{"damage":31,"enemies":"3 Sentries","floor":7,"turns":7},{"damage":7,"enemies":"3 Louse","floor":10,"turns":2},{"damage":0,"enemies":"Exordium Wildlife","floor":11,"turns":2},{"damage":4,"enemies":"Hexaghost","floor":16,"turns":10},{"damage":6,"enemies":"3 Byrds","floor":18,"turns":3},{"damage":2,"enemies":"Chosen","floor":21,"turns":3},{"damage":16,"enemies":"Centurion and Healer","floor":22,"turns":4},{"damage":9,"enemies":"Book of Stabbing","floor":24,"turns":5},{"damage":10,"enemies":"Snecko","floor":25,"turns":4},{"damage":4,"enemies":"Cultist and Chosen","floor":28,"turns":5},{"damage":13,"enemies":"Slavers","floor":29,"turns":2},{"damage":18,"enemies":"3 Cultists","floor":30,"turns":4},{"damage":50,"enemies":"Champ","floor":33,"turns":8}],"seed_played":"8492300081122827954","potions_obtained":[{"floor":7,"key":"Ancient Potion"},{"floor":10,"key":"SkillPotion"},{"floor":16,"key":"Regen Potion"},{"floor":21,"key":"FearPotion"},{"floor":22,"key":"Explosive Potion"},{"floor":28,"key":"Explosive Potion"},{"floor":30,"key":"SpeedPotion"}],"is_trial":false,"path_per_floor":["M","M","?","$","M","R","E","?","T","M","M","$","?","?","R","B",null,"M","?","$","M","M","R","E","M","T","R","M","E","M","T","R","B"],"character_chosen":"DEFECT","items_purchased":["Oddly Smooth Stone"],"campfire_rested":3,"item_purchase_floors":[12],"current_hp_per_floor":[74,74,56,56,56,56,25,25,25,18,18,18,3,3,25,21,75,69,62,62,60,56,56,47,37,37,59,55,42,24,24,46,0],"gold":336,"neow_bonus":"ONE_RANDOM_RARE_CARD","is_prod":false,"is_daily":false,"chose_seed":false,"campfire_upgraded":2,"win_rate":0,"timestamp":1565317810,"path_taken":["M","M","?","$","M","R","E","?","T","M","M","?","?","?","R","BOSS","M","?","$","M","M","R","E","?","T","R","M","E","M","?","R","BOSS"],"build_version":"2019-07-17","purchased_purges":2,"victory":false,"max_hp_per_floor":[75,75,75,75,75,75,75,75,75,75,75,75,75,75,75,75,75,75,75,75,75,75,75,75,75,75,75,75,75,75,75,75,75],"card_choices":[{"not_picked":["Chaos","Fusion"],"picked":"Conserve Battery","floor":1},{"not_picked":["Sweeping Beam","Barrage"],"picked":"Ball Lightning","floor":2},{"not_picked":["Glacier","Barrage","Compile Driver"],"picked":"SKIP","floor":5},{"not_picked":["Coolheaded","Force Field"],"picked":"Melter","floor":7},{"not_picked":["Rainbow","Blizzard"],"picked":"Streamline","floor":10},{"not_picked":["Storm","Go for the Eyes"],"picked":"Static Discharge","floor":11},{"not_picked":["Core Surge","Amplify"],"picked":"All For One","floor":16},{"not_picked":["Lockon","Undo+1","Ball Lightning"],"picked":"SKIP","floor":18},{"not_picked":["Coolheaded","Compile Driver"],"picked":"Double Energy","floor":21},{"not_picked":["Amplify","Conserve Battery"],"picked":"Go for the Eyes+1","floor":22},{"not_picked":["Ball Lightning","Compile Driver","Meteor Strike"],"picked":"SKIP","floor":24},{"not_picked":["Capacitor","Ball Lightning+1"],"picked":"Static Discharge","floor":25},{"not_picked":["Sweeping Beam","Melter"],"picked":"Hologram+1","floor":28},{"not_picked":["Redo","Steam"],"picked":"Core Surge","floor":29},{"not_picked":["Ball Lightning","Storm+1","Glacier+1"],"picked":"SKIP","floor":30}],"player_experience":230857,"relics_obtained":[{"floor":7,"key":"Pocketwatch"},{"floor":9,"key":"Mercury Hourglass"},{"floor":24,"key":"Tiny Chest"},{"floor":26,"key":"Bag of Preparation"},{"floor":29,"key":"Frozen Egg 2"},{"floor":31,"key":"Vajra"}],"event_choices":[{"damage_healed":0,"gold_gain":0,"player_choice":"Take Damage","damage_taken":18,"relics_obtained":["Golden Idol"],"max_hp_gain":0,"max_hp_loss":0,"event_name":"Golden Idol","floor":3,"gold_loss":0},{"damage_healed":0,"gold_gain":0,"player_choice":"Grow","damage_taken":0,"max_hp_gain":0,"max_hp_loss":0,"event_name":"Living Wall","floor":8,"gold_loss":0,"cards_upgraded":["Melter"]},{"damage_healed":0,"gold_gain":0,"player_choice":"Entered Light","damage_taken":15,"max_hp_gain":0,"max_hp_loss":0,"event_name":"Shining Light","floor":13,"gold_loss":0,"cards_upgraded":["Defend_B","Defend_B"]},{"damage_healed":0,"gold_gain":0,"player_choice":"Left Gold","damage_taken":0,"max_hp_gain":0,"max_hp_loss":0,"event_name":"World of Goop","floor":14,"gold_loss":4},{"damage_healed":0,"gold_gain":0,"player_choice":"Damaged","damage_taken":7,"max_hp_gain":0,"max_hp_loss":0,"event_name":"Wheel of Change","floor":19,"gold_loss":0}],"is_beta":false,"boss_relics":[{"not_picked":["Ectoplasm","Velvet Choker"],"picked":"Runic Dome"}],"items_purged_floors":[4,20],"is_endless":false,"potions_floor_spawned":[7,10,16,21,22,28,30],"killed_by":"Champ","ascension_level":1}