{"gold_per_floor":[117,137,27,45,120,120,147,147,173,187,205,205,205,236,236,310,310,327,346,396,39,57,88,88,99,168,168],"floor_reached":27,"playtime":2477,"items_purged":["Strike_B"],"score":486,"play_id":"4581d16c-59bb-49ee-b772-53327962fdd3","local_time":"20190802202041","is_ascension_mode":true,"campfire_choices":[{"data":"Sunder","floor":6.0,"key":"SMITH"},{"floor":8.0,"key":"REST"},{"data":"Biased Cognition","floor":13.0,"key":"SMITH"},{"data":"Streamline","floor":15.0,"key":"SMITH"},{"floor":24,"key":"REST"}],"neow_cost":"NONE","seed_source_timestamp":64048093889400,"circlet_count":0,"master_deck":["AscendersBane","Strike_B","Strike_B","Strike_B","Defend_B","Defend_B","Defend_B","Defend_B","Zap+1","Dualcast","Sunder+1","Gash","Streamline+1","Cold Snap","Compile Driver","White Noise","Biased Cognition+1","Seek","Ball Lightning","Genetic Algorithm","Coolheaded","Loop","Defragment","All For One","Gash"],"special_seed":0,"relics":["Cracked Core","Oddly Smooth Stone","Lantern","The Courier","Sozu","Bronze Scales","Bottled Lightning","Letter Opener"],"potions_floor_usage":[23],"damage_taken":[{"damage":7.0,"enemies":"Jaw Worm","floor":1.0,"turns":2.0},{"damage":0.0,"enemies":"2 Louse","floor":2.0,"turns":2.0},{"damage":1.0,"enemies":"Cultist","floor":4.0,"turns":3.0},{"damage":33.0,"enemies":"Lagavulin","floor":7.0,"turns":7.0},{"damage":0.0,"enemies":"Large Slime","floor":10.0,"turns":3.0},{"damage":0.0,"enemies":"Gremlin Gang","floor":11.0,"turns":2.0},{"damage":20.0,"enemies":"3 Sentries","floor":14.0,"turns":5.0},{"damage":21.0,"enemies":"Slime Boss","floor":16.0,"turns":7.0},{"damage":16.0,"enemies":"Shell Parasite","floor":18.0,"turns":3.0},{"damage":0.0,"enemies":"Spheric Guardian","floor":19.0,"turns":3.0},{"damage":10,"enemies":"3 Cultists","floor":22,"turns":5},{"damage":30,"enemies":"Book of Stabbing","floor":23,"turns":5},{"damage":18,"enemies":"Cultist and Chosen","floor":25,"turns":5},{"damage":16,"enemies":"Centurion and Healer","floor":27,"turns":2}],"seed_played":"3978682671101872949","potions_obtained":[{"floor":2.0,"key":"Dexterity Potion"},{"floor":10.0,"key":"GamblersBrew"},{"floor":11.0,"key":"Block Potion"}],"is_trial":false,"path_per_floor":["M","M","$","M","?","R","E","R","T","M","M","?","R","E","R","B",null,"M","M","?","$","M","E","R","M","T","M"],"character_chosen":"DEFECT","items_purchased":["Streamline","FocusPotion","Coolheaded","Loop","Defragment","Bronze Scales"],"campfire_rested":2,"item_purchase_floors":[3,3,21,21,21,21],"current_hp_per_floor":[57,57,57,56,45,45,12,33,33,33,33,56,56,36,36,15,57,41,41,41,41,31,1,22,4,4,0],"gold":168,"neow_bonus":"UPGRADE_CARD","is_prod":false,"is_daily":false,"chose_seed":false,"campfire_upgraded":3,"win_rate":0,"timestamp":1564802441,"path_taken":["M","M","$","M","?","R","E","R","T","M","M","?","R","E","R","BOSS","M","M","?","$","M","E","R","M","T","?"],"build_version":"2019-07-17","purchased_purges":1,"victory":false,"max_hp_per_floor":[71,71,71,71,71,71,71,71,71,71,71,71,71,71,71,71,71,71,71,71,71,71,71,71,71,71,71],"card_choices":[{"not_picked":["Coolheaded","Aggregate"],"picked":"Sunder","floor":1.0},{"not_picked":["Steam","Barrage"],"picked":"Gash","floor":2.0},{"not_picked":["Rebound","Barrage"],"picked":"Cold Snap","floor":4.0},{"not_picked":["Fusion","Stack"],"picked":"Compile Driver","floor":7.0},{"not_picked":["Double Energy","Barrage"],"picked":"White Noise","floor":10.0},{"not_picked":["Conserve Battery","Scrape"],"picked":"Biased Cognition","floor":11.0},{"not_picked":["Beam Cell","Rebound","Streamline"],"picked":"SKIP","floor":14.0},{"not_picked":["Reboot","Hyperbeam"],"picked":"Seek","floor":16.0},{"not_picked":["Steam","Barrage"],"picked":"Ball Lightning","floor":18.0},{"not_picked":["Barrage","Aggregate"],"picked":"Genetic Algorithm","floor":19.0},{"not_picked":["Streamline","Auto Shields"],"picked":"All For One","floor":22},{"not_picked":["Fusion","Beam Cell","Rebound"],"picked":"SKIP","floor":23},{"not_picked":["Heatsinks","Loop"],"picked":"Gash","floor":25}],"player_experience":1177349,"relics_obtained":[{"floor":7.0,"key":"Oddly Smooth Stone"},{"floor":9.0,"key":"Lantern"},{"floor":14.0,"key":"The Courier"},{"floor":23,"key":"Bottled Lightning"},{"floor":26,"key":"Letter Opener"}],"event_choices":[{"damage_healed":0.0,"max_hp_gain":0.0,"max_hp_loss":0.0,"gold_gain":75.0,"event_name":"World of Goop","player_choice":"Gather Gold","floor":5.0,"gold_loss":0.0,"damage_taken":11.0},{"damage_healed":23.0,"max_hp_gain":0.0,"max_hp_loss":0.0,"gold_gain":0.0,"event_name":"Big Fish","player_choice":"Banana","floor":12.0,"gold_loss":0.0,"damage_taken":0.0},{"damage_healed":0.0,"max_hp_gain":0.0,"max_hp_loss":0.0,"gold_gain":100.0,"event_name":"The Joust","player_choice":"Bet on Murderer","floor":20.0,"gold_loss":50.0,"damage_taken":0.0}],"is_beta":false,"boss_relics":[{"not_picked":["Ectoplasm","Coffee Dripper"],"picked":"Sozu"}],"items_purged_floors":[21],"is_endless":false,"potions_floor_spawned":[2,10,11,18,19,23],"killed_by":"Centurion and Healer","ascension_level":20}