{"gold_per_floor":[111,261,261,275,2,2,28,28,28,28,28,40,40,55,55,55],"floor_reached":16,"playtime":402,"items_purged":["Doubt"],"score":196,"play_id":"eec44710-e0e6-4048-9701-0b60151da3ec","local_time":"20190719014527","is_ascension_mode":true,"campfire_choices":[{"data":"Cold Snap","floor":6,"key":"SMITH"},{"data":"Zap","floor":8,"key":"SMITH"},{"data":"Strike_B","floor":11,"key":"SMITH"},{"data":"Sweeping Beam","floor":13,"key":"SMITH"},{"data":"Conserve Battery","floor":15,"key":"SMITH"}],"neow_cost":"NONE","seed_source_timestamp":39424143009653,"circlet_count":0,"master_deck":["AscendersBane","Strike_B","Strike_B+1","Strike_B+1","Strike_B+1","Defend_B","Defend_B","Defend_B","Defend_B","Zap+1","Dualcast","Cold Snap+1","Glacier","Conserve Battery+1","Undo","Sweeping Beam+1","BootSequence"],"relics":["Cracked Core","Anchor","PreservedInsect","Regal Pillow","Ornamental Fan"],"potions_floor_usage":[16],"damage_taken":[{"damage":0,"enemies":"Jaw Worm","floor":1,"turns":3},{"damage":0,"enemies":"Small Slimes","floor":4,"turns":2},{"damage":3,"enemies":"3 Sentries","floor":7,"turns":6},{"damage":0,"enemies":"Cultist","floor":12,"turns":3},{"damage":2,"enemies":"Large Slime","floor":14,"turns":4},{"damage":40,"enemies":"Hexaghost","floor":16,"turns":10}],"seed_played":"435921104947839009","potions_obtained":[{"floor":4,"key":"SpeedPotion"},{"floor":12,"key":"Swift Potion"}],"is_trial":false,"path_per_floor":["M","?","?","M","$","R","E","R","T","$","R","M","R","M","R","B"],"character_chosen":"DEFECT","items_purchased":["PreservedInsect","Conserve Battery"],"campfire_rested":0,"item_purchase_floors":[5,5],"current_hp_per_floor":[64,64,43,43,43,43,40,40,40,40,40,40,40,38,38,0],"gold":55,"neow_bonus":"RANDOM_COMMON_RELIC","is_prod":false,"is_daily":false,"chose_seed":false,"campfire_upgraded":5,"win_rate":0,"timestamp":1563493527,"path_taken":["M","?","?","M","$","R","E","R","T","?","R","M","R","M","R","BOSS"],"build_version":"2019-07-10","purchased_purges":1,"victory":false,"max_hp_per_floor":[71,71,71,71,71,71,71,71,71,71,71,71,71,71,71,71],"card_choices":[{"not_picked":["Leap","Hello World"],"picked":"Cold Snap","floor":1},{"not_picked":["Turbo","Stack"],"picked":"Glacier","floor":4},{"not_picked":["Leap","Lockon"],"picked":"Undo","floor":7},{"not_picked":["Reprogram","Redo"],"picked":"Sweeping Beam","floor":12},{"not_picked":["Cold Snap","Self Repair"],"picked":"BootSequence","floor":14}],"player_experience":1895083,"relics_obtained":[{"floor":7,"key":"Regal Pillow"},{"floor":9,"key":"Ornamental Fan"}],"event_choices":[{"damage_healed":0,"gold_gain":150,"player_choice":"AGREE","damage_taken":0,"max_hp_gain":0,"max_hp_loss":0,"event_name":"Liars Game","floor":2,"gold_loss":0,"cards_obtained":["Doubt"]},{"damage_healed":0,"gold_gain":0,"player_choice":"Entered Light","damage_taken":21,"max_hp_gain":0,"max_hp_loss":0,"event_name":"Shining Light","floor":3,"gold_loss":0,"cards_upgraded":["Strike_B","Strike_B"]}],"is_beta":true,"boss_relics":[],"items_purged_floors":[5],"is_endless":false,"potions_floor_spawned":[4,12],"killed_by":"Hexaghost","ascension_level":20}