{"gold_per_floor":[366,377,16,30,41,41,60,71,118,128,141,141,160,188,188,286,286,298,298,314,314,314,314,129,129],"floor_reached":25,"playtime":2205,"items_purged":["Injury","Defend_B"],"score":217,"play_id":"cd7a4d6a-9e32-40d4-914f-ec364398a44c","local_time":"20190809163339","is_ascension_mode":true,"campfire_choices":[{"data":"Zap","floor":6,"key":"SMITH"},{"floor":12,"key":"REST"},{"floor":15,"key":"REST"},{"data":"Echo Form","floor":23,"key":"SMITH"}],"neow_cost":"CURSE","seed_source_timestamp":388534374337000,"circlet_count":0,"master_deck":["Strike_B","Strike_B","Defend_B+1","Defend_B","Defend_B","Zap+1","Dualcast","Skim","Gash","Beam Cell","Streamline","Leap+1","Echo Form+1","Cold Snap","Hyperbeam","Cold Snap+1","Hologram+1","Rainbow","Capacitor","Bandage Up"],"relics":["Cracked Core","Ice Cream","War Paint","DataDisk","Inserter","Dodecahedron"],"potions_floor_usage":[],"damage_taken":[{"damage":1,"enemies":"Cultist","floor":1,"turns":3},{"damage":0,"enemies":"Small Slimes","floor":2,"turns":3},{"damage":2,"enemies":"2 Louse","floor":4,"turns":4},{"damage":24,"enemies":"Exordium Wildlife","floor":5,"turns":5},{"damage":13,"enemies":"Exordium Thugs","floor":7,"turns":4},{"damage":8,"enemies":"Gremlin Gang","floor":8,"turns":4},{"damage":4,"enemies":"Blue Slaver","floor":10,"turns":3},{"damage":5,"enemies":"Lots of Slimes","floor":11,"turns":4},{"damage":13,"enemies":"Exordium Thugs","floor":13,"turns":3},{"damage":26,"enemies":"Gremlin Nob","floor":14,"turns":4},{"damage":17,"enemies":"The Guardian","floor":16,"turns":10},{"damage":31,"enemies":"2 Thieves","floor":18,"turns":5},{"damage":19,"enemies":"3 Byrds","floor":20,"turns":5},{"damage":58,"enemies":"Slavers","floor":25,"turns":3}],"seed_played":"-7201785444767065616","potions_obtained":[{"floor":4,"key":"EssenceOfSteel"},{"floor":7,"key":"Ancient Potion"},{"floor":14,"key":"Ancient Potion"},{"floor":20,"key":"Explosive Potion"}],"is_trial":false,"path_per_floor":["M","M","$","M","M","R","M","M","T","M","M","R","M","E","R","B",null,"M","?","M","?","?","R","$","E"],"character_chosen":"DEFECT","items_purchased":["Ice Cream","Bandage Up"],"campfire_rested":2,"item_purchase_floors":[3,24],"current_hp_per_floor":[74,74,74,72,48,48,35,27,27,23,18,40,27,1,23,6,75,44,69,50,50,50,50,50,0],"gold":129,"neow_bonus":"TWO_FIFTY_GOLD","is_prod":false,"is_daily":false,"chose_seed":false,"campfire_upgraded":2,"win_rate":0,"timestamp":1565336019,"path_taken":["M","M","$","M","M","R","?","M","T","M","M","R","M","E","R","BOSS","M","?","M","?","?","R","$","E"],"build_version":"2019-07-17","purchased_purges":2,"victory":false,"max_hp_per_floor":[75,75,75,75,75,75,75,75,75,75,75,75,75,75,75,75,75,75,75,75,75,75,75,75,75],"card_choices":[{"not_picked":["Cold Snap","Hologram"],"picked":"Skim","floor":1},{"not_picked":["Cold Snap","Skim"],"picked":"Gash","floor":2},{"not_picked":["Storm","Barrage","Conserve Battery"],"picked":"SKIP","floor":4},{"not_picked":["Darkness","Conserve Battery"],"picked":"Beam Cell","floor":5},{"not_picked":["Compile Driver","Stack"],"picked":"Streamline","floor":7},{"not_picked":["Aggregate","Tempest"],"picked":"Leap","floor":8},{"not_picked":["Rebound","Turbo"],"picked":"Echo Form","floor":10},{"not_picked":["Leap","Hologram"],"picked":"Cold Snap","floor":11},{"not_picked":["Recycle","Scrape","Redo"],"picked":"SKIP","floor":13},{"not_picked":["Streamline","Hello World","Genetic Algorithm"],"picked":"SKIP","floor":14},{"not_picked":["Seek","Core Surge"],"picked":"Hyperbeam","floor":16},{"not_picked":["Turbo","Loop"],"picked":"Cold Snap+1","floor":18},{"not_picked":["Sweeping Beam","Recycle+1"],"picked":"Hologram+1","floor":20}],"player_experience":242517,"relics_obtained":[{"floor":9,"key":"War Paint"},{"floor":14,"key":"DataDisk"}],"event_choices":[{"damage_healed":25,"gold_gain":0,"player_choice":"Heal","damage_taken":0,"max_hp_gain":0,"max_hp_loss":0,"event_name":"The Library","floor":19,"gold_loss":0},{"damage_healed":0,"gold_gain":0,"player_choice":"Opened","damage_taken":0,"relics_obtained":["Dodecahedron"],"max_hp_gain":0,"max_hp_loss":0,"event_name":"The Mausoleum","floor":21,"gold_loss":0},{"damage_healed":0,"gold_gain":0,"cards_transformed":["Strike_B","Strike_B"],"player_choice":"Became Test Subject","damage_taken":0,"max_hp_gain":0,"max_hp_loss":0,"event_name":"Drug Dealer","floor":22,"gold_loss":0,"cards_obtained":["Rainbow","Capacitor"]}],"is_beta":false,"boss_relics":[{"not_picked":["FrozenCore","Velvet Choker"],"picked":"Inserter"}],"items_purged_floors":[3,24],"is_endless":false,"potions_floor_spawned":[4,7,14,16,18,20],"killed_by":"Slavers","ascension_level":1}