{"gold_per_floor":[116,116,132,143,159,159,171,188,215,226,226,77,111,138,138,236,236,255,255,282,302,61,61,80,105,186,186,202,228,241,252,252,252],"floor_reached":33,"playtime":1988,"items_purged":["Strike_R","Strike_R","Regret"],"score":528,"play_id":"e6e7ec1b-bede-4a40-adb8-6b05d7f6f7d4","local_time":"20190801224043","is_ascension_mode":true,"campfire_choices":[{"data":"Shockwave","floor":6,"key":"SMITH"},{"data":"Clothesline","floor":11,"key":"SMITH"},{"floor":15,"key":"REST"},{"data":"Armaments","floor":23,"key":"SMITH"},{"data":"Flame Barrier","floor":27,"key":"SMITH"},{"floor":32,"key":"REST"}],"neow_cost":"","seed_source_timestamp":366737623619000,"circlet_count":0,"master_deck":["Strike_R","Strike_R+1","Strike_R","Defend_R","Defend_R","Defend_R","Bash","Headbutt+1","Shockwave+1","Clothesline+1","Cleave","Armaments+1","Immolate","Iron Wave+1","Flame Barrier+1","Battle Trance+1","Decay"],"relics":["Burning Blood","Calipers","Pear","Oddly Smooth Stone","Incense Burner","Potion Belt","Cursed Key","Bronze Scales","Whetstone","Tiny Chest","Orichalcum"],"potions_floor_usage":[5,16,28,29,29,33,33],"damage_taken":[{"damage":19,"enemies":"Jaw Worm","floor":1,"turns":5},{"damage":6,"enemies":"Cultist","floor":3,"turns":4},{"damage":0,"enemies":"Small Slimes","floor":4,"turns":4},{"damage":18,"enemies":"Exordium Thugs","floor":5,"turns":6},{"damage":8,"enemies":"Exordium Wildlife","floor":7,"turns":3},{"damage":20,"enemies":"3 Louse","floor":8,"turns":5},{"damage":8,"enemies":"Looter","floor":10,"turns":4},{"damage":26,"enemies":"Lagavulin","floor":13,"turns":8},{"damage":25,"enemies":"The Guardian","floor":16,"turns":18},{"damage":13,"enemies":"Shell Parasite","floor":18,"turns":4},{"damage":14,"enemies":"Spheric Guardian","floor":21,"turns":4},{"damage":1,"enemies":"Chosen and Byrds","floor":24,"turns":4},{"damage":1,"enemies":"Gremlin Leader","floor":25,"turns":5},{"damage":11,"enemies":"Snake Plant","floor":28,"turns":4},{"damage":18,"enemies":"Slavers","floor":29,"turns":4},{"damage":4,"enemies":"Centurion and Healer","floor":30,"turns":4},{"damage":16,"enemies":"Sentry and Sphere","floor":31,"turns":4},{"damage":104,"enemies":"Champ","floor":33,"turns":14}],"seed_played":"-2553014131248088488","potions_obtained":[{"floor":3,"key":"PowerPotion"},{"floor":4,"key":"Explosive Potion"},{"floor":8,"key":"FearPotion"},{"floor":16,"key":"Explosive Potion"},{"floor":25,"key":"AttackPotion"},{"floor":28,"key":"Block Potion"},{"floor":29,"key":"Poison Potion"}],"is_trial":false,"path_per_floor":["M","?","M","M","M","R","M","M","T","M","R","$","E","T","R","B",null,"M","?","T","M","$","R","M","E","T","R","M","E","M","M","R","B"],"character_chosen":"IRONCLAD","items_purchased":["Pear","Armaments","Flame Barrier","Regen Potion"],"campfire_rested":2,"item_purchase_floors":[0,12,22,22],"current_hp_per_floor":[61,61,61,67,55,55,53,39,39,37,37,37,17,17,44,25,74,67,67,67,59,59,59,64,69,69,69,64,64,66,56,83,0],"gold":252,"neow_bonus":"","is_prod":false,"is_daily":false,"chose_seed":false,"campfire_upgraded":4,"win_rate":0,"timestamp":1564717243,"path_taken":["M","?","M","M","?","R","M","M","T","M","R","$","E","?","R","BOSS","M","?","?","M","$","R","M","E","T","R","M","E","M","M","R","BOSS"],"build_version":"2019-07-17","purchased_purges":3,"victory":false,"max_hp_per_floor":[90,90,90,90,90,90,90,90,90,90,90,90,90,90,90,90,90,90,90,90,90,90,90,90,90,90,90,90,90,90,90,90,90],"card_choices":[{"not_picked":["Power Through","Evolve","Blood for Blood"],"picked":"SKIP","floor":1},{"not_picked":["Intimidate","Clash"],"picked":"Headbutt","floor":3},{"not_picked":["Shrug It Off","Feel No Pain"],"picked":"Shockwave","floor":4},{"not_picked":["Headbutt","Thunderclap","Wild Strike"],"picked":"SKIP","floor":5},{"not_picked":["Flex","Anger"],"picked":"Clothesline","floor":7},{"not_picked":["Warcry","Havoc","Wild Strike"],"picked":"SKIP","floor":8},{"not_picked":["Combust","Iron Wave"],"picked":"Cleave","floor":10},{"not_picked":["Intimidate","Cleave","Sword Boomerang"],"picked":"SKIP","floor":13},{"not_picked":["Brutality","Feed"],"picked":"Immolate","floor":16},{"not_picked":["Dual Wield+1","Clothesline"],"picked":"Iron Wave+1","floor":18},{"not_picked":["Rampage","Perfected Strike","Carnage"],"picked":"SKIP","floor":21},{"not_picked":["Dropkick","Thunderclap","Infernal Blade"],"picked":"SKIP","floor":24},{"not_picked":["Immolate","Ghostly Armor"],"picked":"Battle Trance+1","floor":25},{"not_picked":["Armaments","Clothesline","Heavy Blade"],"picked":"SKIP","floor":28},{"not_picked":["Battle Trance+1","Perfected Strike","Warcry"],"picked":"SKIP","floor":29},{"not_picked":["Hemokinesis","Shrug It Off","Rupture"],"picked":"SKIP","floor":30},{"not_picked":["Power Through","Shrug It Off","Bloodletting"],"picked":"SKIP","floor":31}],"player_experience":444215,"relics_obtained":[{"floor":9,"key":"Oddly Smooth Stone"},{"floor":13,"key":"Incense Burner"},{"floor":14,"key":"Potion Belt"},{"floor":20,"key":"Bronze Scales"},{"floor":25,"key":"Whetstone"},{"floor":26,"key":"Tiny Chest"},{"floor":29,"key":"Orichalcum"}],"event_choices":[{"cards_removed":["Defend_R"],"damage_healed":0,"gold_gain":0,"player_choice":"Purged","damage_taken":0,"max_hp_gain":0,"max_hp_loss":0,"event_name":"Purifier","floor":2,"gold_loss":0},{"damage_healed":0,"gold_gain":0,"player_choice":"Ignored","damage_taken":0,"max_hp_gain":0,"max_hp_loss":0,"event_name":"Cursed Tome","floor":19,"gold_loss":0}],"is_beta":false,"boss_relics":[{"not_picked":["Calling Bell","Pandora\u0027s Box"],"picked":"Cursed Key"}],"items_purged_floors":[0,12,22],"is_endless":false,"potions_floor_spawned":[3,4,8,16,25,28,29],"killed_by":"Champ","ascension_level":7}