{"gold_per_floor":[113,113,113,125,140,168,168,203,203,221,239,249,265,225,225,321,321,309,249,259,73,93,93,104,138,138,138,150,175,175,39,39,135,135,145,145,196,211,129,162,162,175,200,219,245,245,39,39,39,39],"floor_reached":51,"playtime":2946,"items_purged":["Strike_G","Strike_G+1"],"score":1143,"play_id":"5d141383-1303-4a98-aa1a-067d1c8725b0","local_time":"20190623002822","is_ascension_mode":true,"campfire_choices":[{"data":"Neutralize","floor":7,"key":"SMITH"},{"data":"Crippling Poison","floor":15,"key":"SMITH"},{"data":"Catalyst","floor":23,"key":"SMITH"},{"data":"Burst","floor":27,"key":"SMITH"},{"data":"Footwork","floor":30,"key":"SMITH"},{"floor":32,"key":"REST"},{"floor":41,"key":"REST"},{"floor":46,"key":"REST"},{"data":"Well Laid Plans","floor":49,"key":"SMITH"}],"neow_cost":"","seed_source_timestamp":872106555134200,"circlet_count":0,"master_deck":["Defend_G","Defend_G","Defend_G","Defend_G","Defend_G","Strike_G+1","Strike_G","Strike_G","Survivor","Neutralize+1","Bane+1","Outmaneuver","Footwork+1","Crippling Poison+1","Leg Sweep","PiercingWail","Well Laid Plans+1","Burst+1","Dodge and Roll+1","Catalyst+1","Deflect+1","Night Terror+1","Secret Technique+1","Infinite Blades+1","Deadly Poison+1","PiercingWail+1","Crippling Poison+1","Doubt"],"relics":["Ring of the Snake","TwistedFunnel","The Courier","PreservedInsect","Blood Vial","Whetstone","Runic Dome","Oddly Smooth Stone","Smiling Mask","Toxic Egg 2","Kunai","Busted Crown","Pocketwatch","Lantern","Bronze Scales","Juzu Bracelet","Bottled Tornado"],"potions_floor_usage":[5,6,6,10,16,16,16,16,22,25,28,29,33,38,45,50,50],"damage_taken":[{"damage":0,"enemies":"Cultist","floor":1,"turns":3},{"damage":0,"enemies":"Jaw Worm","floor":4,"turns":3},{"damage":0,"enemies":"Small Slimes","floor":5,"turns":2},{"damage":24,"enemies":"3 Sentries","floor":6,"turns":8},{"damage":17,"enemies":"Gremlin Nob","floor":8,"turns":4},{"damage":3,"enemies":"Gremlin Gang","floor":10,"turns":3},{"damage":2,"enemies":"Looter","floor":11,"turns":3},{"damage":0,"enemies":"2 Fungi Beasts","floor":12,"turns":3},{"damage":0,"enemies":"Exordium Wildlife","floor":13,"turns":4},{"damage":18,"enemies":"The Guardian","floor":16,"turns":12},{"damage":12,"enemies":"2 Thieves","floor":18,"turns":4},{"damage":0,"enemies":"3 Byrds","floor":20,"turns":3},{"damage":14,"enemies":"Centurion and Healer","floor":22,"turns":6},{"damage":8,"enemies":"Shelled Parasite and Fungi","floor":24,"turns":7},{"damage":4,"enemies":"Book of Stabbing","floor":25,"turns":4},{"damage":6,"enemies":"Snake Plant","floor":28,"turns":4},{"damage":3,"enemies":"Slavers","floor":29,"turns":5},{"damage":29,"enemies":"Collector","floor":33,"turns":4},{"damage":0,"enemies":"3 Shapes","floor":35,"turns":5},{"damage":24,"enemies":"2 Orb Walkers","floor":37,"turns":4},{"damage":5,"enemies":"3 Darklings","floor":38,"turns":5},{"damage":6,"enemies":"Nemesis","floor":40,"turns":3},{"damage":2,"enemies":"Sphere and 2 Shapes","floor":42,"turns":3},{"damage":17,"enemies":"Transient","floor":44,"turns":5},{"damage":39,"enemies":"Giant Head","floor":45,"turns":8},{"damage":59,"enemies":"Awakened One","floor":50,"turns":18}],"seed_played":"5404386122548310617","potions_obtained":[{"floor":1,"key":"Poison Potion"},{"floor":4,"key":"Fire Potion"},{"floor":5,"key":"Fruit Juice"},{"floor":8,"key":"Fire Potion"},{"floor":14,"key":"EntropicBrew"},{"floor":14,"key":"Poison Potion"},{"floor":14,"key":"AttackPotion"},{"floor":16,"key":"Strength Potion"},{"floor":25,"key":"Ancient Potion"},{"floor":28,"key":"Fruit Juice"},{"floor":29,"key":"SmokeBomb"},{"floor":33,"key":"LiquidBronze"},{"floor":37,"key":"SkillPotion"},{"floor":38,"key":"EssenceOfSteel"},{"floor":44,"key":"Ancient Potion"}],"is_trial":false,"path_per_floor":["M","T","?","M","M","E","R","E","T","M","M","M","M","?","R","B",null,"M","$","M","$","M","R","M","E","T","R","M","E","R","$","R","B",null,"M","?","?","M","$","E","R","M","T","M","E","R","$","?","R","B",null],"character_chosen":"THE_SILENT","items_purchased":["TwistedFunnel","Catalyst","Oddly Smooth Stone","Secret Technique+1","Crippling Poison+1","Bottled Tornado"],"campfire_rested":3,"item_purchase_floors":[0,21,21,31,39,47],"current_hp_per_floor":[64,64,64,64,69,45,45,28,28,27,27,29,31,31,31,15,75,63,63,65,65,53,53,47,45,45,45,46,45,45,45,69,42,80,80,76,52,49,49,45,67,67,67,52,15,37,37,76,76,17],"gold":39,"neow_bonus":"","is_prod":false,"is_daily":false,"chose_seed":false,"campfire_upgraded":6,"win_rate":0,"timestamp":1561267702,"path_taken":["M","?","?","M","M","E","R","E","T","M","M","M","M","?","R","BOSS","M","$","M","?","?","R","M","E","T","R","M","E","R","$","R","BOSS","M","?","?","M","?","E","R","M","T","M","E","R","$","?","R","BOSS"],"build_version":"2019-01-23","purchased_purges":2,"victory":true,"max_hp_per_floor":[70,70,70,70,75,75,75,75,75,75,75,75,75,75,75,75,75,75,75,75,75,75,75,75,75,75,75,80,80,80,80,80,80,80,80,76,76,76,76,76,76,76,76,76,76,76,76,76,76,76],"card_choices":[{"not_picked":["Infinite Blades","Acrobatics"],"picked":"Bane","floor":1},{"not_picked":["Blade Dance","Underhanded Strike","Sucker Punch"],"picked":"SKIP","floor":4},{"not_picked":["Bouncing Flask","Flying Knee"],"picked":"Outmaneuver","floor":5},{"not_picked":["Reflex","Accuracy"],"picked":"Footwork","floor":6},{"not_picked":["Heel Hook","PiercingWail","Outmaneuver"],"picked":"SKIP","floor":8},{"not_picked":["Quick Slash","Outmaneuver"],"picked":"Crippling Poison","floor":10},{"not_picked":["Endless Agony","PiercingWail"],"picked":"Leg Sweep","floor":11},{"not_picked":["Eviscerate","Endless Agony"],"picked":"PiercingWail","floor":12},{"not_picked":["Prepared","Flying Knee"],"picked":"Well Laid Plans","floor":13},{"not_picked":["Phantasmal Killer","Night Terror"],"picked":"Burst","floor":16},{"not_picked":["Underhanded Strike","Distraction","Flying Knee"],"picked":"SKIP","floor":18},{"not_picked":["Slice","Choke"],"picked":"Dodge and Roll+1","floor":20},{"not_picked":["Sucker Punch","Leg Sweep","Blade Dance"],"picked":"SKIP","floor":22},{"not_picked":["Sucker Punch","Doppelganger","Dagger Throw"],"picked":"SKIP","floor":24},{"not_picked":["Heel Hook","Quick Slash","Outmaneuver"],"picked":"SKIP","floor":25},{"not_picked":["Cloak And Dagger+1","Flying Knee+1"],"picked":"Deflect+1","floor":28},{"not_picked":["Cloak And Dagger+1","Slice"],"picked":"Night Terror+1","floor":29},{"not_picked":[],"picked":"Infinite Blades+1","floor":35},{"not_picked":[],"picked":"Deadly Poison+1","floor":37},{"not_picked":[],"picked":"PiercingWail+1","floor":38},{"not_picked":["Quick Slash"],"picked":"SKIP","floor":40},{"not_picked":["Cloak And Dagger+1"],"picked":"SKIP","floor":42},{"not_picked":["Concentrate+1"],"picked":"SKIP","floor":44},{"not_picked":["Tactician+1"],"picked":"SKIP","floor":45}],"player_experience":368489,"relics_obtained":[{"floor":2,"key":"The Courier"},{"floor":6,"key":"PreservedInsect"},{"floor":8,"key":"Blood Vial"},{"floor":9,"key":"Whetstone"},{"floor":25,"key":"Smiling Mask"},{"floor":26,"key":"Toxic Egg 2"},{"floor":29,"key":"Kunai"},{"floor":37,"key":"Pocketwatch"},{"floor":40,"key":"Lantern"},{"floor":43,"key":"Bronze Scales"},{"floor":45,"key":"Juzu Bracelet"}],"event_choices":[{"damage_healed":0,"gold_gain":0,"player_choice":"Grow","damage_taken":0,"max_hp_gain":0,"max_hp_loss":0,"event_name":"Living Wall","floor":3,"gold_loss":0,"cards_upgraded":["Bane"]},{"damage_healed":0,"gold_gain":0,"player_choice":"Bought 3 Potions","damage_taken":0,"max_hp_gain":0,"max_hp_loss":0,"event_name":"The Woman in Blue","floor":14,"gold_loss":0},{"damage_healed":0,"gold_gain":0,"player_choice":"Max HP","damage_taken":0,"max_hp_gain":0,"max_hp_loss":4,"event_name":"Winding Halls","floor":36,"gold_loss":0},{"damage_healed":0,"gold_gain":0,"player_choice":"Fight","damage_taken":0,"max_hp_gain":0,"max_hp_loss":0,"event_name":"Mysterious Sphere","floor":37,"gold_loss":0},{"damage_healed":39,"gold_gain":0,"player_choice":"Heal","damage_taken":0,"max_hp_gain":0,"max_hp_loss":0,"event_name":"MindBloom","floor":48,"gold_loss":0,"cards_obtained":["Doubt"]}],"is_beta":false,"boss_relics":[{"not_picked":["Black Star","Pandora\u0027s Box"],"picked":"Runic Dome"},{"not_picked":["Ring of the Serpent","Sozu"],"picked":"Busted Crown"}],"items_purged_floors":[19,39],"is_endless":false,"potions_floor_spawned":[1,4,5,8,16,25,28,29,33,37,38,40,44],"ascension_level":4}