{"gold_per_floor":[109,120,120,120,134,162,162,62,62,62,78,104,126,126,126,197,197,209,209,220,220,240,240,274,274],"floor_reached":25,"playtime":894,"items_purged":[],"score":458,"play_id":"2b4d88a8-a907-4ed4-9204-f16851348525","local_time":"20190701202135","is_ascension_mode":true,"campfire_choices":[{"floor":7,"key":"REST"},{"data":"Chill","floor":10,"key":"SMITH"},{"data":"Darkness","floor":15,"key":"SMITH"},{"data":"Double Energy","floor":23,"key":"SMITH"}],"neow_cost":"TEN_PERCENT_HP_LOSS","seed_source_timestamp":1977441624444,"circlet_count":0,"master_deck":["AscendersBane","Strike_B","Strike_B","Strike_B","Defend_B","Defend_B","Defend_B","Defend_B","Zap","Dualcast","Electrodynamics","White Noise","Compile Driver","Leap","Cold Snap","Chill+1","Core Surge","Darkness+1","All For One","Steam","Double Energy+1","BootSequence","Beam Cell"],"relics":["Cracked Core","Kunai","Lantern","Pantograph","FossilizedHelix","Odd Mushroom","Ornamental Fan","Sozu","Pear","Ginger"],"potions_floor_usage":[12,12],"damage_taken":[{"damage":0,"enemies":"Cultist","floor":1,"turns":3},{"damage":9,"enemies":"2 Louse","floor":2,"turns":2},{"damage":1,"enemies":"Small Slimes","floor":5,"turns":2},{"damage":12,"enemies":"3 Sentries","floor":6,"turns":4},{"damage":0,"enemies":"Red Slaver","floor":11,"turns":3},{"damage":21,"enemies":"Gremlin Nob","floor":12,"turns":4},{"damage":11,"enemies":"The Mushroom Lair","floor":13,"turns":3},{"damage":1,"enemies":"The Guardian","floor":16,"turns":11},{"damage":0,"enemies":"Spheric Guardian","floor":18,"turns":5},{"damage":16,"enemies":"Shell Parasite","floor":20,"turns":6},{"damage":0,"enemies":"3 Cultists","floor":22,"turns":4},{"damage":32,"enemies":"Gremlin Leader","floor":24,"turns":8},{"damage":5,"enemies":"Snake Plant","floor":25,"turns":3}],"seed_played":"6401149497808976890","potions_obtained":[{"floor":5,"key":"Ancient Potion"},{"floor":13,"key":"Strength Potion"},{"floor":16,"key":"Strength Potion"}],"is_trial":false,"path_per_floor":["M","M","T","?","M","E","R","$","T","R","M","E","?","?","R","B",null,"M","T","M","?","M","R","E","M"],"character_chosen":"DEFECT","items_purchased":["Chill","FearPotion"],"campfire_rested":1,"item_purchase_floors":[8,8],"current_hp_per_floor":[64,55,55,48,47,35,54,54,54,54,54,33,22,22,22,46,60,60,70,54,33,33,33,1,0],"gold":274,"neow_bonus":"THREE_RARE_CARDS","is_prod":false,"is_daily":false,"chose_seed":false,"campfire_upgraded":3,"win_rate":0,"timestamp":1562005295,"path_taken":["M","?","?","?","M","E","R","$","T","R","M","E","?","?","R","BOSS","M","?","M","?","M","R","E","M"],"build_version":"2019-06-30","purchased_purges":0,"victory":false,"max_hp_per_floor":[64,64,64,64,64,64,64,64,64,64,64,64,64,64,64,64,64,64,74,74,79,79,79,79,79],"card_choices":[{"not_picked":["Seek","Buffer"],"picked":"Electrodynamics","floor":0},{"not_picked":["Compile Driver","Doom and Gloom"],"picked":"White Noise","floor":1},{"not_picked":["Gash","White Noise"],"picked":"Compile Driver","floor":2},{"not_picked":["Blizzard","Stack"],"picked":"Leap","floor":5},{"not_picked":["Lockon","Force Field"],"picked":"Cold Snap","floor":6},{"not_picked":["Leap","Chill","Beam Cell"],"picked":"SKIP","floor":11},{"not_picked":["Steam","Capacitor"],"picked":"Core Surge","floor":12},{"not_picked":["Redo","Lockon"],"picked":"Darkness","floor":13},{"not_picked":["Amplify","Creative AI"],"picked":"All For One","floor":16},{"not_picked":["Scrape","Ball Lightning"],"picked":"Steam","floor":18},{"not_picked":["Hologram","Compile Driver"],"picked":"Double Energy","floor":20},{"not_picked":["Reprogram","Blizzard"],"picked":"BootSequence","floor":22},{"not_picked":["Chaos","Multi-Cast"],"picked":"Beam Cell","floor":24}],"player_experience":1788018,"relics_obtained":[{"floor":3,"key":"Kunai"},{"floor":6,"key":"Lantern"},{"floor":9,"key":"Pantograph"},{"floor":12,"key":"FossilizedHelix"},{"floor":13,"key":"Odd Mushroom"},{"floor":19,"key":"Pear"},{"floor":24,"key":"Ginger"}],"event_choices":[{"cards_removed":["Strike_B"],"damage_healed":0,"gold_gain":0,"player_choice":"Card Removal","damage_taken":7,"max_hp_gain":0,"max_hp_loss":0,"event_name":"Golden Wing","floor":4,"gold_loss":0},{"damage_healed":0,"gold_gain":0,"player_choice":"Fought Mushrooms","damage_taken":0,"max_hp_gain":0,"max_hp_loss":0,"event_name":"Mushrooms","floor":13,"gold_loss":0},{"damage_healed":0,"gold_gain":0,"player_choice":"Gave Potion","damage_taken":0,"relics_obtained":["Ornamental Fan"],"max_hp_gain":0,"max_hp_loss":0,"event_name":"WeMeetAgain","floor":14,"gold_loss":0},{"damage_healed":0,"gold_gain":0,"player_choice":"Shed Blood","damage_taken":26,"max_hp_gain":5,"max_hp_loss":0,"event_name":"Forgotten Altar","floor":21,"gold_loss":0}],"is_beta":true,"boss_relics":[{"not_picked":["Empty Cage","Busted Crown"],"picked":"Sozu"}],"items_purged_floors":[],"is_endless":false,"potions_floor_spawned":[5,11,13,16,20,24],"killed_by":"Snake Plant","ascension_level":20}