{"gold_per_floor":[116,116,116,36,47,47,74,86,113,113,141,141,154,164,164,235,235,251,263,178,189,79,79,112,132,132,144,144,164,164,182,182,182],"floor_reached":33,"playtime":1047,"items_purged":[],"score":558,"play_id":"5b42d69d-b902-43c9-ab79-d356ff2f2c8e","local_time":"20190724173833","is_ascension_mode":true,"campfire_choices":[{"data":"Rip and Tear","floor":6.0,"key":"SMITH"},{"floor":10.0,"key":"REST"},{"floor":12.0,"key":"REST"},{"floor":15.0,"key":"REST"},{"floor":23,"key":"REST"},{"floor":28,"key":"REST"},{"floor":30,"key":"REST"},{"floor":32,"key":"REST"}],"neow_cost":"NONE","seed_source_timestamp":0,"circlet_count":0,"master_deck":["AscendersBane","Strike_B+1","Strike_B+1","Strike_B+1","Defend_B+1","Defend_B","Defend_B","Defend_B","Zap+1","Dualcast+1","Conserve Battery","Rip and Tear+1","Leap","Sweeping Beam","Coolheaded","Hologram","Compile Driver","Echo Form","Ball Lightning","Rainbow","Defragment","Sweeping Beam","Beam Cell","Capacitor"],"special_seed":0,"relics":["Cracked Core","Orichalcum","War Paint","Lantern","Eternal Feather","Unceasing Top","Blue Candle","Bottled Lightning"],"potions_floor_usage":[24,27,33,33],"damage_taken":[{"damage":4.0,"enemies":"Jaw Worm","floor":1.0,"turns":4.0},{"damage":0.0,"enemies":"Cultist","floor":5.0,"turns":3.0},{"damage":33.0,"enemies":"3 Sentries","floor":7.0,"turns":8.0},{"damage":0.0,"enemies":"Small Slimes","floor":8.0,"turns":2.0},{"damage":17.0,"enemies":"Lagavulin","floor":11.0,"turns":5.0},{"damage":4.0,"enemies":"Red Slaver","floor":13.0,"turns":2.0},{"damage":0.0,"enemies":"2 Fungi Beasts","floor":14.0,"turns":2.0},{"damage":14.0,"enemies":"The Guardian","floor":16.0,"turns":12.0},{"damage":10,"enemies":"Shell Parasite","floor":18,"turns":8},{"damage":5,"enemies":"Spheric Guardian","floor":19,"turns":7},{"damage":16,"enemies":"Cultist and Chosen","floor":21,"turns":5},{"damage":15,"enemies":"Gremlin Leader","floor":24,"turns":6},{"damage":19,"enemies":"Snecko","floor":25,"turns":5},{"damage":22,"enemies":"Snake Plant","floor":27,"turns":4},{"damage":33,"enemies":"Sentry and Sphere","floor":29,"turns":6},{"damage":21,"enemies":"3 Cultists","floor":31,"turns":6},{"damage":101,"enemies":"Collector","floor":33,"turns":8}],"seed_played":"658818961064811104","potions_obtained":[{"floor":3.0,"key":"LiquidBronze"},{"floor":3.0,"key":"FocusPotion"},{"floor":11.0,"key":"SkillPotion"},{"floor":16.0,"key":"Fire Potion"},{"floor":25,"key":"Block Potion"},{"floor":29,"key":"LiquidBronze"}],"is_trial":false,"path_per_floor":["M","?","?","$","M","R","E","M","T","R","E","R","M","M","R","B",null,"M","M","?","M","?","R","E","M","T","M","R","M","R","M","R","B"],"character_chosen":"DEFECT","items_purchased":["Rip and Tear"],"campfire_rested":7,"item_purchase_floors":[4],"current_hp_per_floor":[60,39,39,39,39,39,6,6,6,27,10,31,27,27,48,34,62,52,47,47,31,31,61,46,27,27,5,38,5,38,17,50,0],"gold":182,"neow_bonus":"UPGRADE_CARD","is_prod":false,"is_daily":false,"chose_seed":false,"campfire_upgraded":1,"win_rate":0,"timestamp":1563982713,"path_taken":["M","?","?","$","M","R","E","M","T","R","E","R","?","M","R","BOSS","M","M","?","M","?","R","E","M","T","M","R","M","R","M","R","BOSS"],"build_version":"2019-07-18","purchased_purges":0,"victory":false,"max_hp_per_floor":[71,71,71,71,71,71,71,71,71,71,71,71,71,71,71,71,71,71,71,71,71,71,71,71,71,71,71,71,71,71,71,71,71],"card_choices":[{"not_picked":["Blizzard","Double Energy"],"picked":"Conserve Battery","floor":1.0},{"not_picked":["Blizzard","Rebound"],"picked":"Leap","floor":5.0},{"not_picked":["Meteor Strike","Aggregate"],"picked":"Sweeping Beam","floor":7.0},{"not_picked":["Hologram","Scrape","Redo"],"picked":"SKIP","floor":8.0},{"not_picked":["Stack","Chill"],"picked":"Coolheaded","floor":11.0},{"not_picked":["Tempest","Conserve Battery"],"picked":"Hologram","floor":13.0},{"not_picked":["Cold Snap","Streamline"],"picked":"Compile Driver","floor":14.0},{"not_picked":["Machine Learning","Creative AI"],"picked":"Echo Form","floor":16.0},{"not_picked":["Heatsinks+1","Barrage","Rebound"],"picked":"SKIP","floor":18},{"not_picked":["Loop","Gash"],"picked":"Ball Lightning","floor":19},{"not_picked":["Reprogram","Compile Driver","Melter"],"picked":"SKIP","floor":21},{"not_picked":["Hologram","Cold Snap"],"picked":"Rainbow","floor":24},{"not_picked":["Beam Cell","Undo"],"picked":"Defragment","floor":25},{"not_picked":["Recycle","Conserve Battery"],"picked":"Sweeping Beam","floor":27},{"not_picked":["Beam Cell","Compile Driver","Streamline"],"picked":"SKIP","floor":29},{"not_picked":["Compile Driver","Streamline"],"picked":"Beam Cell","floor":29},{"not_picked":["Cold Snap","Hyperbeam"],"picked":"Capacitor","floor":31}],"player_experience":1913552,"relics_obtained":[{"floor":7.0,"key":"Orichalcum"},{"floor":9.0,"key":"War Paint"},{"floor":11.0,"key":"Lantern"},{"floor":24,"key":"Blue Candle"},{"floor":26,"key":"Bottled Lightning"}],"event_choices":[{"damage_healed":0.0,"max_hp_gain":0.0,"max_hp_loss":0.0,"gold_gain":0.0,"event_name":"Shining Light","player_choice":"Entered Light","floor":2.0,"gold_loss":0.0,"damage_taken":21.0,"cards_upgraded":["Strike_B","Strike_B"]},{"damage_healed":0.0,"max_hp_gain":0.0,"max_hp_loss":0.0,"gold_gain":0.0,"event_name":"Lab","player_choice":"Got Potions","floor":3.0,"gold_loss":0.0,"damage_taken":0.0},{"damage_healed":0,"gold_gain":0,"player_choice":"Obtained Relic","damage_taken":0,"relics_obtained":["Unceasing Top"],"max_hp_gain":0,"max_hp_loss":0,"event_name":"Addict","floor":20,"gold_loss":85},{"cards_removed":["Strike_B"],"damage_healed":0,"gold_gain":0,"player_choice":"Upgrade and Remove","damage_taken":0,"max_hp_gain":0,"max_hp_loss":0,"event_name":"Designer","floor":22,"gold_loss":110,"cards_upgraded":["Strike_B"]}],"is_beta":true,"boss_relics":[{"not_picked":["Coffee Dripper","FrozenCore"],"picked":"Eternal Feather"}],"items_purged_floors":[],"is_endless":false,"potions_floor_spawned":[5,8,11,16,19,21,25,29],"killed_by":"Collector","ascension_level":20}