{"gold_per_floor":[113,133,133,58,58,94,119,119,143,143,168,168,199,222,222,318,318,278,303,303],"floor_reached":20,"playtime":530,"items_purged":[],"score":418,"play_id":"937abd95-649a-4af2-b105-658f9cec2127","local_time":"20190721161927","is_ascension_mode":true,"campfire_choices":[{"data":"Defragment","floor":8.0,"key":"SMITH"},{"data":"Loop","floor":10.0,"key":"SMITH"},{"floor":15.0,"key":"REST"}],"neow_cost":"NONE","seed_source_timestamp":2575172849254,"circlet_count":0,"master_deck":["AscendersBane","Strike_B","Strike_B","Strike_B","Strike_B","Defend_B+1","Defend_B","Defend_B","Defend_B+1","Zap","Dualcast","Defragment+1","Capacitor+1","Loop+1","Cold Snap","Cold Snap","Coolheaded","Auto Shields","Fission","Glacier"],"special_seed":0,"relics":["Cracked Core","NeowsBlessing","Golden Idol","Oddly Smooth Stone","Potion Belt","Shuriken","Eternal Feather"],"potions_floor_usage":[16,20],"damage_taken":[{"damage":0.0,"enemies":"Jaw Worm","floor":1.0,"turns":1.0},{"damage":0.0,"enemies":"Small Slimes","floor":2.0,"turns":1.0},{"damage":0.0,"enemies":"Lagavulin","floor":6.0,"turns":1.0},{"damage":7.0,"enemies":"2 Louse","floor":7.0,"turns":2.0},{"damage":8.0,"enemies":"Gremlin Gang","floor":11.0,"turns":6.0},{"damage":19.0,"enemies":"3 Sentries","floor":13.0,"turns":7.0},{"damage":0.0,"enemies":"Blue Slaver","floor":14.0,"turns":5.0},{"damage":11,"enemies":"The Guardian","floor":16,"turns":11},{"damage":31,"enemies":"2 Thieves","floor":18,"turns":5},{"damage":5,"enemies":"Spheric Guardian","floor":19,"turns":6},{"damage":17,"enemies":"Snake Plant","floor":20,"turns":2}],"seed_played":"-5924931114341222899","potions_obtained":[{"floor":2.0,"key":"Fire Potion"},{"floor":7.0,"key":"FearPotion"},{"floor":13.0,"key":"Fire Potion"},{"floor":18,"key":"GamblersBrew"}],"is_trial":false,"path_per_floor":["M","M","?","$","?","E","M","R","T","R","M","?","E","M","R","B",null,"M","M","M"],"character_chosen":"DEFECT","items_purchased":["Capacitor"],"campfire_rested":1,"item_purchase_floors":[4],"current_hp_per_floor":[64,64,43,43,43,43,36,36,36,36,28,28,9,9,28,17,52,21,16,0],"gold":303,"neow_bonus":"THREE_ENEMY_KILL","is_prod":false,"is_daily":false,"chose_seed":false,"campfire_upgraded":2,"win_rate":0,"timestamp":1563718767,"path_taken":["M","M","?","$","?","E","M","R","T","R","?","?","E","M","R","BOSS","M","?","M"],"build_version":"2019-07-18","purchased_purges":0,"victory":false,"max_hp_per_floor":[71,71,71,71,64,64,64,64,64,64,64,64,64,64,64,64,64,64,64,64],"card_choices":[{"not_picked":["Rebound","Sunder"],"picked":"Defragment","floor":1.0},{"not_picked":["Turbo","Stack","Consume"],"picked":"SKIP","floor":2.0},{"not_picked":["Fission","Self Repair"],"picked":"Loop","floor":6.0},{"not_picked":["Streamline","FTL"],"picked":"Cold Snap","floor":7.0},{"not_picked":["Streamline","Chill"],"picked":"Cold Snap","floor":11.0},{"not_picked":["Capacitor","Sunder"],"picked":"Coolheaded","floor":13.0},{"not_picked":["Stack","Go for the Eyes"],"picked":"Auto Shields","floor":14.0},{"not_picked":["Amplify","Hyperbeam"],"picked":"Fission","floor":16},{"not_picked":["Storm","Ball Lightning"],"picked":"Glacier","floor":18},{"not_picked":["Rebound+1","Reinforced Body","Recycle"],"picked":"SKIP","floor":19}],"player_experience":1911185,"relics_obtained":[{"floor":6.0,"key":"Oddly Smooth Stone"},{"floor":9.0,"key":"Potion Belt"},{"floor":13.0,"key":"Shuriken"}],"event_choices":[{"damage_healed":0.0,"max_hp_gain":0.0,"max_hp_loss":0.0,"gold_gain":0.0,"event_name":"Shining Light","player_choice":"Entered Light","floor":3.0,"gold_loss":0.0,"damage_taken":21.0,"cards_upgraded":["Defend_B","Defend_B"]},{"damage_healed":0.0,"max_hp_gain":0.0,"max_hp_loss":7.0,"gold_gain":0.0,"event_name":"Golden Idol","player_choice":"Lose Max HP","floor":5.0,"gold_loss":0.0,"damage_taken":0.0,"relics_obtained":["Golden Idol"]},{"damage_healed":0.0,"max_hp_gain":0.0,"max_hp_loss":0.0,"gold_gain":0.0,"event_name":"Upgrade Shrine","player_choice":"Upgraded","floor":12.0,"gold_loss":0.0,"damage_taken":0.0,"cards_upgraded":["Capacitor"]}],"is_beta":true,"boss_relics":[{"not_picked":["Calling Bell","Tiny House"],"picked":"Eternal Feather"}],"items_purged_floors":[],"is_endless":false,"potions_floor_spawned":[2,7,13,18],"killed_by":"Snake Plant","ascension_level":20}