{"gold_per_floor":[115,130,9,9,24,53,71,71,149,149,162,175,175,188,188,188],"floor_reached":16,"playtime":1197,"items_purged":["Strike_B"],"score":109,"play_id":"c0b76d67-10a3-47d5-bee6-8b10c8738686","local_time":"20190810015242","is_ascension_mode":true,"campfire_choices":[{"data":"Loop","floor":8,"key":"SMITH"},{"data":"Coolheaded","floor":13,"key":"SMITH"},{"data":"Hologram","floor":15,"key":"SMITH"}],"neow_cost":"NONE","seed_source_timestamp":183011990932812,"circlet_count":0,"master_deck":["Strike_B","Strike_B","Defend_B","Defend_B","Defend_B","Defend_B","Zap","Dualcast","Conserve Battery","Hologram+1","Cold Snap","Gash","Loop+1","Gash","Injury","Gash","Coolheaded+1"],"relics":["Cracked Core","NeowsBlessing","Torii","Matryoshka","Golden Idol"],"potions_floor_usage":[11,16,16,16],"damage_taken":[{"damage":0,"enemies":"Cultist","floor":1,"turns":1},{"damage":0,"enemies":"2 Louse","floor":2,"turns":1},{"damage":0,"enemies":"Small Slimes","floor":5,"turns":1},{"damage":19,"enemies":"Lagavulin","floor":6,"turns":7},{"damage":1,"enemies":"Blue Slaver","floor":7,"turns":4},{"damage":7,"enemies":"Exordium Thugs","floor":11,"turns":4},{"damage":6,"enemies":"Exordium Wildlife","floor":12,"turns":5},{"damage":7,"enemies":"3 Louse","floor":14,"turns":3},{"damage":29,"enemies":"Slime Boss","floor":16,"turns":6}],"seed_played":"-8675886789383858966","potions_obtained":[{"floor":1,"key":"Weak Potion"},{"floor":7,"key":"AttackPotion"},{"floor":11,"key":"SkillPotion"},{"floor":14,"key":"LiquidBronze"}],"is_trial":false,"path_per_floor":["M","M","$","?","M","E","M","R","T","?","M","M","R","M","R","B"],"character_chosen":"DEFECT","items_purchased":["Cold Snap"],"campfire_rested":0,"item_purchase_floors":[3],"current_hp_per_floor":[75,75,75,68,68,49,48,48,48,48,41,35,35,28,28,0],"gold":188,"neow_bonus":"THREE_ENEMY_KILL","is_prod":false,"is_daily":false,"chose_seed":false,"campfire_upgraded":3,"win_rate":0,"timestamp":1565394762,"path_taken":["M","M","?","?","M","E","M","R","T","?","M","?","R","M","R","BOSS"],"build_version":"2019-07-17","purchased_purges":1,"victory":false,"max_hp_per_floor":[75,75,75,75,75,75,75,75,75,75,75,75,75,75,75,75],"card_choices":[{"not_picked":["Double Energy","Sweeping Beam"],"picked":"Conserve Battery","floor":1},{"not_picked":["Capacitor","Beam Cell"],"picked":"Hologram","floor":2},{"not_picked":["Compile Driver","Go for the Eyes"],"picked":"Gash","floor":5},{"not_picked":["Hologram","Consume"],"picked":"Loop","floor":6},{"not_picked":["Barrage","Hyperbeam"],"picked":"Gash","floor":7},{"not_picked":["Coolheaded","Storm"],"picked":"Gash","floor":11},{"not_picked":["Beam Cell","Rip and Tear"],"picked":"Coolheaded","floor":12},{"not_picked":["Go for the Eyes","Hologram","Force Field"],"picked":"SKIP","floor":14}],"player_experience":197771,"relics_obtained":[{"floor":6,"key":"Torii"},{"floor":9,"key":"Matryoshka"}],"event_choices":[{"cards_removed":["Strike_B"],"damage_healed":0,"gold_gain":0,"player_choice":"Card Removal","damage_taken":7,"max_hp_gain":0,"max_hp_loss":0,"event_name":"Golden Wing","floor":4,"gold_loss":0},{"damage_healed":0,"gold_gain":0,"player_choice":"Take Wound","damage_taken":0,"relics_obtained":["Golden Idol"],"max_hp_gain":0,"max_hp_loss":0,"event_name":"Golden Idol","floor":10,"gold_loss":0,"cards_obtained":["Injury"]}],"is_beta":false,"boss_relics":[],"items_purged_floors":[3],"is_endless":false,"potions_floor_spawned":[1,7,11,14],"killed_by":"Slime Boss","ascension_level":1}