{"gold_per_floor":[116,130,140,140,26,56,73,91,136,197,197,197],"floor_reached":12,"playtime":762,"items_purged":["Strike_B"],"score":84,"play_id":"fa5bc219-ecd9-436d-a836-183dbe687f0b","local_time":"20190319045142","is_ascension_mode":true,"campfire_choices":[],"neow_cost":"NONE","seed_source_timestamp":543521766690463,"circlet_count":0,"master_deck":["Strike_B+1","Strike_B","Strike_B","Defend_B","Defend_B","Defend_B","Defend_B","Zap+1","Dualcast+1","Coolheaded","Sweeping Beam","White Noise","Machine Learning","Loop","Consume"],"relics":["Cracked Core","Turnip","Art of War","Ornamental Fan"],"potions_floor_usage":[10,10],"damage_taken":[{"damage":0,"enemies":"Small Slimes","floor":1,"turns":2},{"damage":1,"enemies":"Jaw Worm","floor":2,"turns":3},{"damage":0,"enemies":"Cultist","floor":3,"turns":2},{"damage":17,"enemies":"Lagavulin","floor":6,"turns":5},{"damage":10,"enemies":"3 Louse","floor":7,"turns":3},{"damage":8,"enemies":"Looter","floor":8,"turns":3},{"damage":9,"enemies":"3 Sentries","floor":10,"turns":4},{"damage":12,"enemies":"3 Sentries","floor":12,"turns":4}],"seed_played":"-6895328344783816298","potions_obtained":[{"floor":3,"key":"Swift Potion"},{"floor":7,"key":"FocusPotion"}],"is_trial":false,"path_per_floor":["M","M","M","?","$","E","M","M","T","?","?","E"],"character_chosen":"DEFECT","items_purchased":["White Noise"],"campfire_rested":0,"item_purchase_floors":[5],"current_hp_per_floor":[75,74,74,59,59,42,32,24,24,15,15,3],"gold":197,"neow_bonus":"UPGRADE_CARD","is_prod":false,"is_daily":false,"chose_seed":false,"campfire_upgraded":0,"win_rate":0,"timestamp":1552996302,"path_taken":["M","M","M","?","$","E","M","M","T","?","?","E"],"build_version":"2019-01-23","purchased_purges":1,"victory":false,"max_hp_per_floor":[75,75,75,75,75,75,75,75,75,75,75,75],"card_choices":[{"not_picked":["Steam Power","Hologram"],"picked":"Coolheaded","floor":1},{"not_picked":["Consume","Go for the Eyes"],"picked":"Sweeping Beam","floor":2},{"not_picked":["Cold Snap","Reinforced Body","Turbo"],"picked":"SKIP","floor":3},{"not_picked":["Doom and Gloom","Auto Shields"],"picked":"Machine Learning","floor":6},{"not_picked":["Turbo","Go for the Eyes"],"picked":"Loop","floor":7},{"not_picked":["Reinforced Body","Scrape","Sweeping Beam"],"picked":"SKIP","floor":8},{"not_picked":["Chill","Reprogram"],"picked":"Consume","floor":10}],"player_experience":177554,"relics_obtained":[{"floor":6,"key":"Turnip"},{"floor":9,"key":"Art of War"},{"floor":10,"key":"Ornamental Fan"}],"event_choices":[{"damage_healed":0,"gold_gain":0,"player_choice":"Entered Light","damage_taken":15,"max_hp_gain":0,"max_hp_loss":0,"event_name":"Shining Light","floor":4,"gold_loss":0,"cards_upgraded":["Zap","Strike_B"]},{"damage_healed":0,"gold_gain":0,"player_choice":"Searched \u00271\u0027 times","damage_taken":0,"max_hp_gain":0,"max_hp_loss":0,"event_name":"Dead Adventurer","floor":10,"gold_loss":0},{"damage_healed":0,"gold_gain":0,"player_choice":"Ignored","damage_taken":0,"max_hp_gain":0,"max_hp_loss":0,"event_name":"Liars Game","floor":11,"gold_loss":0}],"is_beta":false,"boss_relics":[],"items_purged_floors":[5],"is_endless":false,"potions_floor_spawned":[3,7],"killed_by":"3 Sentries","ascension_level":1}