{"gold_per_floor":[113,113,33,51,67,67,100,100,126,157,173,197,212,241,241,336,336,348,365,315,315,333,333],"floor_reached":23,"playtime":1230,"items_purged":["Strike_R"],"score":247,"play_id":"82c2e304-2cf6-464f-9247-3e245ea2a803","local_time":"20190728131034","daily_mods":["Heirloom","Blue Cards","Elite Swarm"],"is_ascension_mode":true,"campfire_choices":[{"data":"Bash","floor":6.0,"key":"SMITH"},{"data":"Rampage","floor":8.0,"key":"SMITH"},{"data":"Armaments","floor":15.0,"key":"SMITH"}],"neow_cost":"","seed_source_timestamp":0,"circlet_count":0,"master_deck":["Strike_R","Strike_R","Strike_R","Defend_R","Defend_R","Defend_R","Defend_R","Bash+1","Static Discharge","Inflame","Cleave","Rampage+1","Reaper","Seek","Armaments+1","Machine Learning","Disarm","Decay"],"special_seed":0,"relics":["Burning Blood","Mango","Oddly Smooth Stone","Bronze Scales","Smiling Mask","Strawberry","Meat on the Bone","Busted Crown"],"potions_floor_usage":[],"damage_taken":[{"damage":1.0,"enemies":"Small Slimes","floor":1.0,"turns":3.0},{"damage":6.0,"enemies":"Cultist","floor":4.0,"turns":3.0},{"damage":7.0,"enemies":"2 Louse","floor":5.0,"turns":2.0},{"damage":34.0,"enemies":"3 Sentries","floor":7.0,"turns":6.0},{"damage":27.0,"enemies":"Gremlin Nob","floor":10.0,"turns":4.0},{"damage":7.0,"enemies":"Red Slaver","floor":11.0,"turns":3.0},{"damage":13.0,"enemies":"3 Louse","floor":13.0,"turns":2.0},{"damage":21.0,"enemies":"3 Sentries","floor":14.0,"turns":5.0},{"damage":44.0,"enemies":"The Guardian","floor":16.0,"turns":11.0},{"damage":6.0,"enemies":"Chosen","floor":18.0,"turns":5.0},{"damage":20.0,"enemies":"Shell Parasite","floor":19.0,"turns":7.0},{"damage":31,"enemies":"Centurion and Healer","floor":22,"turns":6},{"damage":68,"enemies":"Slavers","floor":23,"turns":5}],"seed_played":"6515483689601364395","potions_obtained":[{"floor":5.0,"key":"Explosive Potion"},{"floor":10.0,"key":"SpeedPotion"},{"floor":13.0,"key":"Weak Potion"},{"floor":19.0,"key":"AttackPotion"}],"is_trial":true,"path_per_floor":["M","?","$","M","M","R","E","R","T","E","M","T","M","E","R","B",null,"M","M","$","?","M","E"],"character_chosen":"IRONCLAD","items_purchased":["Inflame"],"campfire_rested":0,"item_purchase_floors":[3],"current_hp_per_floor":[94,94,94,94,93,93,65,65,65,46,45,52,63,63,63,37,101,101,87,87,87,69,13],"gold":333,"neow_bonus":"","is_prod":false,"is_daily":false,"chose_seed":false,"campfire_upgraded":3,"win_rate":0,"timestamp":1564337434,"path_taken":["M","?","$","M","M","R","E","R","T","E","?","?","?","E","R","BOSS","M","M","$","?","M","E"],"build_version":"2019-07-17","purchased_purges":1,"victory":false,"max_hp_per_floor":[94,94,94,94,94,94,94,94,94,94,94,101,101,101,101,101,101,101,101,101,101,101,101],"card_choices":[{"not_picked":["Rebound","Body Slam"],"picked":"Static Discharge","floor":1.0},{"not_picked":["Thunderclap","Redo"],"picked":"Cleave","floor":4.0},{"not_picked":["Turbo","Inflame"],"picked":"Rampage","floor":5.0},{"not_picked":["Double Tap","Multi-Cast"],"picked":"Reaper","floor":7.0},{"not_picked":["Double Tap","Echo Form"],"picked":"Seek","floor":10.0},{"not_picked":["Static Discharge","Gash"],"picked":"Armaments","floor":11.0},{"not_picked":["Defragment","Sword Boomerang","Coolheaded"],"picked":"SKIP","floor":13.0},{"not_picked":["Fission","All For One","Buffer"],"picked":"SKIP","floor":14.0},{"not_picked":["Fission","Reboot"],"picked":"Machine Learning","floor":16.0},{"not_picked":[],"picked":"Disarm","floor":18.0},{"not_picked":["Wild Strike"],"picked":"SKIP","floor":19.0},{"not_picked":["Ball Lightning"],"picked":"SKIP","floor":22}],"player_experience":432925,"relics_obtained":[{"floor":7.0,"key":"Oddly Smooth Stone"},{"floor":9.0,"key":"Bronze Scales"},{"floor":10.0,"key":"Smiling Mask"},{"floor":12.0,"key":"Strawberry"},{"floor":14.0,"key":"Meat on the Bone"}],"event_choices":[{"cards_removed":["Strike_R"],"damage_healed":0.0,"max_hp_gain":0.0,"max_hp_loss":0.0,"gold_gain":0.0,"event_name":"Bonfire Elementals","player_choice":"Offered Basic","floor":2.0,"gold_loss":0.0,"damage_taken":0.0},{"damage_healed":0.0,"max_hp_gain":0.0,"max_hp_loss":0.0,"gold_gain":0.0,"event_name":"Forgotten Altar","player_choice":"Smashed Altar","floor":21.0,"gold_loss":0.0,"damage_taken":0.0,"cards_obtained":["Decay"]}],"is_beta":false,"boss_relics":[{"not_picked":["Ectoplasm","Philosopher\u0027s Stone"],"picked":"Busted Crown"}],"items_purged_floors":[20],"is_endless":false,"potions_floor_spawned":[5,10,13,19],"killed_by":"Slavers","ascension_level":1}