{"gold_per_floor":[117,135,135,149,166,166,91,91,118,137,152,187,187,204,204,302,302,321,58,71,71,85,85,112,112,112,112,184,199,211,136,136,136],"floor_reached":33,"playtime":2003,"items_purged":["Strike_R","Sentinel"],"score":323,"play_id":"a15d776a-ac10-430f-8ddf-ed5a2be869e2","local_time":"20190318003110","is_ascension_mode":true,"campfire_choices":[{"data":"Searing Blow","floor":6,"key":"SMITH"},{"data":"Searing Blow+1","floor":13,"key":"SMITH"},{"data":"Searing Blow+2","floor":15,"key":"SMITH"},{"floor":23,"key":"REST"},{"floor":25,"key":"REST"},{"data":"Searing Blow+3","floor":27,"key":"SMITH"},{"floor":32,"key":"REST"}],"neow_cost":"NONE","seed_source_timestamp":440249256795411,"circlet_count":0,"master_deck":["Defend_R","Defend_R","Defend_R","Defend_R","Bash","Searing Blow+4","Pommel Strike","Hemokinesis","Spot Weakness","Cleave","Reaper","Brutality+1","Twin Strike+1","Flame Barrier+1","Shockwave+1","Thinking Ahead","Shrug It Off+1","Pain","Seeing Red+1"],"relics":["Burning Blood","Art of War","Lantern","Ginger","Astrolabe","WarpedTongs","Toxic Egg 2","Matryoshka","Potion Belt","Letter Opener"],"potions_floor_usage":[4,12,12,22,22,24,33],"damage_taken":[{"damage":2,"enemies":"2 Louse","floor":1,"turns":3},{"damage":6,"enemies":"Jaw Worm","floor":2,"turns":4},{"damage":1,"enemies":"Cultist","floor":4,"turns":4},{"damage":10,"enemies":"3 Louse","floor":5,"turns":4},{"damage":17,"enemies":"Gremlin Gang","floor":10,"turns":4},{"damage":24,"enemies":"Exordium Thugs","floor":11,"turns":5},{"damage":16,"enemies":"3 Sentries","floor":12,"turns":7},{"damage":0,"enemies":"2 Fungi Beasts","floor":14,"turns":2},{"damage":12,"enemies":"Slime Boss","floor":16,"turns":7},{"damage":13,"enemies":"3 Byrds","floor":18,"turns":4},{"damage":47,"enemies":"Spheric Guardian","floor":20,"turns":6},{"damage":26,"enemies":"Centurion and Healer","floor":22,"turns":4},{"damage":42,"enemies":"Slavers","floor":24,"turns":6},{"damage":22,"enemies":"Shelled Parasite and Fungi","floor":29,"turns":5},{"damage":24,"enemies":"Snake Plant","floor":30,"turns":3},{"damage":82,"enemies":"Automaton","floor":33,"turns":6}],"seed_played":"-7120107892524668887","potions_obtained":[{"floor":1,"key":"SkillPotion"},{"floor":4,"key":"Dexterity Potion"},{"floor":10,"key":"SkillPotion"},{"floor":11,"key":"PowerPotion"},{"floor":14,"key":"Weak Potion"},{"floor":20,"key":"Dexterity Potion"},{"floor":22,"key":"Regen Potion"},{"floor":29,"key":"FearPotion"}],"is_trial":false,"path_per_floor":["M","M","?","M","M","R","$","?","T","M","M","E","R","M","R","B",null,"M","$","M","?","M","R","E","R","T","R","T","M","M","?","R","B"],"character_chosen":"IRONCLAD","items_purchased":["Thinking Ahead"],"campfire_rested":3,"item_purchase_floors":[19],"current_hp_per_floor":[88,88,81,86,82,82,82,82,82,71,53,43,43,49,49,43,88,83,83,42,42,22,48,27,53,53,53,53,37,25,25,51,0],"gold":136,"neow_bonus":"TEN_PERCENT_HP_BONUS","is_prod":false,"is_daily":false,"chose_seed":false,"campfire_upgraded":4,"win_rate":0,"timestamp":1552894270,"path_taken":["M","M","?","M","M","R","$","?","T","M","?","E","R","M","R","BOSS","M","$","M","?","?","R","E","R","T","R","?","M","M","?","R","BOSS"],"build_version":"2019-01-23","purchased_purges":2,"victory":false,"max_hp_per_floor":[88,88,88,88,88,88,88,88,88,88,88,88,88,88,88,88,88,88,88,88,88,88,88,88,88,88,88,88,88,88,88,88,88],"card_choices":[{"not_picked":["Perfected Strike","Fire Breathing"],"picked":"Searing Blow","floor":1},{"not_picked":["Evolve","Wild Strike"],"picked":"Pommel Strike","floor":2},{"not_picked":["Perfected Strike","Flame Barrier"],"picked":"Sentinel","floor":4},{"not_picked":["Clash","Sentinel"],"picked":"Hemokinesis","floor":5},{"not_picked":["Second Wind","Armaments"],"picked":"Spot Weakness","floor":10},{"not_picked":["Carnage","Flex"],"picked":"Combust","floor":11},{"not_picked":["Clothesline","Thunderclap"],"picked":"Cleave","floor":12},{"not_picked":["Twin Strike","Headbutt","Flex"],"picked":"SKIP","floor":14},{"not_picked":["Demon Form","Dark Embrace"],"picked":"Reaper","floor":16},{"not_picked":["Blood for Blood","Headbutt+1"],"picked":"Shockwave+1","floor":18},{"not_picked":["Perfected Strike","Body Slam"],"picked":"Shrug It Off+1","floor":20},{"not_picked":["Evolve","Heavy Blade","Burning Pact+1"],"picked":"SKIP","floor":22},{"not_picked":["Anger","Dual Wield","Entrench"],"picked":"SKIP","floor":24},{"not_picked":["Bloodletting+1","Iron Wave+1"],"picked":"Seeing Red+1","floor":29},{"not_picked":["Anger","Juggernaut","Flex+1"],"picked":"SKIP","floor":30}],"player_experience":164967,"relics_obtained":[{"floor":9,"key":"Lantern"},{"floor":12,"key":"Ginger"},{"floor":24,"key":"Toxic Egg 2"},{"floor":26,"key":"Matryoshka"},{"floor":28,"key":"Potion Belt"},{"floor":28,"key":"Letter Opener"}],"event_choices":[{"cards_removed":["Strike_R"],"damage_healed":0,"gold_gain":0,"player_choice":"Card Removal","damage_taken":7,"max_hp_gain":0,"max_hp_loss":0,"event_name":"Golden Wing","floor":3,"gold_loss":0},{"damage_healed":0,"gold_gain":0,"player_choice":"Gave Potion","damage_taken":0,"relics_obtained":["Art of War"],"max_hp_gain":0,"max_hp_loss":0,"event_name":"WeMeetAgain","floor":8,"gold_loss":0},{"damage_healed":0,"gold_gain":0,"player_choice":"Rummage","damage_taken":0,"relics_obtained":["WarpedTongs"],"max_hp_gain":0,"max_hp_loss":0,"event_name":"Accursed Blacksmith","floor":21,"gold_loss":0,"cards_obtained":["Pain"]},{"cards_removed":["Combust"],"damage_healed":0,"gold_gain":0,"player_choice":"Gave Gold","damage_taken":0,"max_hp_gain":0,"max_hp_loss":0,"event_name":"Beggar","floor":31,"gold_loss":75}],"is_beta":false,"boss_relics":[{"not_picked":["White Beast Statue","Pandora\u0027s Box"],"picked":"Astrolabe"}],"items_purged_floors":[7,19],"is_endless":false,"potions_floor_spawned":[1,4,10,11,14,20,22,29],"killed_by":"Automaton","ascension_level":4}