{"gold_per_floor":[17,17,30,43,59,87,87,99,99,43,70,30],"floor_reached":12,"playtime":774,"items_purged":[],"score":180,"play_id":"b3cc1062-89a7-4c75-86b3-9285328bc48f","local_time":"20190803142056","is_ascension_mode":true,"campfire_choices":[{"floor":7.0,"key":"REST"}],"neow_cost":"NO_GOLD","seed_source_timestamp":130647226735900,"circlet_count":0,"master_deck":["AscendersBane","Strike_G","Strike_G","Defend_G","Defend_G","Defend_G","Defend_G","Defend_G","Survivor","Neutralize","Choke","Concentrate","Dagger Throw","Quick Slash","Slice","Dagger Throw","Dagger Throw","Predator"],"special_seed":0,"relics":["Ring of the Snake","Nunchaku","Paper Crane","Singing Bowl"],"potions_floor_usage":[11],"damage_taken":[{"damage":0.0,"enemies":"Cultist","floor":1.0,"turns":4.0},{"damage":0.0,"enemies":"2 Louse","floor":3.0,"turns":3.0},{"damage":1.0,"enemies":"Small Slimes","floor":4.0,"turns":3.0},{"damage":5.0,"enemies":"Exordium Wildlife","floor":5.0,"turns":5.0},{"damage":39.0,"enemies":"Gremlin Nob","floor":6.0,"turns":5.0},{"damage":6.0,"enemies":"Exordium Thugs","floor":8.0,"turns":3.0},{"damage":22,"enemies":"Lagavulin","floor":11,"turns":5},{"damage":9,"enemies":"Looter","floor":12,"turns":2}],"seed_played":"8872219426462677097","potions_obtained":[{"floor":1.0,"key":"SpeedPotion"},{"floor":5.0,"key":"Dexterity Potion"}],"is_trial":false,"path_per_floor":["M","?","M","M","M","E","R","M","T","$","E","M"],"character_chosen":"THE_SILENT","items_purchased":["AttackPotion"],"campfire_rested":1,"item_purchase_floors":[10],"current_hp_per_floor":[59,59,59,58,53,14,33,27,27,27,7,0],"gold":30,"neow_bonus":"TRANSFORM_TWO_CARDS","is_prod":false,"is_daily":false,"chose_seed":false,"campfire_upgraded":0,"win_rate":0,"timestamp":1564867256,"path_taken":["M","?","M","?","M","E","R","M","T","?","E","M"],"build_version":"2019-07-17","purchased_purges":0,"victory":false,"max_hp_per_floor":[66,66,66,66,66,66,66,66,66,66,68,68],"card_choices":[{"not_picked":["Concentrate","Underhanded Strike"],"picked":"Dagger Throw","floor":1.0},{"not_picked":["Deadly Poison","Bane"],"picked":"Quick Slash","floor":3.0},{"not_picked":["Quick Slash","Dodge and Roll"],"picked":"Slice","floor":4.0},{"not_picked":["Blade Dance","Accuracy"],"picked":"Dagger Throw","floor":5.0},{"not_picked":["Choke","Quick Slash"],"picked":"Dagger Throw","floor":6.0},{"not_picked":["Blur","Reflex"],"picked":"Predator","floor":8.0},{"not_picked":["Masterful Stab","Prepared","Cloak And Dagger"],"picked":"Singing Bowl","floor":11}],"player_experience":1200950,"relics_obtained":[{"floor":6.0,"key":"Nunchaku"},{"floor":9.0,"key":"Paper Crane"},{"floor":11,"key":"Singing Bowl"}],"event_choices":[{"cards_removed":["Strike_G"],"damage_healed":0.0,"max_hp_gain":0.0,"max_hp_loss":0.0,"gold_gain":0.0,"event_name":"Purifier","player_choice":"Purged","floor":2.0,"gold_loss":0.0,"damage_taken":0.0}],"is_beta":false,"boss_relics":[],"items_purged_floors":[],"is_endless":false,"potions_floor_spawned":[1,5],"killed_by":"Looter","ascension_level":20}