{"gold_per_floor":[111,36,46,221,221,221,244,285,332,358,68,92,92,111,111,237,237,255,273,287,287,51,90,90],"floor_reached":24,"playtime":1378,"items_purged":["Strike_B"],"score":216,"play_id":"6f836d8c-cc3b-4126-8d97-bd9c54f23948","local_time":"20190702220114","is_ascension_mode":false,"campfire_choices":[{"data":"Dualcast","floor":6.0,"key":"SMITH"},{"floor":15.0,"key":"REST"}],"neow_cost":"NONE","seed_source_timestamp":0,"circlet_count":0,"master_deck":["Strike_B","Strike_B","Defend_B","Defend_B","Defend_B","Zap","Dualcast+1","Darkness","Conserve Battery","Doubt","BootSequence","Defragment+1","Melter","Coolheaded","Echo Form+1","Reprogram","Conserve Battery","Machine Learning+1","Buffer+1","Reboot","Cold Snap"],"special_seed":0,"relics":["Empty Cage","Golden Idol","Art of War","Omamori","Frozen Egg 2","Boot","Velvet Choker","Orichalcum"],"potions_floor_usage":[24],"damage_taken":[{"damage":1.0,"enemies":"Cultist","floor":1.0,"turns":3.0},{"damage":1.0,"enemies":"2 Louse","floor":3.0,"turns":3.0},{"damage":4.0,"enemies":"Jaw Worm","floor":7.0,"turns":4.0},{"damage":35.0,"enemies":"3 Sentries","floor":8.0,"turns":12.0},{"damage":0.0,"enemies":"2 Fungi Beasts","floor":12.0,"turns":3.0},{"damage":0.0,"enemies":"Looter","floor":14.0,"turns":3.0},{"damage":14.0,"enemies":"Slime Boss","floor":16.0,"turns":8.0},{"damage":17.0,"enemies":"3 Byrds","floor":18.0,"turns":6.0},{"damage":1.0,"enemies":"Shell Parasite","floor":19.0,"turns":5.0},{"damage":19.0,"enemies":"Centurion and Healer","floor":20.0,"turns":8.0},{"damage":16.0,"enemies":"Book of Stabbing","floor":23.0,"turns":8.0},{"damage":35,"enemies":"3 Cultists","floor":24,"turns":6}],"seed_played":"7744887085370631506","potions_obtained":[{"floor":1.0,"key":"Explosive Potion"},{"floor":3.0,"key":"FocusPotion"},{"floor":14.0,"key":"Fire Potion"},{"floor":18.0,"key":"EssenceOfSteel"},{"floor":19.0,"key":"Fire Potion"},{"floor":23.0,"key":"FocusPotion"}],"is_trial":false,"path_per_floor":["M","$","M","?","?","R","M","E","T","T","$","M","?","M","R","B",null,"M","M","M","?","$","E","M"],"character_chosen":"DEFECT","items_purchased":["Frozen Egg 2","Defragment+1","Buffer+1","Reboot"],"campfire_rested":1,"item_purchase_floors":[11,11,22,22],"current_hp_per_floor":[74,74,73,73,55,55,51,16,16,16,16,16,4,4,26,12,75,58,57,38,38,38,22,0],"gold":90,"neow_bonus":"BOSS_RELIC","is_prod":false,"is_daily":false,"chose_seed":false,"campfire_upgraded":1,"win_rate":0,"timestamp":1562072474,"path_taken":["M","$","M","?","?","R","M","E","T","?","$","M","?","M","R","BOSS","M","M","M","?","$","E","M"],"build_version":"2019-07-01","purchased_purges":1,"victory":false,"max_hp_per_floor":[75,75,75,75,75,75,75,75,75,75,75,75,75,75,75,75,75,75,75,75,75,75,75,75],"card_choices":[{"not_picked":["Turbo","Rebound"],"picked":"Darkness","floor":1.0},{"not_picked":["Streamline","Compile Driver"],"picked":"Conserve Battery","floor":3.0},{"not_picked":["Streamline","Redo"],"picked":"BootSequence","floor":7.0},{"not_picked":["Undo","Compile Driver","Tempest"],"picked":"SKIP","floor":8.0},{"not_picked":["Blizzard","Redo"],"picked":"Melter","floor":12.0},{"not_picked":["Rebound","Stack"],"picked":"Coolheaded","floor":14.0},{"not_picked":["Fission","Rainbow"],"picked":"Echo Form+1","floor":16.0},{"not_picked":["Rebound","Sweeping Beam","Hologram"],"picked":"SKIP","floor":18.0},{"not_picked":["Rebound+1","Hologram"],"picked":"Reprogram","floor":19.0},{"not_picked":["Sweeping Beam","Gash+1"],"picked":"Conserve Battery","floor":20.0},{"not_picked":["Fission","Barrage"],"picked":"Cold Snap","floor":23.0}],"player_experience":145192,"relics_obtained":[{"floor":8.0,"key":"Art of War"},{"floor":9.0,"key":"Omamori"},{"floor":23.0,"key":"Orichalcum"}],"event_choices":[{"damage_healed":0.0,"max_hp_gain":0.0,"max_hp_loss":0.0,"gold_gain":175.0,"event_name":"Liars Game","player_choice":"AGREE","floor":4.0,"gold_loss":0.0,"damage_taken":0.0,"cards_obtained":["Doubt"]},{"damage_healed":0.0,"max_hp_gain":0.0,"max_hp_loss":0.0,"gold_gain":0.0,"event_name":"Golden Idol","player_choice":"Take Damage","floor":5.0,"gold_loss":0.0,"damage_taken":18.0,"relics_obtained":["Golden Idol"]},{"damage_healed":0.0,"max_hp_gain":0.0,"max_hp_loss":0.0,"gold_gain":0.0,"event_name":"Scrap Ooze","player_choice":"Success","floor":13.0,"gold_loss":0.0,"damage_taken":12.0,"relics_obtained":["Boot"]},{"damage_healed":0.0,"max_hp_gain":0.0,"max_hp_loss":0.0,"gold_gain":0.0,"event_name":"The Library","player_choice":"Read","floor":21.0,"gold_loss":0.0,"damage_taken":0.0,"cards_obtained":["Machine Learning"]}],"is_beta":false,"boss_relics":[{"not_picked":["Busted Crown","Fusion Hammer"],"picked":"Velvet Choker"}],"items_purged_floors":[2],"is_endless":false,"potions_floor_spawned":[1,3,14,18,19,23],"killed_by":"3 Cultists","ascension_level":0}