{"gold_per_floor":[112,129,53,53,53,78,91,101,101,101,136,136,146,166,166,237,237,208,123,136,155,155,155,184,284,334,353,353,385,385,404,404,478,478,495,510,214,229,329,329,359,359,359,379,379,410,420,282,282,282],"floor_reached":51,"playtime":4886,"items_purged":["Strike_G","Strike_G"],"score":1357,"play_id":"c3a4f325-eab2-4420-b9e8-ee4e949e22a7","local_time":"20190804050414","is_ascension_mode":true,"campfire_choices":[{"floor":10.0,"key":"REST"},{"data":"Neutralize","floor":12.0,"key":"SMITH"},{"data":"Noxious Fumes","floor":15.0,"key":"SMITH"},{"floor":23.0,"key":"REST"},{"floor":30.0,"key":"REST"},{"data":"Catalyst","floor":32.0,"key":"SMITH"},{"floor":40,"key":"REST"},{"data":"Footwork","floor":42,"key":"SMITH"},{"data":"Catalyst","floor":45,"key":"SMITH"},{"data":"Noxious Fumes","floor":49,"key":"SMITH"}],"neow_cost":"NONE","seed_source_timestamp":431850174690800,"circlet_count":0,"master_deck":["AscendersBane","Strike_G","Strike_G","Defend_G","Defend_G","Defend_G+1","Defend_G+1","Defend_G","Survivor","Neutralize+1","Acrobatics","Sucker Punch","Noxious Fumes+1","Catalyst+1","Deadly Poison","Calculated Gamble","Footwork+1","Malaise","Prepared","PiercingWail","Catalyst+1","Calculated Gamble+1","Noxious Fumes+1","Dodge and Roll","Adrenaline","Acrobatics","Dash","Catalyst+1","Acrobatics","Crippling Poison","Acrobatics"],"special_seed":0,"relics":["Ring of the Snake","NeowsBlessing","Bag of Marbles","The Courier","Regal Pillow","Happy Flower","Runic Pyramid","Bronze Scales","Nilry\u0027s Codex","PreservedInsect","Pen Nib","Ancient Tea Set","Mummified Hand","HoveringKite","FossilizedHelix","Unceasing Top","Pantograph","Omamori","War Paint"],"potions_floor_usage":[41,50],"damage_taken":[{"damage":0.0,"enemies":"2 Louse","floor":1.0,"turns":1.0},{"damage":0.0,"enemies":"Small Slimes","floor":2.0,"turns":1.0},{"damage":0.0,"enemies":"Lagavulin","floor":6.0,"turns":1.0},{"damage":6.0,"enemies":"Jaw Worm","floor":7.0,"turns":4.0},{"damage":12.0,"enemies":"Looter","floor":8.0,"turns":4.0},{"damage":23.0,"enemies":"3 Sentries","floor":11.0,"turns":8.0},{"damage":12.0,"enemies":"Exordium Thugs","floor":13.0,"turns":5.0},{"damage":4.0,"enemies":"2 Fungi Beasts","floor":14.0,"turns":4.0},{"damage":14.0,"enemies":"Hexaghost","floor":16.0,"turns":9.0},{"damage":26.0,"enemies":"2 Thieves","floor":18.0,"turns":5.0},{"damage":2.0,"enemies":"Shell Parasite","floor":20.0,"turns":6.0},{"damage":4.0,"enemies":"Snake Plant","floor":21.0,"turns":4.0},{"damage":10.0,"enemies":"Gremlin Leader","floor":24.0,"turns":9.0},{"damage":2.0,"enemies":"Chosen and Byrds","floor":27.0,"turns":4.0},{"damage":13.0,"enemies":"Book of Stabbing","floor":29.0,"turns":8.0},{"damage":7.0,"enemies":"Snecko","floor":31.0,"turns":4.0},{"damage":28.0,"enemies":"Collector","floor":33.0,"turns":7.0},{"damage":20,"enemies":"Orb Walker","floor":35,"turns":4},{"damage":9,"enemies":"3 Darklings","floor":36,"turns":5},{"damage":1,"enemies":"Maw","floor":38,"turns":8},{"damage":0,"enemies":"Mind Bloom Boss Battle","floor":39,"turns":7},{"damage":0,"enemies":"Reptomancer","floor":41,"turns":4},{"damage":0,"enemies":"Sphere and 2 Shapes","floor":44,"turns":7},{"damage":0,"enemies":"Nemesis","floor":46,"turns":3},{"damage":1,"enemies":"Writhing Mass","floor":47,"turns":4},{"damage":41,"enemies":"Awakened One","floor":50,"turns":12}],"seed_played":"7412405848082693382","potions_obtained":[{"floor":6.0,"key":"Energy Potion"},{"floor":8.0,"key":"Swift Potion"},{"floor":16.0,"key":"GhostInAJar"},{"floor":44,"key":"EssenceOfSteel"},{"floor":47,"key":"Poison Potion"}],"is_trial":false,"path_per_floor":["M","M","$","?","?","E","M","M","T","R","E","R","M","M","R","B",null,"M","?","M","M","?","R","E","?","T","M","T","E","R","M","R","B",null,"M","M","$","M","?","R","E","R","T","M","R","E","M","$","R","B",null],"character_chosen":"THE_SILENT","items_purchased":["Noxious Fumes","FossilizedHelix","GamblersBrew"],"campfire_rested":4,"item_purchase_floors":[3,37,48],"current_hp_per_floor":[63,63,63,60,53,53,47,35,35,70,47,47,35,31,31,17,57,31,31,29,25,9,45,35,35,35,33,33,20,56,49,49,21,58,38,29,29,28,28,64,64,64,64,64,64,64,63,63,63,29],"gold":282,"neow_bonus":"THREE_ENEMY_KILL","is_prod":false,"is_daily":false,"chose_seed":false,"campfire_upgraded":6,"win_rate":0,"timestamp":1564909454,"path_taken":["M","M","$","?","?","E","M","M","T","R","E","R","M","M","R","BOSS","M","?","M","M","?","R","E","?","T","?","?","E","R","M","R","BOSS","M","M","$","M","?","R","E","R","T","M","R","E","M","$","R","BOSS"],"build_version":"2019-07-18","purchased_purges":2,"victory":true,"max_hp_per_floor":[70,70,70,70,70,70,70,70,70,70,70,70,70,70,70,70,70,70,70,70,70,70,70,70,70,70,70,70,70,70,70,70,70,70,70,70,70,70,70,70,70,70,70,70,70,70,70,70,70,70],"card_choices":[{"not_picked":["Tactician","Underhanded Strike"],"picked":"Acrobatics","floor":1.0},{"not_picked":["Expertise","Quick Slash"],"picked":"Sucker Punch","floor":2.0},{"not_picked":["Cloak And Dagger","Flechettes"],"picked":"Catalyst","floor":6.0},{"not_picked":["Quick Slash","Flying Knee"],"picked":"Deadly Poison","floor":7.0},{"not_picked":["Acrobatics","Quick Slash"],"picked":"Calculated Gamble","floor":8.0},{"not_picked":["Choke","Dodge and Roll"],"picked":"Footwork","floor":11.0},{"not_picked":["Bane","Dagger Throw","Deadly Poison"],"picked":"SKIP","floor":13.0},{"not_picked":["Distraction","Poisoned Stab","Dagger Spray"],"picked":"SKIP","floor":14.0},{"not_picked":["Storm of Steel","Tools of the Trade"],"picked":"Malaise","floor":16.0},{"not_picked":["Masterful Stab","Choke"],"picked":"Prepared","floor":18.0},{"not_picked":["Underhanded Strike","Terror","Dagger Spray"],"picked":"SKIP","floor":20.0},{"not_picked":["Deflect","Concentrate"],"picked":"PiercingWail","floor":21.0},{"not_picked":["Unload","Cloak And Dagger"],"picked":"Catalyst","floor":24.0},{"not_picked":["Slice","Deflect"],"picked":"Calculated Gamble+1","floor":27.0},{"not_picked":["Acrobatics","Choke","Noxious Fumes"],"picked":"SKIP","floor":29.0},{"not_picked":["Acrobatics","Choke"],"picked":"Noxious Fumes","floor":29.0},{"not_picked":["Poisoned Stab","Acrobatics"],"picked":"Dodge and Roll","floor":31.0},{"not_picked":["Glass Knife","Doppelganger"],"picked":"Adrenaline","floor":33.0},{"not_picked":["Underhanded Strike","Deflect","All Out Attack"],"picked":"SKIP","floor":35},{"not_picked":["Deflect+1","Prepared+1","Bane+1"],"picked":"SKIP","floor":36},{"not_picked":["Concentrate","Caltrops"],"picked":"Acrobatics","floor":38},{"not_picked":["Deflect","Phantasmal Killer"],"picked":"Dash","floor":39},{"not_picked":["Outmaneuver+1","Quick Slash"],"picked":"Catalyst+1","floor":41},{"not_picked":["Dodge and Roll","Concentrate"],"picked":"Acrobatics","floor":44},{"not_picked":["Bane+1","Phantasmal Killer"],"picked":"Crippling Poison","floor":46},{"not_picked":["Skewer+1","Masterful Stab+1"],"picked":"Acrobatics","floor":47}],"player_experience":367390,"relics_obtained":[{"floor":6.0,"key":"The Courier"},{"floor":9.0,"key":"Regal Pillow"},{"floor":11.0,"key":"Happy Flower"},{"floor":22.0,"key":"Nilry\u0027s Codex"},{"floor":24.0,"key":"PreservedInsect"},{"floor":26.0,"key":"Pen Nib"},{"floor":28.0,"key":"Ancient Tea Set"},{"floor":29.0,"key":"Mummified Hand"},{"floor":39,"key":"Unceasing Top"},{"floor":41,"key":"Pantograph"},{"floor":43,"key":"Omamori"},{"floor":46,"key":"War Paint"}],"event_choices":[{"damage_healed":0.0,"max_hp_gain":0.0,"max_hp_loss":0.0,"gold_gain":0.0,"event_name":"Scrap Ooze","player_choice":"Success","floor":4.0,"gold_loss":0.0,"damage_taken":3.0,"relics_obtained":["Bag of Marbles"]},{"cards_removed":["Strike_G"],"damage_healed":0.0,"max_hp_gain":0.0,"max_hp_loss":0.0,"gold_gain":0.0,"event_name":"Golden Wing","player_choice":"Card Removal","floor":5.0,"gold_loss":0.0,"damage_taken":7.0},{"damage_healed":0.0,"max_hp_gain":0.0,"max_hp_loss":0.0,"gold_gain":0.0,"event_name":"Addict","player_choice":"Obtained Relic","floor":19.0,"gold_loss":85.0,"damage_taken":0.0,"relics_obtained":["Bronze Scales"]},{"damage_healed":0.0,"max_hp_gain":0.0,"max_hp_loss":0.0,"gold_gain":0.0,"event_name":"Cursed Tome","player_choice":"Obtained Book","floor":22.0,"gold_loss":0.0,"damage_taken":16.0},{"damage_healed":0.0,"max_hp_gain":0.0,"max_hp_loss":0.0,"gold_gain":100.0,"event_name":"Golden Shrine","player_choice":"Pray","floor":25.0,"gold_loss":0.0,"damage_taken":0.0},{"damage_healed":0,"gold_gain":0,"player_choice":"Fight","damage_taken":0,"max_hp_gain":0,"max_hp_loss":0,"event_name":"MindBloom","floor":39,"gold_loss":0}],"is_beta":true,"boss_relics":[{"not_picked":["Pandora\u0027s Box","Philosopher\u0027s Stone"],"picked":"Runic Pyramid"},{"not_picked":["White Beast Statue","Astrolabe"],"picked":"HoveringKite"}],"items_purged_floors":[37,48],"is_endless":false,"potions_floor_spawned":[6,8,11,16,24,29,33,35,44,47],"ascension_level":13}