{"gold_per_floor":[215,226,246,246,18,18,45,45,69,69,69,88,88,108,108,108],"floor_reached":16,"playtime":310,"items_purged":[],"score":200,"play_id":"31e450ef-5cc8-4e71-88c2-0cb6d0e4af30","local_time":"20190622212259","is_ascension_mode":true,"campfire_choices":[{"floor":6,"key":"REST"},{"floor":8,"key":"REST"},{"data":"Chaos","floor":13,"key":"SMITH"},{"data":"Hologram","floor":15,"key":"SMITH"}],"neow_cost":"NONE","seed_source_timestamp":27774207592397,"circlet_count":0,"master_deck":["AscendersBane","Strike_B","Strike_B","Strike_B","Strike_B","Defend_B","Defend_B","Defend_B","Defend_B","Zap","Dualcast","Ball Lightning","Hologram+1","Ball Lightning","Conserve Battery","Chaos+1","Sweeping Beam"],"relics":["Cracked Core","Potion Belt","Bronze Scales","Ancient Tea Set","Regal Pillow","CultistMask"],"potions_floor_usage":[7,16],"damage_taken":[{"damage":7,"enemies":"Small Slimes","floor":1,"turns":3},{"damage":1,"enemies":"2 Louse","floor":2,"turns":3},{"damage":1,"enemies":"Cultist","floor":3,"turns":3},{"damage":32,"enemies":"Gremlin Nob","floor":7,"turns":4},{"damage":9,"enemies":"Exordium Thugs","floor":12,"turns":4},{"damage":1,"enemies":"Blue Slaver","floor":14,"turns":2},{"damage":50,"enemies":"Hexaghost","floor":16,"turns":7}],"seed_played":"4665984825608292618","potions_obtained":[{"floor":14,"key":"Fire Potion"}],"is_trial":false,"path_per_floor":["M","M","M","?","$","R","E","R","T","?","?","M","R","M","R","B"],"character_chosen":"DEFECT","items_purchased":["Bronze Scales","Poison Potion"],"campfire_rested":2,"item_purchase_floors":[5,5],"current_hp_per_floor":[57,56,55,20,20,41,9,30,30,53,53,44,44,43,43,0],"gold":108,"neow_bonus":"HUNDRED_GOLD","is_prod":false,"is_daily":false,"chose_seed":false,"campfire_upgraded":2,"win_rate":0,"timestamp":1561231379,"path_taken":["M","M","M","?","$","R","E","R","T","?","?","M","R","M","R","BOSS"],"build_version":"2019-06-21","purchased_purges":0,"victory":false,"max_hp_per_floor":[71,71,71,71,71,71,71,71,71,71,71,71,71,71,71,71],"card_choices":[{"not_picked":["Beam Cell","Reinforced Body"],"picked":"Ball Lightning","floor":1},{"not_picked":["Turbo","Recycle"],"picked":"Hologram","floor":2},{"not_picked":["Steam","Beam Cell"],"picked":"Ball Lightning","floor":3},{"not_picked":["Hologram","Blizzard"],"picked":"Conserve Battery","floor":7},{"not_picked":["Gash","Go for the Eyes"],"picked":"Chaos","floor":12},{"not_picked":["Leap","Amplify"],"picked":"Sweeping Beam","floor":14}],"player_experience":1762037,"relics_obtained":[{"floor":7,"key":"Ancient Tea Set"},{"floor":9,"key":"Regal Pillow"}],"event_choices":[{"damage_healed":0,"gold_gain":0,"player_choice":"Success","damage_taken":35,"relics_obtained":["Potion Belt"],"max_hp_gain":0,"max_hp_loss":0,"event_name":"Scrap Ooze","floor":4,"gold_loss":0},{"damage_healed":23,"gold_gain":0,"player_choice":"Banana","damage_taken":0,"max_hp_gain":0,"max_hp_loss":0,"event_name":"Big Fish","floor":10,"gold_loss":0},{"damage_healed":0,"gold_gain":0,"player_choice":"Trade","damage_taken":0,"relics_obtained":["CultistMask"],"max_hp_gain":0,"max_hp_loss":0,"event_name":"FaceTrader","floor":11,"gold_loss":0}],"is_beta":true,"boss_relics":[],"items_purged_floors":[],"is_endless":false,"potions_floor_spawned":[14],"killed_by":"Hexaghost","ascension_level":20}