{"gold_per_floor":[114,128,142,152,172,499,499,514,560,575,575,608,87,52,52,148,148,164,177,194,194,204,204,238,238,238,338,350,367,367,380,380,484,484,501,520,530,530,541,541,553,553,553,553,565,565,611,611,611,611,611,611,41,72,72],"floor_reached":55,"playtime":8177,"items_purged":["Strike_R","Strike_R+1"],"score":705,"play_id":"1d6be5e1-7284-49ac-9e55-ff4c05bb77ff","local_time":"20190710144209","is_ascension_mode":false,"campfire_choices":[{"floor":7,"key":"REST"},{"floor":15,"key":"REST"},{"data":"Whirlwind","floor":23,"key":"SMITH"},{"data":"Heavy Blade","floor":25,"key":"SMITH"},{"data":"Heavy Blade","floor":30,"key":"SMITH"},{"data":"Limit Break","floor":32,"key":"SMITH"},{"data":"Flex","floor":40,"key":"SMITH"},{"data":"Shrug It Off","floor":42,"key":"SMITH"},{"floor":46,"key":"RECALL"},{"data":"Shrug It Off","floor":49,"key":"SMITH"},{"data":"Pommel Strike","floor":52,"key":"SMITH"}],"neow_cost":"NONE","seed_source_timestamp":132509970670529,"circlet_count":0,"master_deck":["Strike_R+1","Strike_R+1","Defend_R+1","Defend_R+1","Defend_R+1","Defend_R+1","Bash+1","Flex+1","Clothesline","Whirlwind+1","Spot Weakness+1","Pommel Strike+1","Shrug It Off+1","True Grit+1","Shrug It Off+1","Limit Break+1","Rampage","Pommel Strike+1","Twin Strike","Heavy Blade+1","Heavy Blade+1","Offering+1","Reaper","Flex+1","Parasite","Entrench+1","Whirlwind+1","Reaper","Shrug It Off+1"],"relics":["Burning Blood","Old Coin","Anchor","War Paint","Bag of Preparation","Pen Nib","Mark of Pain","Kunai","Pocketwatch","Ginger","Toxic Egg 2","Velvet Choker","Charon\u0027s Ashes","Lee\u0027s Waffle","Bag of Marbles"],"potions_floor_usage":[6,6,16,33],"damage_taken":[{"damage":9,"enemies":"2 Louse","floor":1,"turns":3},{"damage":10,"enemies":"Small Slimes","floor":2,"turns":3},{"damage":11,"enemies":"Jaw Worm","floor":3,"turns":4},{"damage":9,"enemies":"3 Louse","floor":4,"turns":4},{"damage":15,"enemies":"Large Slime","floor":5,"turns":7},{"damage":40,"enemies":"Lagavulin","floor":6,"turns":9},{"damage":7,"enemies":"2 Fungi Beasts","floor":8,"turns":3},{"damage":0,"enemies":"Looter","floor":10,"turns":2},{"damage":32,"enemies":"Gremlin Nob","floor":12,"turns":5},{"damage":15,"enemies":"Slime Boss","floor":16,"turns":9},{"damage":0,"enemies":"3 Byrds","floor":18,"turns":5},{"damage":6,"enemies":"2 Thieves","floor":19,"turns":4},{"damage":10,"enemies":"Centurion and Healer","floor":20,"turns":6},{"damage":18,"enemies":"Snake Plant","floor":22,"turns":5},{"damage":29,"enemies":"Book of Stabbing","floor":24,"turns":5},{"damage":3,"enemies":"Colosseum Slavers","floor":27,"turns":4},{"damage":16,"enemies":"Colosseum Nobs","floor":27,"turns":3},{"damage":0,"enemies":"Cultist and Chosen","floor":28,"turns":3},{"damage":0,"enemies":"Chosen and Byrds","floor":29,"turns":3},{"damage":3,"enemies":"3 Cultists","floor":31,"turns":4},{"damage":14,"enemies":"Automaton","floor":33,"turns":6},{"damage":8,"enemies":"3 Darklings","floor":35,"turns":3},{"damage":30,"enemies":"3 Shapes","floor":36,"turns":2},{"damage":33,"enemies":"Maw","floor":37,"turns":6},{"damage":0,"enemies":"Writhing Mass","floor":39,"turns":2},{"damage":6,"enemies":"Spire Growth","floor":41,"turns":4},{"damage":12,"enemies":"Maw","floor":45,"turns":6},{"damage":27,"enemies":"2 Orb Walkers","floor":47,"turns":3},{"damage":30,"enemies":"Awakened One","floor":50,"turns":6},{"damage":65,"enemies":"Shield and Spear","floor":54,"turns":6},{"damage":86,"enemies":"The Heart","floor":55,"turns":3}],"seed_played":"-2865051504138695769","potions_obtained":[{"floor":2,"key":"Ancient Potion"},{"floor":5,"key":"PowerPotion"},{"floor":6,"key":"SpeedPotion"},{"floor":10,"key":"Ancient Potion"},{"floor":16,"key":"GamblersBrew"},{"floor":20,"key":"LiquidBronze"},{"floor":24,"key":"Regen Potion"},{"floor":27,"key":"PowerPotion"},{"floor":39,"key":"BloodPotion"}],"is_trial":false,"path_per_floor":["M","M","M","M","M","E","R","M","T","M","?","E","$","?","R","B",null,"M","M","M","?","M","R","E","R","T","?","M","M","R","M","R","B",null,"M","M","M","?","M","R","M","R","T","?","M","R","?","?","R","B",null,"R","$","E","B"],"character_chosen":"IRONCLAD","items_purchased":["Limit Break","Rampage","Bag of Preparation","Pen Nib","Reaper","Shrug It Off+1","Lee\u0027s Waffle","SteroidPotion","FairyPotion"],"campfire_rested":2,"item_purchase_floors":[13,13,13,13,53,53,53,53,53],"current_hp_per_floor":[77,73,68,65,56,22,46,45,45,51,44,18,18,38,62,53,80,80,80,76,76,64,64,41,41,41,34,40,46,46,49,49,56,80,78,56,33,33,39,39,39,39,39,39,51,51,65,65,65,61,76,76,83,47,0],"gold":72,"neow_bonus":"UPGRADE_CARD","is_prod":false,"is_daily":false,"chose_seed":false,"campfire_upgraded":8,"win_rate":0,"timestamp":1562784129,"path_taken":["M","M","M","M","M","E","R","M","T","M","?","E","$","?","R","BOSS","M","M","M","?","M","R","E","R","T","?","M","M","R","M","R","BOSS","M","M","M","?","M","R","M","R","T","?","M","R","?","?","R","BOSS","R","$","E","BOSS"],"build_version":"2019-07-05","purchased_purges":2,"victory":false,"max_hp_per_floor":[80,80,80,80,80,80,80,80,80,80,80,80,80,80,80,80,80,80,80,80,80,80,80,80,80,80,80,80,80,80,80,80,80,80,80,80,80,80,80,80,80,80,80,80,80,80,80,76,76,76,76,76,83,83,83],"card_choices":[{"not_picked":["Anger","Clash"],"picked":"Flex","floor":1},{"not_picked":["Thunderclap","Hemokinesis"],"picked":"Clothesline","floor":2},{"not_picked":["Shrug It Off","Rupture"],"picked":"Whirlwind","floor":3},{"not_picked":["Blood for Blood","Seeing Red","Armaments"],"picked":"SKIP","floor":4},{"not_picked":["Flex","Armaments"],"picked":"Spot Weakness","floor":5},{"not_picked":["Cleave","Seeing Red"],"picked":"Pommel Strike","floor":6},{"not_picked":["Uppercut","Warcry"],"picked":"Shrug It Off","floor":8},{"not_picked":["Seeing Red","Thunderclap"],"picked":"True Grit","floor":10},{"not_picked":["Pommel Strike","Uppercut"],"picked":"Shrug It Off","floor":12},{"not_picked":["Clothesline","Ghostly Armor"],"picked":"Pommel Strike+1","floor":18},{"not_picked":["Feel No Pain","Iron Wave","Metallicize"],"picked":"SKIP","floor":19},{"not_picked":["Power Through+1","True Grit","Cleave"],"picked":"SKIP","floor":20},{"not_picked":["Anger","Armaments"],"picked":"Twin Strike","floor":22},{"not_picked":["Twin Strike","Sword Boomerang+1"],"picked":"Heavy Blade","floor":24},{"not_picked":["Iron Wave+1","Twin Strike+1"],"picked":"Heavy Blade","floor":28},{"not_picked":["Seeing Red+1","Anger","Pommel Strike+1"],"picked":"SKIP","floor":29},{"not_picked":["Headbutt","Body Slam"],"picked":"Offering+1","floor":31},{"not_picked":["Bludgeon","Dark Embrace"],"picked":"Reaper","floor":33},{"not_picked":["Body Slam","Armaments+1","Twin Strike"],"picked":"SKIP","floor":35},{"not_picked":["Perfected Strike","Whirlwind"],"picked":"Inflame","floor":36},{"not_picked":["Rage+1","Body Slam"],"picked":"Flex+1","floor":37},{"not_picked":["Sever Soul+1","Headbutt+1"],"picked":"Entrench+1","floor":39},{"not_picked":["Bloodletting+1","Armaments+1","Cleave"],"picked":"SKIP","floor":41},{"not_picked":["Whirlwind","Body Slam+1","Flex+1"],"picked":"SKIP","floor":45},{"not_picked":["Second Wind+1","Flex+1"],"picked":"Whirlwind+1","floor":47},{"not_picked":["Bloodletting+1","Flex+1","Pommel Strike+1"],"picked":"SKIP","floor":54}],"player_experience":54394,"relics_obtained":[{"floor":6,"key":"Old Coin"},{"floor":9,"key":"Anchor"},{"floor":12,"key":"War Paint"},{"floor":24,"key":"Kunai"},{"floor":26,"key":"Pocketwatch"},{"floor":27,"key":"Ginger"},{"floor":27,"key":"Toxic Egg 2"},{"floor":47,"key":"Charon\u0027s Ashes"},{"floor":54,"key":"Bag of Marbles"}],"event_choices":[{"cards_removed":["Strike_R"],"damage_healed":0,"gold_gain":0,"player_choice":"Card Removal","damage_taken":7,"max_hp_gain":0,"max_hp_loss":0,"event_name":"Golden Wing","floor":11,"gold_loss":0},{"damage_healed":20,"gold_gain":0,"player_choice":"Healed","damage_taken":0,"max_hp_gain":0,"max_hp_loss":0,"event_name":"The Cleric","floor":14,"gold_loss":35},{"damage_healed":0,"gold_gain":0,"player_choice":"Simplicity","damage_taken":0,"max_hp_gain":0,"max_hp_loss":0,"event_name":"Back to Basics","floor":21,"gold_loss":0,"cards_upgraded":["Strike_R","Strike_R","Strike_R","Defend_R","Defend_R","Defend_R","Defend_R"]},{"damage_healed":0,"gold_gain":0,"player_choice":"Fight","damage_taken":0,"max_hp_gain":0,"max_hp_loss":0,"event_name":"Colosseum","floor":27,"gold_loss":0},{"damage_healed":0,"gold_gain":0,"player_choice":"Fought Nobs","damage_taken":0,"max_hp_gain":0,"max_hp_loss":0,"event_name":"Colosseum","floor":27,"gold_loss":0},{"damage_healed":0,"gold_gain":0,"player_choice":"Ignored","damage_taken":0,"max_hp_gain":0,"max_hp_loss":0,"event_name":"Tomb of Lord Red Mask","floor":38,"gold_loss":0},{"cards_removed":["Inflame"],"damage_healed":0,"gold_gain":0,"player_choice":"Removed Power","damage_taken":0,"max_hp_gain":0,"max_hp_loss":0,"event_name":"Falling","floor":44,"gold_loss":0},{"damage_healed":0,"gold_gain":0,"player_choice":"Fight","damage_taken":0,"max_hp_gain":0,"max_hp_loss":0,"event_name":"Mysterious Sphere","floor":47,"gold_loss":0},{"damage_healed":0,"gold_gain":0,"player_choice":"Max HP","damage_taken":0,"max_hp_gain":0,"max_hp_loss":4,"event_name":"Winding Halls","floor":48,"gold_loss":0}],"is_beta":false,"boss_relics":[{"not_picked":["Eternal Feather","Coffee Dripper"],"picked":"Mark of Pain"},{"not_picked":["Calling Bell","Busted Crown"],"picked":"Velvet Choker"}],"items_purged_floors":[13,53],"is_endless":false,"potions_floor_spawned":[2,5,6,10,16,20,24,27,27,29,39,45,47],"killed_by":"The Heart","ascension_level":0}