{"gold_per_floor":[210,190,208,1,16,44,61,61,114,154,185,224,255,287,299,311],"floor_reached":16,"playtime":1014,"items_purged":[],"score":248,"play_id":"38e40434-b365-4454-8b19-4ba7694e32d7","local_time":"20190802143035","is_ascension_mode":true,"campfire_choices":[{"floor":8.0,"key":"REST"},{"floor":15.0,"key":"REST"}],"neow_cost":"NONE","seed_source_timestamp":44175618254300,"circlet_count":0,"master_deck":["AscendersBane","Strike_G","Strike_G","Strike_G","Strike_G","Strike_G","Defend_G","Defend_G","Defend_G","Defend_G","Defend_G","Survivor","Neutralize","Flying Knee","Sucker Punch","Backstab","Deadly Poison","Quick Slash","Cloak And Dagger","Burst","Flechettes","Choke+1","Footwork","Footwork"],"special_seed":0,"relics":["Ring of the Snake","PreservedInsect","The Courier","MawBank","Snake Skull","Molten Egg 2"],"potions_floor_usage":[16,16],"damage_taken":[{"damage":0.0,"enemies":"Small Slimes","floor":1.0,"turns":5.0},{"damage":1.0,"enemies":"Cultist","floor":3.0,"turns":4.0},{"damage":1.0,"enemies":"Jaw Worm","floor":5.0,"turns":2.0},{"damage":15.0,"enemies":"Lagavulin","floor":6.0,"turns":5.0},{"damage":13.0,"enemies":"Exordium Thugs","floor":7.0,"turns":4.0},{"damage":8.0,"enemies":"Gremlin Nob","floor":10.0,"turns":3.0},{"damage":0.0,"enemies":"3 Louse","floor":11.0,"turns":2.0},{"damage":11.0,"enemies":"Lagavulin","floor":12.0,"turns":5.0},{"damage":1.0,"enemies":"Blue Slaver","floor":13.0,"turns":3.0},{"damage":5.0,"enemies":"Gremlin Gang","floor":14.0,"turns":5.0},{"damage":44,"enemies":"Slime Boss","floor":16,"turns":7}],"seed_played":"7164349092392686488","potions_obtained":[{"floor":1.0,"key":"LiquidBronze"},{"floor":2.0,"key":"FairyPotion"},{"floor":5.0,"key":"GhostInAJar"},{"floor":7.0,"key":"Weak Potion"},{"floor":10.0,"key":"Block Potion"},{"floor":14.0,"key":"Swift Potion"}],"is_trial":false,"path_per_floor":["M","?","M","$","M","E","M","R","T","E","M","E","M","M","R","B"],"character_chosen":"THE_SILENT","items_purchased":["PreservedInsect","Backstab"],"campfire_rested":2,"item_purchase_floors":[4,4],"current_hp_per_floor":[59,59,58,58,57,42,29,48,48,40,40,29,28,23,42,0],"gold":311,"neow_bonus":"HUNDRED_GOLD","is_prod":false,"is_daily":false,"chose_seed":false,"campfire_upgraded":0,"win_rate":0,"timestamp":1564781435,"path_taken":["M","?","M","$","M","E","M","R","T","E","M","E","M","?","R","BOSS"],"build_version":"2019-07-17","purchased_purges":0,"victory":false,"max_hp_per_floor":[66,66,66,66,66,66,66,66,66,66,66,66,66,66,66,66],"card_choices":[{"not_picked":["Infinite Blades","Prepared"],"picked":"Flying Knee","floor":1.0},{"not_picked":["Eviscerate","Bane"],"picked":"Sucker Punch","floor":3.0},{"not_picked":["Terror","Expertise"],"picked":"Deadly Poison","floor":5.0},{"not_picked":["Terror","Concentrate"],"picked":"Quick Slash","floor":6.0},{"not_picked":["Deflect","Sucker Punch"],"picked":"Cloak And Dagger","floor":7.0},{"not_picked":["Dagger Throw","Deflect"],"picked":"Burst","floor":10.0},{"not_picked":["Prepared","Acrobatics"],"picked":"Flechettes","floor":11.0},{"not_picked":["Cloak And Dagger","Prepared"],"picked":"Choke","floor":12.0},{"not_picked":["Cloak And Dagger","Slice+1"],"picked":"Footwork","floor":13.0},{"not_picked":["Riddle With Holes+1","Concentrate"],"picked":"Footwork","floor":14.0}],"player_experience":1162877,"relics_obtained":[{"floor":6.0,"key":"The Courier"},{"floor":9.0,"key":"MawBank"},{"floor":10.0,"key":"Snake Skull"},{"floor":12.0,"key":"Molten Egg 2"}],"event_choices":[{"damage_healed":0.0,"max_hp_gain":0.0,"max_hp_loss":0.0,"gold_gain":0.0,"event_name":"The Woman in Blue","player_choice":"Bought 1 Potion","floor":2.0,"gold_loss":0.0,"damage_taken":0.0}],"is_beta":false,"boss_relics":[],"items_purged_floors":[],"is_endless":false,"potions_floor_spawned":[1,5,7,10,14],"killed_by":"Slime Boss","ascension_level":20}