{"gold_per_floor":[17,17,32,32,32,64,64,84,84,84,102,102],"floor_reached":12,"playtime":298,"items_purged":[],"score":156,"play_id":"d07b653c-f965-4806-968e-d5658d42a162","local_time":"20190810032651","is_ascension_mode":true,"campfire_choices":[{"data":"Sunder","floor":7.0,"key":"SMITH"},{"data":"Biased Cognition","floor":10.0,"key":"SMITH"}],"neow_cost":"NO_GOLD","seed_source_timestamp":12287688700418,"circlet_count":0,"master_deck":["AscendersBane","Strike_B","Strike_B","Strike_B","Strike_B","Defend_B","Defend_B","Defend_B","Defend_B","Zap","Dualcast","Biased Cognition","Sunder+1","Biased Cognition+1","Chill","Conserve Battery"],"special_seed":0,"relics":["Cracked Core","Ginger","Meat on the Bone","Bottled Tornado"],"potions_floor_usage":[12],"damage_taken":[{"damage":5.0,"enemies":"2 Louse","floor":1.0,"turns":3.0},{"damage":1.0,"enemies":"Cultist","floor":3.0,"turns":4.0},{"damage":40.0,"enemies":"Lagavulin","floor":6.0,"turns":8.0},{"damage":4.0,"enemies":"Jaw Worm","floor":8.0,"turns":4.0},{"damage":14.0,"enemies":"Red Slaver","floor":11.0,"turns":2.0},{"damage":32,"enemies":"Gremlin Nob","floor":12,"turns":3}],"seed_played":"-7446783306784132404","potions_obtained":[{"floor":1.0,"key":"AttackPotion"}],"is_trial":false,"path_per_floor":["M","?","M","?","?","E","R","M","T","R","M","E"],"character_chosen":"DEFECT","items_purchased":[],"campfire_rested":0,"item_purchase_floors":[],"current_hp_per_floor":[59,71,70,75,64,24,24,32,32,32,30,0],"gold":102,"neow_bonus":"THREE_RARE_CARDS","is_prod":false,"is_daily":false,"chose_seed":false,"campfire_upgraded":2,"win_rate":0,"timestamp":1565400411,"path_taken":["M","?","?","?","?","E","R","M","T","R","M","E"],"build_version":"2019-07-18","purchased_purges":0,"victory":false,"max_hp_per_floor":[71,71,71,76,76,76,76,76,76,76,76,76],"card_choices":[{"not_picked":["Seek","Creative AI"],"picked":"Biased Cognition","floor":0.0},{"not_picked":["Streamline","Leap"],"picked":"Sunder","floor":1.0},{"not_picked":["Rebound","Beam Cell"],"picked":"Sunder","floor":3.0},{"not_picked":["Cold Snap","Scrape"],"picked":"Biased Cognition","floor":6.0},{"not_picked":["Rip and Tear","Blizzard"],"picked":"Chill","floor":8.0},{"not_picked":["Ball Lightning","Turbo"],"picked":"Conserve Battery","floor":11.0}],"player_experience":1972561,"relics_obtained":[{"floor":6.0,"key":"Meat on the Bone"},{"floor":9.0,"key":"Bottled Tornado"}],"event_choices":[{"cards_removed":["Sunder"],"damage_healed":12.0,"max_hp_gain":0.0,"max_hp_loss":0.0,"gold_gain":0.0,"event_name":"Bonfire Elementals","player_choice":"Offered Uncommon","floor":2.0,"gold_loss":0.0,"damage_taken":0.0},{"damage_healed":0.0,"max_hp_gain":5.0,"max_hp_loss":0.0,"gold_gain":0.0,"event_name":"Big Fish","player_choice":"Donut","floor":4.0,"gold_loss":0.0,"damage_taken":0.0},{"damage_healed":0.0,"max_hp_gain":0.0,"max_hp_loss":0.0,"gold_gain":0.0,"event_name":"Scrap Ooze","player_choice":"Success","floor":5.0,"gold_loss":0.0,"damage_taken":11.0,"relics_obtained":["Ginger"]}],"is_beta":true,"boss_relics":[],"items_purged_floors":[],"is_endless":false,"potions_floor_spawned":[1],"killed_by":"Gremlin Nob","ascension_level":20}