{"gold_per_floor":[114,129,141,52,71,71,106,106,130,130,130,26,0,13,13,88,88,0,0,0,0,12,12,12],"floor_reached":24,"playtime":578,"items_purged":["Strike_G"],"score":409,"play_id":"a9f37990-cd8c-48a2-83c5-924cc9f685e0","local_time":"20190802014845","is_ascension_mode":true,"campfire_choices":[{"data":"Night Terror","floor":6.0,"key":"SMITH"},{"data":"Noxious Fumes","floor":8.0,"key":"SMITH"},{"data":"Doppelganger","floor":11.0,"key":"SMITH"},{"floor":15.0,"key":"REST"},{"data":"Bullet Time","floor":23.0,"key":"SMITH"}],"neow_cost":"NONE","seed_source_timestamp":0,"circlet_count":0,"master_deck":["AscendersBane","Defend_G","Defend_G","Defend_G","Defend_G","Defend_G","Survivor","Neutralize","Bane","Tactician","Noxious Fumes+1","Night Terror+1","Doppelganger+1","Acrobatics","Bullet Time+1","Bite","Bite","Bite","Bite","Bite","Concentrate"],"special_seed":0,"relics":["Black Star","Orichalcum","Smiling Mask","Dream Catcher","Eternal Feather"],"potions_floor_usage":[],"damage_taken":[{"damage":0.0,"enemies":"2 Louse","floor":1.0,"turns":4.0},{"damage":0.0,"enemies":"Small Slimes","floor":2.0,"turns":5.0},{"damage":6.0,"enemies":"Jaw Worm","floor":3.0,"turns":6.0},{"damage":8.0,"enemies":"Blue Slaver","floor":5.0,"turns":5.0},{"damage":35.0,"enemies":"Lagavulin","floor":7.0,"turns":10.0},{"damage":6.0,"enemies":"Exordium Wildlife","floor":14.0,"turns":6.0},{"damage":21.0,"enemies":"Slime Boss","floor":16.0,"turns":10.0},{"damage":27.0,"enemies":"2 Thieves","floor":18.0,"turns":5.0},{"damage":23.0,"enemies":"Chosen","floor":22.0,"turns":6.0},{"damage":41,"enemies":"Gremlin Leader","floor":24,"turns":3}],"seed_played":"5011957722806755832","potions_obtained":[{"floor":2.0,"key":"Dexterity Potion"},{"floor":3.0,"key":"Energy Potion"},{"floor":14.0,"key":"Strength Potion"}],"is_trial":false,"path_per_floor":["M","M","M","$","M","R","E","R","T","?","R","$","?","M","R","B",null,"M","?","?","?","M","R","E"],"character_chosen":"THE_SILENT","items_purchased":["Noxious Fumes","Acrobatics"],"campfire_rested":1,"item_purchase_floors":[4,12],"current_hp_per_floor":[59,59,53,53,45,45,10,10,10,10,10,10,10,4,23,2,50,23,23,12,12,3,15,0],"gold":12,"neow_bonus":"BOSS_RELIC","is_prod":false,"is_daily":false,"chose_seed":false,"campfire_upgraded":4,"win_rate":0,"timestamp":1564678125,"path_taken":["M","M","M","$","M","R","E","R","T","?","R","$","?","M","R","BOSS","M","?","?","?","M","R","E"],"build_version":"2019-07-17","purchased_purges":1,"victory":false,"max_hp_per_floor":[66,66,66,66,66,66,66,66,66,66,66,66,66,66,66,66,66,66,46,51,51,51,51,51],"card_choices":[{"not_picked":["Sucker Punch","Bane","Cloak And Dagger"],"picked":"SKIP","floor":1.0},{"not_picked":["Sucker Punch","Cloak And Dagger"],"picked":"Bane","floor":1.0},{"not_picked":["Heel Hook","Dagger Spray","Cloak And Dagger"],"picked":"SKIP","floor":2.0},{"not_picked":["Blade Dance","Dagger Spray"],"picked":"Tactician","floor":3.0},{"not_picked":["Blade Dance","Caltrops"],"picked":"Night Terror","floor":5.0},{"not_picked":["Dagger Throw","Skewer"],"picked":"Doppelganger","floor":7.0},{"not_picked":["Backflip","Prepared","Flying Knee"],"picked":"SKIP","floor":14.0},{"not_picked":["Doppelganger","Storm of Steel"],"picked":"Bullet Time","floor":16.0},{"not_picked":["Outmaneuver","Deadly Poison","Deflect"],"picked":"SKIP","floor":18.0},{"not_picked":["Eviscerate","Skewer"],"picked":"Concentrate","floor":22.0}],"player_experience":726103,"relics_obtained":[{"floor":7.0,"key":"Orichalcum"},{"floor":7.0,"key":"Smiling Mask"},{"floor":9.0,"key":"Dream Catcher"}],"event_choices":[{"damage_healed":0.0,"max_hp_gain":0.0,"max_hp_loss":0.0,"gold_gain":0.0,"event_name":"Dead Adventurer","player_choice":"Searched \u00270\u0027 times","floor":10.0,"gold_loss":0.0,"damage_taken":0.0},{"damage_healed":0.0,"max_hp_gain":0.0,"max_hp_loss":0.0,"gold_gain":0.0,"event_name":"World of Goop","player_choice":"Left Gold","floor":13.0,"gold_loss":26.0,"damage_taken":0.0},{"damage_healed":0.0,"max_hp_gain":0.0,"max_hp_loss":20.0,"gold_gain":0.0,"event_name":"Vampires","player_choice":"Became a vampire","floor":19.0,"gold_loss":0.0,"damage_taken":0.0,"cards_obtained":["Bite","Bite","Bite","Bite","Bite"]},{"damage_healed":0.0,"max_hp_gain":5.0,"max_hp_loss":0.0,"gold_gain":0.0,"event_name":"Forgotten Altar","player_choice":"Shed Blood","floor":20.0,"gold_loss":0.0,"damage_taken":16.0},{"damage_healed":0.0,"max_hp_gain":0.0,"max_hp_loss":0.0,"gold_gain":0.0,"event_name":"The Mausoleum","player_choice":"Ignored","floor":21.0,"gold_loss":0.0,"damage_taken":0.0}],"is_beta":false,"boss_relics":[{"not_picked":["Ectoplasm","Calling Bell"],"picked":"Eternal Feather"}],"items_purged_floors":[12],"is_endless":false,"potions_floor_spawned":[2,3,14],"killed_by":"Gremlin Leader","ascension_level":20}