{"gold_per_floor":[114,34,34,47,47,76,89,107,107,107,125,152,152,177,177,177],"floor_reached":16,"playtime":1060,"items_purged":[],"score":261,"play_id":"1f2aa334-82f1-4df8-ad9f-614b3630bb68","local_time":"20190806200734","is_ascension_mode":true,"campfire_choices":[{"data":"Neutralize","floor":10,"key":"SMITH"},{"data":"Riddle With Holes","floor":13,"key":"SMITH"},{"data":"Deadly Poison","floor":15,"key":"SMITH"}],"neow_cost":"NONE","seed_source_timestamp":674031935435736,"circlet_count":0,"master_deck":["AscendersBane","Strike_G","Strike_G","Strike_G","Strike_G","Defend_G","Defend_G","Defend_G","Defend_G","Defend_G","Survivor","Neutralize+1","Dagger Throw","Well Laid Plans","Backflip","Cloak And Dagger","PiercingWail","Catalyst","Deadly Poison+1","Riddle With Holes+1","Bullet Time"],"relics":["Ring of the Snake","NeowsBlessing","FossilizedHelix","Unceasing Top","Bottled Tornado","Regal Pillow"],"potions_floor_usage":[],"damage_taken":[{"damage":0,"enemies":"Cultist","floor":1,"turns":1},{"damage":0,"enemies":"2 Louse","floor":4,"turns":1},{"damage":0,"enemies":"Gremlin Nob","floor":6,"turns":1},{"damage":2,"enemies":"Jaw Worm","floor":7,"turns":4},{"damage":0,"enemies":"Blue Slaver","floor":8,"turns":5},{"damage":0,"enemies":"3 Louse","floor":11,"turns":4},{"damage":14,"enemies":"3 Sentries","floor":12,"turns":13},{"damage":25,"enemies":"Lagavulin","floor":14,"turns":7},{"damage":20,"enemies":"Hexaghost","floor":16,"turns":8}],"seed_played":"-5968959021725366546","potions_obtained":[{"floor":4,"key":"EssenceOfSteel"},{"floor":12,"key":"FearPotion"}],"is_trial":false,"path_per_floor":["M","$","?","M","?","E","M","M","T","R","M","E","R","E","R","B"],"character_chosen":"THE_SILENT","items_purchased":["Well Laid Plans"],"campfire_rested":0,"item_purchase_floors":[2],"current_hp_per_floor":[59,59,59,59,59,59,57,57,57,57,57,43,43,18,18,0],"gold":177,"neow_bonus":"THREE_ENEMY_KILL","is_prod":false,"is_daily":false,"chose_seed":false,"campfire_upgraded":3,"win_rate":0,"timestamp":1565147254,"path_taken":["M","?","?","?","?","E","M","M","T","R","M","E","R","E","R","BOSS"],"build_version":"2019-07-18","purchased_purges":0,"victory":false,"max_hp_per_floor":[66,66,66,66,66,66,66,66,66,66,66,66,66,66,66,66],"card_choices":[{"not_picked":["Quick Slash","Acrobatics"],"picked":"Dagger Throw","floor":1},{"not_picked":["Deflect","Blade Dance"],"picked":"Backflip","floor":4},{"not_picked":["Expertise","Prepared"],"picked":"Cloak And Dagger","floor":6},{"not_picked":["Blade Dance","Concentrate"],"picked":"PiercingWail","floor":7},{"not_picked":["PiercingWail","Quick Slash"],"picked":"Catalyst","floor":8},{"not_picked":["Sucker Punch","Storm of Steel"],"picked":"Deadly Poison","floor":11},{"not_picked":["Distraction","Outmaneuver"],"picked":"Riddle With Holes","floor":12},{"not_picked":["Endless Agony","Concentrate"],"picked":"Bullet Time","floor":14}],"player_experience":385176,"relics_obtained":[{"floor":6,"key":"FossilizedHelix"},{"floor":9,"key":"Unceasing Top"},{"floor":12,"key":"Bottled Tornado"},{"floor":14,"key":"Regal Pillow"}],"event_choices":[{"cards_removed":["Strike_G"],"damage_healed":0,"gold_gain":0,"player_choice":"Purged","damage_taken":0,"max_hp_gain":0,"max_hp_loss":0,"event_name":"Purifier","floor":3,"gold_loss":0},{"damage_healed":0,"gold_gain":0,"player_choice":"Ignored","damage_taken":0,"max_hp_gain":0,"max_hp_loss":0,"event_name":"Liars Game","floor":5,"gold_loss":0}],"is_beta":true,"boss_relics":[],"items_purged_floors":[],"is_endless":false,"potions_floor_spawned":[4,12,14],"killed_by":"Hexaghost","ascension_level":16}