{"gold_per_floor":[117,132,132,145,161,161,202,202,202,221,221,221,260,260,260,353,353,376,396,419,9,9,9,42,42,42,42,83,102,140,154,154,252,252,266,266,6,21,39,39,80,104,127,127,163,219,259,259,259,259,259],"floor_reached":52,"playtime":2047,"items_purged":[],"score":2041,"play_id":"b9a9e8db-ed70-4b9c-9718-189d4f927605","local_time":"20190725204428","is_ascension_mode":true,"campfire_choices":[{"floor":6,"key":"REST"},{"data":"Machine Learning","floor":15,"key":"SMITH"},{"floor":23,"key":"REST"},{"floor":25,"key":"REST"},{"floor":27,"key":"REST"},{"floor":32,"key":"REST"},{"floor":40,"key":"REST"},{"floor":44,"key":"REST"},{"data":"Heatsinks","floor":49,"key":"PURGE"}],"neow_cost":"TEN_PERCENT_HP_LOSS","seed_source_timestamp":251529406603,"circlet_count":0,"master_deck":["AscendersBane","Defend_B","Defend_B","Defend_B","Zap","Dualcast","Doom and Gloom","Cold Snap","Conserve Battery","Sweeping Beam","Core Surge","Machine Learning+1","Biased Cognition","BootSequence","Chill","Electrodynamics","Capacitor","Machine Learning","Defragment","Seek","Lockon+1","Meteor Strike+1","Thunder Strike+1","Panacea","Coolheaded+1","Auto Shields","Storm+1","Glacier+1"],"relics":["Cracked Core","Golden Idol","Omamori","Nunchaku","Mummified Hand","Orichalcum","Singing Bowl","Question Card","Fusion Hammer","Pantograph","Shuriken","Letter Opener","Potion Belt","Bottled Flame","Astrolabe","WarpedTongs","Vajra","Centennial Puzzle","Art of War","Torii","Peace Pipe","Pear"],"potions_floor_usage":[7,13,16,24,28,30,41,50,50,50],"damage_taken":[{"damage":2,"enemies":"Jaw Worm","floor":1,"turns":4},{"damage":0,"enemies":"2 Louse","floor":2,"turns":1},{"damage":10,"enemies":"Small Slimes","floor":4,"turns":3},{"damage":14,"enemies":"Gremlin Gang","floor":5,"turns":7},{"damage":8,"enemies":"Lagavulin","floor":7,"turns":7},{"damage":1,"enemies":"2 Fungi Beasts","floor":10,"turns":3},{"damage":4,"enemies":"Gremlin Nob","floor":13,"turns":4},{"damage":45,"enemies":"Slime Boss","floor":16,"turns":13},{"damage":0,"enemies":"Chosen","floor":18,"turns":3},{"damage":6,"enemies":"Spheric Guardian","floor":19,"turns":4},{"damage":14,"enemies":"Snake Plant","floor":20,"turns":4},{"damage":25,"enemies":"Slavers","floor":24,"turns":7},{"damage":13,"enemies":"Gremlin Leader","floor":28,"turns":5},{"damage":0,"enemies":"Snecko","floor":29,"turns":4},{"damage":28,"enemies":"Slavers","floor":30,"turns":4},{"damage":28,"enemies":"Chosen and Byrds","floor":31,"turns":5},{"damage":26,"enemies":"Automaton","floor":33,"turns":8},{"damage":0,"enemies":"3 Darklings","floor":35,"turns":2},{"damage":0,"enemies":"Orb Walker","floor":38,"turns":2},{"damage":15,"enemies":"4 Shapes","floor":39,"turns":6},{"damage":2,"enemies":"Reptomancer","floor":41,"turns":6},{"damage":16,"enemies":"Jaw Worm Horde","floor":42,"turns":3},{"damage":24,"enemies":"Giant Head","floor":45,"turns":6},{"damage":7,"enemies":"2 Orb Walkers","floor":46,"turns":3},{"damage":23,"enemies":"Reptomancer","floor":47,"turns":4},{"damage":73,"enemies":"Awakened One","floor":50,"turns":16},{"damage":38,"enemies":"Time Eater","floor":51,"turns":10}],"seed_played":"2932960849305920656","potions_obtained":[{"floor":5,"key":"Block Potion"},{"floor":10,"key":"Weak Potion"},{"floor":13,"key":"EssenceOfSteel"},{"floor":18,"key":"Ancient Potion"},{"floor":24,"key":"Regen Potion"},{"floor":30,"key":"Explosive Potion"},{"floor":31,"key":"SneckoOil"},{"floor":33,"key":"Swift Potion"},{"floor":35,"key":"AttackPotion"},{"floor":41,"key":"FocusPotion"}],"is_trial":false,"path_per_floor":["M","M","?","M","M","R","E","?","T","M","?","T","E","?","R","B",null,"M","M","M","$","?","R","E","R","T","R","E","M","E","M","R","B",null,"M","?","$","M","M","R","E","M","T","R","E","?","E","?","R","B","B",null],"character_chosen":"DEFECT","items_purchased":["Heatsinks","Pantograph","SkillPotion","Vajra","Panacea"],"campfire_rested":7,"item_purchase_floors":[21,21,21,37,37],"current_hp_per_floor":[62,62,58,48,34,51,43,43,43,42,24,24,20,58,58,13,47,47,43,29,29,29,47,22,40,40,58,47,47,31,3,21,20,52,54,54,54,56,41,60,58,42,42,61,39,32,21,90,90,17,4],"gold":259,"neow_bonus":"REMOVE_TWO","is_prod":false,"is_daily":false,"chose_seed":false,"campfire_upgraded":1,"win_rate":0,"timestamp":1564080268,"path_taken":["M","M","?","M","M","R","E","?","T","M","?","?","E","?","R","BOSS","M","?","M","$","?","R","E","R","T","R","E","?","E","M","R","BOSS","M","?","?","?","M","R","E","M","T","R","E","?","E","?","R","BOSS","BOSS"],"build_version":"2019-07-18","purchased_purges":0,"victory":true,"max_hp_per_floor":[64,64,58,58,58,58,58,58,58,58,58,58,58,58,58,58,58,58,60,60,60,60,60,60,60,60,60,62,62,62,62,62,62,62,64,64,64,66,66,66,66,66,66,66,68,68,80,90,90,90,90],"card_choices":[{"not_picked":["Compile Driver","Go for the Eyes"],"picked":"Doom and Gloom","floor":1},{"not_picked":["Redo","Gash"],"picked":"Cold Snap","floor":2},{"not_picked":["White Noise","Go for the Eyes"],"picked":"Conserve Battery","floor":4},{"not_picked":["Gash","Steam Power"],"picked":"Sweeping Beam","floor":5},{"not_picked":["Hello World","Static Discharge","Turbo"],"picked":"SKIP","floor":7},{"not_picked":["Storm","Gash"],"picked":"Core Surge","floor":10},{"not_picked":["Turbo","Stack"],"picked":"Machine Learning","floor":13},{"not_picked":["Seek","Buffer","Hyperbeam"],"picked":"Biased Cognition","floor":16},{"not_picked":["Hello World","Go for the Eyes","Conserve Battery"],"picked":"BootSequence","floor":18},{"not_picked":["Static Discharge","Redo","Consume","Barrage"],"picked":"Singing Bowl","floor":19},{"not_picked":["Ball Lightning","Steam+1","Streamline"],"picked":"Machine Learning","floor":20},{"not_picked":["Blizzard","Leap","Rebound"],"picked":"Electrodynamics","floor":24},{"not_picked":["Tempest","Sweeping Beam","Barrage","Ball Lightning"],"picked":"Singing Bowl","floor":28},{"not_picked":["Barrage","Darkness","Gash"],"picked":"Capacitor","floor":29},{"not_picked":["Skim","Hologram","Cold Snap"],"picked":"Machine Learning","floor":30},{"not_picked":["Steam","Self Repair","Redo"],"picked":"Defragment","floor":31},{"not_picked":["Fission","Meteor Strike","Thunder Strike"],"picked":"Seek","floor":33},{"not_picked":["BootSequence+1","Redo","Scrape+1","Rip and Tear"],"picked":"Singing Bowl","floor":35},{"not_picked":["Ball Lightning","Streamline+1","Consume","Leap+1"],"picked":"Singing Bowl","floor":38},{"not_picked":["Sweeping Beam","Aggregate","Leap"],"picked":"Coolheaded+1","floor":39},{"not_picked":["Electrodynamics","Gash+1","Cold Snap"],"picked":"Auto Shields","floor":41},{"not_picked":["Streamline+1","Go for the Eyes","Rip and Tear+1"],"picked":"Storm+1","floor":42},{"not_picked":["Turbo","Stack","Darkness","Scrape"],"picked":"Singing Bowl","floor":45},{"not_picked":["Reprogram","Loop+1","Undo"],"picked":"Glacier+1","floor":46},{"not_picked":["Electrodynamics","Sunder","Conserve Battery+1","Loop"],"picked":"Singing Bowl","floor":47}],"player_experience":1915702,"relics_obtained":[{"floor":7,"key":"Omamori"},{"floor":9,"key":"Mummified Hand"},{"floor":12,"key":"Singing Bowl"},{"floor":13,"key":"Question Card"},{"floor":24,"key":"Shuriken"},{"floor":26,"key":"Letter Opener"},{"floor":28,"key":"Potion Belt"},{"floor":30,"key":"Bottled Flame"},{"floor":41,"key":"Centennial Puzzle"},{"floor":43,"key":"Art of War"},{"floor":45,"key":"Torii"},{"floor":46,"key":"Peace Pipe"},{"floor":47,"key":"Pear"}],"event_choices":[{"damage_healed":0,"gold_gain":0,"player_choice":"Lose Max HP","damage_taken":0,"relics_obtained":["Golden Idol"],"max_hp_gain":0,"max_hp_loss":6,"event_name":"Golden Idol","floor":3,"gold_loss":0},{"damage_healed":0,"gold_gain":0,"player_choice":"Box","damage_taken":0,"relics_obtained":["Nunchaku"],"max_hp_gain":0,"max_hp_loss":0,"event_name":"Big Fish","floor":8,"gold_loss":0,"cards_obtained":["Regret"]},{"damage_healed":0,"gold_gain":0,"player_choice":"Success","damage_taken":18,"relics_obtained":["Orichalcum"],"max_hp_gain":0,"max_hp_loss":0,"event_name":"Scrap Ooze","floor":11,"gold_loss":0},{"damage_healed":38,"gold_gain":0,"player_choice":"Full Heal","damage_taken":0,"max_hp_gain":0,"max_hp_loss":0,"event_name":"Wheel of Change","floor":14,"gold_loss":0},{"damage_healed":0,"gold_gain":0,"player_choice":"1 cards matched","damage_taken":0,"max_hp_gain":0,"max_hp_loss":0,"event_name":"Match and Keep!","floor":22,"gold_loss":0,"cards_obtained":["Chill"]},{"damage_healed":0,"gold_gain":0,"player_choice":"Rummage","damage_taken":0,"relics_obtained":["WarpedTongs"],"max_hp_gain":0,"max_hp_loss":0,"event_name":"Accursed Blacksmith","floor":36,"gold_loss":0,"cards_obtained":["Pain"]},{"damage_healed":0,"gold_gain":0,"player_choice":"Fight","damage_taken":0,"max_hp_gain":0,"max_hp_loss":0,"event_name":"Mysterious Sphere","floor":46,"gold_loss":0},{"cards_removed":["Machine Learning"],"damage_healed":59,"gold_gain":0,"player_choice":"Offered Rare","damage_taken":0,"max_hp_gain":10,"max_hp_loss":0,"event_name":"Bonfire Elementals","floor":48,"gold_loss":0}],"is_beta":true,"boss_relics":[{"not_picked":["Runic Dome","Coffee Dripper"],"picked":"Fusion Hammer"},{"not_picked":["Lizard Tail","Tiny House"],"picked":"Astrolabe"}],"items_purged_floors":[],"is_endless":false,"potions_floor_spawned":[5,10,13,18,24,30,31,33,35,41,47],"ascension_level":20}