{"gold_per_floor":[17,29,29,49,49,93,112,112,136,136,172,185,16,29,29,128,128,146,61,61,79,0,0,15,59,136,155,178,214,214,229,229,319,319,334,358,358,382,50,86,111,32,107,147,147,190,204,204,204,204,204,204,204,42,86,86],"floor_reached":57,"playtime":7470,"items_purged":[],"score":3288,"play_id":"0bfeb45c-c724-4fc0-80b5-ebd1c29a2ef7","local_time":"20190803191147","is_ascension_mode":true,"campfire_choices":[{"floor":8.0,"key":"REST"},{"data":"Deadly Poison","floor":10.0,"key":"SMITH"},{"data":"Wraith Form v2","floor":15.0,"key":"SMITH"},{"data":"After Image","floor":23.0,"key":"SMITH"},{"floor":32.0,"key":"REST"},{"floor":45.0,"key":"RECALL"},{"data":"Wraith Form v2","floor":49.0,"key":"SMITH"},{"data":"Footwork","floor":53.0,"key":"SMITH"}],"neow_cost":"NO_GOLD","seed_source_timestamp":0,"circlet_count":0,"master_deck":["AscendersBane","Strike_G","Strike_G","Strike_G","Strike_G","Strike_G","Defend_G","Defend_G+1","Defend_G","Defend_G","Defend_G","Survivor","Neutralize","Slice","Dagger Throw","Deadly Poison+1","Poisoned Stab","Wraith Form v2+1","Poisoned Stab","Envenom+1","Blade Dance+1","After Image+1","Blade Dance","Concentrate","Bullet Time","PiercingWail","Calculated Gamble","Wraith Form v2+1","Concentrate","Sucker Punch+1","Noxious Fumes+1","Envenom","Footwork+1","Deflect+1","Bouncing Flask","Deflect","Malaise","Leg Sweep+1"],"special_seed":0,"relics":["Ring of the Snake","FossilizedHelix","Golden Idol","Pen Nib","Vajra","Snake Skull","Bag of Marbles","Lantern","Runic Pyramid","War Paint","Regal Pillow","Bottled Lightning","Bag of Preparation","WristBlade","Incense Burner","Centennial Puzzle","Happy Flower","Paper Crane","Pantograph"],"potions_floor_usage":[56],"damage_taken":[{"damage":0.0,"enemies":"Jaw Worm","floor":1.0,"turns":5.0},{"damage":0.0,"enemies":"Cultist","floor":2.0,"turns":5.0},{"damage":0.0,"enemies":"2 Louse","floor":4.0,"turns":2.0},{"damage":47.0,"enemies":"3 Sentries","floor":6.0,"turns":14.0},{"damage":0.0,"enemies":"Looter","floor":7.0,"turns":3.0},{"damage":0.0,"enemies":"Gremlin Nob","floor":11.0,"turns":2.0},{"damage":0.0,"enemies":"Lots of Slimes","floor":12.0,"turns":3.0},{"damage":0.0,"enemies":"Exordium Thugs","floor":14.0,"turns":2.0},{"damage":7.0,"enemies":"Slime Boss","floor":16.0,"turns":10.0},{"damage":11.0,"enemies":"3 Byrds","floor":18.0,"turns":4.0},{"damage":0.0,"enemies":"Chosen","floor":21.0,"turns":3.0},{"damage":0.0,"enemies":"Snecko","floor":24.0,"turns":3.0},{"damage":7.0,"enemies":"Slavers","floor":25.0,"turns":7.0},{"damage":9.0,"enemies":"Snake Plant","floor":27.0,"turns":4.0},{"damage":0.0,"enemies":"Sentry and Sphere","floor":28.0,"turns":6.0},{"damage":0.0,"enemies":"Book of Stabbing","floor":29.0,"turns":6.0},{"damage":0.0,"enemies":"3 Cultists","floor":31.0,"turns":4.0},{"damage":0.0,"enemies":"Collector","floor":33.0,"turns":8.0},{"damage":0.0,"enemies":"Orb Walker","floor":35.0,"turns":2.0},{"damage":0.0,"enemies":"3 Darklings","floor":36.0,"turns":7.0},{"damage":0.0,"enemies":"Sphere and 2 Shapes","floor":38.0,"turns":3.0},{"damage":0.0,"enemies":"Nemesis","floor":40.0,"turns":5.0},{"damage":0.0,"enemies":"4 Shapes","floor":41.0,"turns":5.0},{"damage":0.0,"enemies":"Giant Head","floor":44.0,"turns":8.0},{"damage":0.0,"enemies":"Nemesis","floor":46.0,"turns":7.0},{"damage":0.0,"enemies":"Transient","floor":47.0,"turns":6.0},{"damage":16.0,"enemies":"Donu and Deca","floor":50.0,"turns":11.0},{"damage":0.0,"enemies":"Time Eater","floor":51.0,"turns":11.0},{"damage":0,"enemies":"Shield and Spear","floor":55,"turns":8},{"damage":48,"enemies":"The Heart","floor":56,"turns":11}],"seed_played":"-5027381147476619129","potions_obtained":[{"floor":6.0,"key":"Ancient Potion"},{"floor":7.0,"key":"SkillPotion"},{"floor":14.0,"key":"Energy Potion"},{"floor":25.0,"key":"EntropicBrew"},{"floor":35.0,"key":"Fire Potion"},{"floor":40.0,"key":"Strength Potion"}],"is_trial":false,"path_per_floor":["M","M","?","M","?","E","M","R","T","R","E","M","$","M","R","B",null,"M","?","?","M","$","R","M","E","T","M","M","E","T","M","R","B",null,"M","M","?","M","$","E","M","$","T","E","R","E","M","?","R","B","B",null,"R","$","E","B",null],"character_chosen":"THE_SILENT","items_purchased":["Lantern","Energy Potion","Blade Dance","Incense Burner","Footwork","Malaise"],"campfire_rested":2,"item_purchase_floors":[13,22,22,39,42,54],"current_hp_per_floor":[59,59,59,59,59,12,12,30,30,30,30,30,30,30,30,23,51,40,40,40,40,40,40,40,33,33,24,24,24,24,24,57,57,59,59,59,57,57,57,57,57,57,57,57,57,57,57,57,57,41,41,53,53,53,53,9],"gold":86,"neow_bonus":"ONE_RARE_RELIC","is_prod":false,"is_daily":false,"chose_seed":false,"campfire_upgraded":5,"win_rate":0,"timestamp":1564884707,"path_taken":["M","M","?","M","?","E","?","R","T","R","E","M","$","?","R","BOSS","M","?","?","?","$","R","M","E","T","M","M","E","?","M","R","BOSS","M","M","?","M","$","E","M","$","T","E","R","E","M","?","R","BOSS","BOSS","R","$","E","BOSS"],"build_version":"2019-07-17","purchased_purges":0,"victory":true,"max_hp_per_floor":[66,66,60,60,60,60,60,60,60,60,60,60,60,60,60,60,60,60,60,60,60,60,60,60,60,60,60,60,60,60,60,60,60,60,60,60,57,57,57,57,57,57,57,57,57,57,57,57,57,57,57,57,57,57,57,57],"card_choices":[{"not_picked":["Sucker Punch","Outmaneuver"],"picked":"Slice","floor":1.0},{"not_picked":["Blade Dance","Flechettes"],"picked":"Poisoned Stab","floor":2.0},{"not_picked":["Calculated Gamble","Underhanded Strike"],"picked":"Dagger Throw","floor":4.0},{"not_picked":["Dodge and Roll","Blur"],"picked":"Deadly Poison","floor":6.0},{"not_picked":["Setup","Cloak And Dagger"],"picked":"Poisoned Stab","floor":7.0},{"not_picked":["Outmaneuver","Prepared"],"picked":"Wraith Form v2","floor":11.0},{"not_picked":["Infinite Blades","Outmaneuver","Acrobatics"],"picked":"SKIP","floor":12.0},{"not_picked":["Backflip","Acrobatics"],"picked":"Poisoned Stab","floor":14.0},{"not_picked":["Glass Knife","Storm of Steel"],"picked":"Envenom","floor":16.0},{"not_picked":["Outmaneuver","Tactician"],"picked":"Blade Dance","floor":18.0},{"not_picked":["All Out Attack","Deadly Poison"],"picked":"After Image","floor":21.0},{"not_picked":["Outmaneuver","Sucker Punch"],"picked":"Concentrate","floor":24.0},{"not_picked":["Unload","Backflip+1"],"picked":"Bullet Time","floor":25.0},{"not_picked":["Accuracy","Underhanded Strike","Caltrops"],"picked":"SKIP","floor":27.0},{"not_picked":["Blade Dance","Cloak And Dagger"],"picked":"PiercingWail","floor":28.0},{"not_picked":["Deadly Poison","Outmaneuver"],"picked":"Calculated Gamble","floor":29.0},{"not_picked":["Prepared","Cloak And Dagger","Caltrops"],"picked":"SKIP","floor":31.0},{"not_picked":["Venomology","Corpse Explosion"],"picked":"Wraith Form v2","floor":33.0},{"not_picked":["Prepared+1","Poisoned Stab"],"picked":"Concentrate","floor":35.0},{"not_picked":["Cloak And Dagger","Acrobatics"],"picked":"Sucker Punch+1","floor":36.0},{"not_picked":["Distraction","Bane","Sucker Punch"],"picked":"SKIP","floor":38.0},{"not_picked":["Cloak And Dagger+1","Underhanded Strike+1"],"picked":"Noxious Fumes+1","floor":40.0},{"not_picked":["Infinite Blades+1","Bane+1"],"picked":"Envenom","floor":41.0},{"not_picked":["Masterful Stab","Well Laid Plans"],"picked":"Deflect+1","floor":44.0},{"not_picked":["Caltrops","Dodge and Roll"],"picked":"Bouncing Flask","floor":46.0},{"not_picked":["Bouncing Flask","Slice"],"picked":"Deflect","floor":47.0},{"not_picked":["Slice","Sucker Punch"],"picked":"Leg Sweep+1","floor":55}],"player_experience":1206266,"relics_obtained":[{"floor":6.0,"key":"Vajra"},{"floor":9.0,"key":"Snake Skull"},{"floor":11.0,"key":"Bag of Marbles"},{"floor":25.0,"key":"Regal Pillow"},{"floor":26.0,"key":"Bottled Lightning"},{"floor":29.0,"key":"Bag of Preparation"},{"floor":40.0,"key":"Centennial Puzzle"},{"floor":44.0,"key":"Happy Flower"},{"floor":46.0,"key":"Paper Crane"},{"floor":55,"key":"Pantograph"}],"event_choices":[{"damage_healed":0.0,"max_hp_gain":0.0,"max_hp_loss":6.0,"gold_gain":0.0,"event_name":"Golden Idol","player_choice":"Lose Max HP","floor":3.0,"gold_loss":0.0,"damage_taken":0.0,"relics_obtained":["Golden Idol"]},{"cards_removed":["Poisoned Stab"],"damage_healed":0.0,"max_hp_gain":0.0,"max_hp_loss":0.0,"gold_gain":0.0,"event_name":"WeMeetAgain","player_choice":"Gave Card","floor":5.0,"gold_loss":0.0,"damage_taken":0.0,"relics_obtained":["Pen Nib"]},{"damage_healed":0.0,"max_hp_gain":0.0,"max_hp_loss":0.0,"gold_gain":0.0,"event_name":"Addict","player_choice":"Obtained Relic","floor":19.0,"gold_loss":85.0,"damage_taken":0.0,"relics_obtained":["War Paint"]},{"damage_healed":0.0,"max_hp_gain":0.0,"max_hp_loss":0.0,"gold_gain":0.0,"event_name":"Upgrade Shrine","player_choice":"Upgraded","floor":20.0,"gold_loss":0.0,"damage_taken":0.0,"cards_upgraded":["Envenom"]},{"damage_healed":0.0,"max_hp_gain":0.0,"max_hp_loss":3.0,"gold_gain":0.0,"event_name":"Winding Halls","player_choice":"Max HP","floor":37.0,"gold_loss":0.0,"damage_taken":0.0},{"damage_healed":0.0,"max_hp_gain":0.0,"max_hp_loss":0.0,"gold_gain":0.0,"event_name":"SensoryStone","player_choice":"Memory 1","floor":48.0,"gold_loss":0.0,"damage_taken":0.0}],"is_beta":false,"boss_relics":[{"not_picked":["Black Star","Ectoplasm"],"picked":"Runic Pyramid"},{"not_picked":["Velvet Choker","Orrery"],"picked":"WristBlade"}],"items_purged_floors":[],"is_endless":false,"potions_floor_spawned":[6,7,14,25,28,29,31,35,40,44,47],"ascension_level":20}