{"gold_per_floor":[365,540,393,405,416,445,93,109,109,109,139,114,114,141,141,236,236,247,247],"floor_reached":19,"playtime":862,"items_purged":["Doubt","Strike_B"],"score":204,"play_id":"58d44860-2398-49cb-8dab-b2c8c2601c24","local_time":"20190629012254","is_ascension_mode":true,"campfire_choices":[{"data":"Loop","floor":10,"key":"SMITH"},{"floor":13,"key":"REST"},{"floor":15,"key":"REST"}],"neow_cost":"CURSE","seed_source_timestamp":15623572757228,"circlet_count":0,"master_deck":["Strike_B","Strike_B","Strike_B","Defend_B","Defend_B","Defend_B","Defend_B","Zap","Dualcast","Injury","Sunder","Loop+1","White Noise","Creative AI+1","Buffer+1"],"relics":["Cracked Core","PreservedInsect","Frozen Egg 2","Kunai","Dream Catcher","Sozu"],"potions_floor_usage":[11],"damage_taken":[{"damage":18,"enemies":"Jaw Worm","floor":1,"turns":4},{"damage":2,"enemies":"2 Louse","floor":4,"turns":2},{"damage":6,"enemies":"Cultist","floor":5,"turns":3},{"damage":27,"enemies":"Gremlin Nob","floor":6,"turns":5},{"damage":2,"enemies":"2 Fungi Beasts","floor":8,"turns":3},{"damage":18,"enemies":"3 Sentries","floor":11,"turns":7},{"damage":10,"enemies":"Lagavulin","floor":14,"turns":4},{"damage":25,"enemies":"Slime Boss","floor":16,"turns":8},{"damage":35,"enemies":"Spheric Guardian","floor":18,"turns":6},{"damage":44,"enemies":"Colosseum Slavers","floor":19,"turns":4}],"seed_played":"-374356341950516718","potions_obtained":[{"floor":4,"key":"Swift Potion"},{"floor":14,"key":"Dexterity Potion"}],"is_trial":false,"path_per_floor":["M","?","$","M","M","E","$","M","T","R","E","?","R","E","R","B",null,"M","?"],"character_chosen":"DEFECT","items_purchased":["Loop","Frozen Egg 2"],"campfire_rested":2,"item_purchase_floors":[3,7],"current_hp_per_floor":[57,57,57,55,49,22,22,20,20,20,2,2,24,14,36,11,75,40,0],"gold":247,"neow_bonus":"TWO_FIFTY_GOLD","is_prod":false,"is_daily":false,"chose_seed":false,"campfire_upgraded":1,"win_rate":0,"timestamp":1561738974,"path_taken":["M","?","$","M","M","E","$","M","T","R","E","?","R","E","R","BOSS","M","?"],"build_version":"2019-01-23","purchased_purges":2,"victory":false,"max_hp_per_floor":[75,75,75,75,75,75,75,75,75,75,75,75,75,75,75,75,75,75,75],"card_choices":[{"not_picked":["Beam Cell","BootSequence"],"picked":"Sunder","floor":1},{"not_picked":["Sunder","Stack","Chill"],"picked":"SKIP","floor":4},{"not_picked":["Ball Lightning","Turbo","Fusion"],"picked":"SKIP","floor":5},{"not_picked":["Barrage","Electrodynamics","Tempest"],"picked":"SKIP","floor":6},{"not_picked":["Cold Snap","Force Field","Compile Driver"],"picked":"SKIP","floor":8},{"not_picked":["Sweeping Beam","Steam"],"picked":"White Noise","floor":11},{"not_picked":["Barrage","Cold Snap"],"picked":"Creative AI+1","floor":14},{"not_picked":["Electrodynamics+1","Rainbow"],"picked":"Buffer+1","floor":16},{"not_picked":["Chaos","Sunder","Barrage"],"picked":"SKIP","floor":18}],"player_experience":65367,"relics_obtained":[{"floor":6,"key":"PreservedInsect"},{"floor":11,"key":"Kunai"},{"floor":14,"key":"Dream Catcher"}],"event_choices":[{"damage_healed":0,"gold_gain":175,"player_choice":"AGREE","damage_taken":0,"max_hp_gain":0,"max_hp_loss":0,"event_name":"Liars Game","floor":2,"gold_loss":0,"cards_obtained":["Doubt"]},{"damage_healed":0,"gold_gain":0,"player_choice":"Left Gold","damage_taken":0,"max_hp_gain":0,"max_hp_loss":0,"event_name":"World of Goop","floor":12,"gold_loss":25},{"damage_healed":0,"gold_gain":0,"player_choice":"Fight","damage_taken":0,"max_hp_gain":0,"max_hp_loss":0,"event_name":"Colosseum","floor":19,"gold_loss":0}],"is_beta":false,"boss_relics":[{"not_picked":["White Beast Statue","Nuclear Battery"],"picked":"Sozu"}],"items_purged_floors":[3,7],"is_endless":false,"potions_floor_spawned":[4,14],"killed_by":"Colosseum Slavers","ascension_level":2}