{"gold_per_floor":[116,127,127,127,146,146,171,171,171,171,187,187,200,233,233,310,310,310],"floor_reached":18,"playtime":589,"items_purged":[],"score":361,"play_id":"6545e2e3-872a-4e91-bc31-656f3689f46e","local_time":"20190805173525","is_ascension_mode":true,"campfire_choices":[{"floor":6,"key":"REST"},{"data":"Zap","floor":8,"key":"SMITH"},{"data":"Dualcast","floor":12,"key":"SMITH"},{"floor":15,"key":"REST"}],"neow_cost":"NONE","seed_source_timestamp":34362967337019,"circlet_count":0,"master_deck":["AscendersBane","Zap+1","Dualcast+1","Sunder+1","Normality","Gash","Loop","Creative AI","Rip and Tear","Steam","Fusion","Force Field","Recycle","Thunder Strike","Melter","Genetic Algorithm"],"relics":["Cursed Key","StoneCalendar","Dodecahedron","NlothsMask","Orichalcum","Pandora\u0027s Box"],"potions_floor_usage":[14,14],"damage_taken":[{"damage":8,"enemies":"2 Louse","floor":1,"turns":2},{"damage":4,"enemies":"Jaw Worm","floor":2,"turns":3},{"damage":0,"enemies":"Small Slimes","floor":5,"turns":2},{"damage":0,"enemies":"3 Sentries","floor":7,"turns":5},{"damage":2,"enemies":"Red Slaver","floor":11,"turns":4},{"damage":4,"enemies":"Large Slime","floor":13,"turns":5},{"damage":29,"enemies":"Gremlin Nob","floor":14,"turns":4},{"damage":25,"enemies":"Slime Boss","floor":16,"turns":7},{"damage":64,"enemies":"Shell Parasite","floor":18,"turns":5}],"seed_played":"-4463669554732991482","potions_obtained":[{"floor":1,"key":"SpeedPotion"},{"floor":2,"key":"EssenceOfSteel"},{"floor":11,"key":"GamblersBrew"},{"floor":16,"key":"Energy Potion"}],"is_trial":false,"path_per_floor":["M","M","?","?","M","R","E","R","T","?","M","R","M","E","R","B",null,"M"],"character_chosen":"DEFECT","items_purchased":[],"campfire_rested":2,"item_purchase_floors":[],"current_hp_per_floor":[56,52,52,31,31,52,52,52,52,52,50,50,46,17,38,13,57,0],"gold":310,"neow_bonus":"BOSS_RELIC","is_prod":false,"is_daily":false,"chose_seed":false,"campfire_upgraded":2,"win_rate":0,"timestamp":1564994125,"path_taken":["M","M","?","?","M","R","E","R","T","?","M","R","M","E","R","BOSS","M"],"build_version":"2019-07-17","purchased_purges":0,"victory":false,"max_hp_per_floor":[71,71,71,71,71,71,71,71,71,71,71,71,71,71,71,71,71,71],"card_choices":[{"not_picked":["Skim","Fusion"],"picked":"Sunder","floor":1},{"not_picked":["Sweeping Beam","Rip and Tear","Rebound"],"picked":"SKIP","floor":2},{"not_picked":["Leap","Undo","Force Field"],"picked":"SKIP","floor":5},{"not_picked":["Rebound","Hello World","Sweeping Beam"],"picked":"SKIP","floor":7},{"not_picked":["Sweeping Beam","Multi-Cast"],"picked":"Gash","floor":11},{"not_picked":["Turbo","Tempest","Compile Driver"],"picked":"SKIP","floor":13},{"not_picked":["Go for the Eyes","Double Energy"],"picked":"Loop","floor":14},{"not_picked":["Thunder Strike","Buffer"],"picked":"Creative AI","floor":16}],"player_experience":244639,"relics_obtained":[{"floor":7,"key":"StoneCalendar"},{"floor":9,"key":"Dodecahedron"},{"floor":14,"key":"Orichalcum"}],"event_choices":[{"damage_healed":0,"gold_gain":0,"player_choice":"Ignored","damage_taken":0,"max_hp_gain":0,"max_hp_loss":0,"event_name":"Liars Game","floor":3,"gold_loss":0},{"damage_healed":0,"gold_gain":0,"player_choice":"Entered Light","damage_taken":21,"max_hp_gain":0,"max_hp_loss":0,"event_name":"Shining Light","floor":4,"gold_loss":0,"cards_upgraded":["Defend_B","Sunder"]},{"damage_healed":0,"gold_gain":0,"player_choice":"Trade","damage_taken":0,"relics_obtained":["NlothsMask"],"max_hp_gain":0,"max_hp_loss":0,"event_name":"FaceTrader","floor":10,"gold_loss":0}],"is_beta":false,"boss_relics":[{"not_picked":["Runic Dome","Astrolabe"],"picked":"Pandora\u0027s Box"}],"items_purged_floors":[],"is_endless":false,"potions_floor_spawned":[1,2,11,16],"killed_by":"Shell Parasite","ascension_level":17}