{"gold_per_floor":[119,131,131,0,10,10,20,20,47,73,84,84,99,79,79,79],"floor_reached":16,"playtime":495,"items_purged":["Strike_B"],"score":199,"play_id":"6ee4e5d3-aa6a-4804-9737-32dfb6a6cd7d","local_time":"20190806221221","is_ascension_mode":true,"campfire_choices":[{"data":"Defragment","floor":6,"key":"SMITH"},{"data":"Hyperbeam","floor":8,"key":"SMITH"},{"data":"Hologram","floor":12,"key":"SMITH"},{"data":"Defragment","floor":15,"key":"SMITH"}],"neow_cost":"NONE","seed_source_timestamp":46922114725707,"circlet_count":0,"master_deck":["AscendersBane","Strike_B","Strike_B","Defend_B","Defend_B","Defend_B","Defend_B","Zap","Dualcast","Hyperbeam+1","Conserve Battery","Gash","Defragment+1","Rebound","Hologram+1","Coolheaded","Defragment+1"],"relics":["Cracked Core","Orichalcum","Vajra"],"potions_floor_usage":[],"damage_taken":[{"damage":7,"enemies":"Jaw Worm","floor":1,"turns":4},{"damage":3,"enemies":"2 Louse","floor":2,"turns":2},{"damage":0,"enemies":"Cultist","floor":5,"turns":3},{"damage":6,"enemies":"Exordium Thugs","floor":7,"turns":2},{"damage":5,"enemies":"3 Sentries","floor":10,"turns":5},{"damage":5,"enemies":"Large Slime","floor":11,"turns":2},{"damage":0,"enemies":"2 Fungi Beasts","floor":13,"turns":3},{"damage":43,"enemies":"Slime Boss","floor":16,"turns":5}],"seed_played":"3587319265070337427","potions_obtained":[{"floor":1,"key":"SpeedPotion"},{"floor":7,"key":"Poison Potion"},{"floor":11,"key":"AttackPotion"},{"floor":14,"key":"Energy Potion"}],"is_trial":false,"path_per_floor":["M","M","?","$","M","R","M","R","T","E","M","R","M","?","R","B"],"character_chosen":"DEFECT","items_purchased":["Gash"],"campfire_rested":0,"item_purchase_floors":[4],"current_hp_per_floor":[57,54,54,54,54,54,48,48,48,43,38,38,38,38,38,0],"gold":79,"neow_bonus":"ONE_RANDOM_RARE_CARD","is_prod":false,"is_daily":false,"chose_seed":false,"campfire_upgraded":4,"win_rate":0,"timestamp":1565097141,"path_taken":["M","M","?","$","M","R","M","R","T","E","M","R","M","?","R","BOSS"],"build_version":"2019-07-17","purchased_purges":1,"victory":false,"max_hp_per_floor":[71,71,71,71,71,71,71,71,71,71,71,71,71,71,71,71],"card_choices":[{"not_picked":["Chaos","Darkness","Storm"],"picked":"SKIP","floor":1},{"not_picked":["Turbo","Chill"],"picked":"Conserve Battery","floor":2},{"not_picked":["Loop","Fusion"],"picked":"Defragment","floor":5},{"not_picked":["Melter","Lockon"],"picked":"Rebound","floor":7},{"not_picked":["Sweeping Beam","Chaos"],"picked":"Hologram","floor":10},{"not_picked":["Rebound","Leap"],"picked":"Coolheaded","floor":11},{"not_picked":["Leap","Melter"],"picked":"Defragment","floor":13}],"player_experience":266413,"relics_obtained":[{"floor":9,"key":"Orichalcum"},{"floor":10,"key":"Vajra"}],"event_choices":[{"cards_removed":["Strike_B"],"damage_healed":0,"gold_gain":0,"player_choice":"Forget","damage_taken":0,"max_hp_gain":0,"max_hp_loss":0,"event_name":"Living Wall","floor":3,"gold_loss":0},{"damage_healed":0,"gold_gain":0,"player_choice":"Bought 1 Potion","damage_taken":0,"max_hp_gain":0,"max_hp_loss":0,"event_name":"The Woman in Blue","floor":14,"gold_loss":0}],"is_beta":false,"boss_relics":[],"items_purged_floors":[4],"is_endless":false,"potions_floor_spawned":[1,7,11],"killed_by":"Slime Boss","ascension_level":19}