{"gold_per_floor":[117,129,140,140,158,158,83,8,8,8,8,20,20,32,32,110,110,127,127,127,142,160,160],"floor_reached":23,"playtime":488,"items_purged":["Strike_G"],"score":466,"play_id":"b0e00ea0-02d7-4e96-97cc-0ed799a6d8d4","local_time":"20190810090222","is_ascension_mode":true,"campfire_choices":[{"data":"Footwork","floor":6.0,"key":"SMITH"},{"data":"Neutralize","floor":10.0,"key":"SMITH"},{"data":"Deadly Poison","floor":15.0,"key":"SMITH"}],"neow_cost":"NONE","seed_source_timestamp":332958014788031,"circlet_count":0,"master_deck":["AscendersBane","Survivor","Neutralize+1","Escape Plan","Infinite Blades","Footwork+1","Caltrops","Deadly Poison+1","After Image","Setup","Predator","Choke","Escape Plan","Skewer","Grand Finale","Reflex","Deflect"],"special_seed":0,"relics":["Philosopher\u0027s Stone","Tough Bandages","Gremlin Horn","Pandora\u0027s Box"],"potions_floor_usage":[23,23],"damage_taken":[{"damage":7.0,"enemies":"Cultist","floor":1.0,"turns":5.0},{"damage":3.0,"enemies":"2 Louse","floor":2.0,"turns":3.0},{"damage":0.0,"enemies":"Jaw Worm","floor":3.0,"turns":3.0},{"damage":5.0,"enemies":"Looter","floor":5.0,"turns":4.0},{"damage":11.0,"enemies":"2 Fungi Beasts","floor":12.0,"turns":5.0},{"damage":13.0,"enemies":"Large Slime","floor":14.0,"turns":8.0},{"damage":0.0,"enemies":"Hexaghost","floor":16.0,"turns":9.0},{"damage":33.0,"enemies":"2 Thieves","floor":18.0,"turns":3.0},{"damage":0.0,"enemies":"Spheric Guardian","floor":21.0,"turns":3.0},{"damage":0.0,"enemies":"Centurion and Healer","floor":22.0,"turns":3.0},{"damage":34,"enemies":"Book of Stabbing","floor":23,"turns":3}],"seed_played":"3059938665513873220","potions_obtained":[{"floor":1.0,"key":"Energy Potion"},{"floor":12.0,"key":"Strength Potion"},{"floor":18.0,"key":"Energy Potion"}],"is_trial":false,"path_per_floor":["M","M","M","T","M","R","$","?","T","R","$","M","?","M","R","B",null,"M","?","?","M","M","E"],"character_chosen":"THE_SILENT","items_purchased":[],"campfire_rested":0,"item_purchase_floors":[],"current_hp_per_floor":[52,49,49,49,44,44,44,44,44,44,44,33,26,13,13,13,53,20,20,20,20,20,0],"gold":160,"neow_bonus":"BOSS_RELIC","is_prod":false,"is_daily":false,"chose_seed":false,"campfire_upgraded":3,"win_rate":0,"timestamp":1565395342,"path_taken":["M","M","M","?","M","R","$","?","T","R","?","M","?","M","R","BOSS","M","?","?","M","M","E"],"build_version":"2019-07-17","purchased_purges":1,"victory":false,"max_hp_per_floor":[66,66,66,66,66,66,66,66,66,66,66,66,66,66,66,66,66,66,66,66,66,66,66],"card_choices":[{"not_picked":["Sucker Punch","Flying Knee"],"picked":"Escape Plan","floor":1.0},{"not_picked":["Cloak And Dagger","Masterful Stab"],"picked":"Infinite Blades","floor":2.0},{"not_picked":["Dash","Distraction"],"picked":"Footwork","floor":3.0},{"not_picked":["Terror","Dodge and Roll","Deflect"],"picked":"SKIP","floor":5.0},{"not_picked":["PiercingWail","Crippling Poison"],"picked":"Caltrops","floor":12.0},{"not_picked":["Slice","Bullet Time"],"picked":"Deadly Poison","floor":14.0},{"not_picked":["Adrenaline","Envenom"],"picked":"After Image","floor":16.0},{"not_picked":["Leg Sweep","Infinite Blades"],"picked":"Reflex","floor":18.0},{"not_picked":["Deflect","Quick Slash","Riddle With Holes"],"picked":"SKIP","floor":21.0},{"not_picked":["Quick Slash","Riddle With Holes"],"picked":"Deflect","floor":21.0},{"not_picked":["Distraction","Outmaneuver","Accuracy"],"picked":"SKIP","floor":22.0}],"player_experience":840006,"relics_obtained":[{"floor":4.0,"key":"Tough Bandages"},{"floor":9.0,"key":"Gremlin Horn"}],"event_choices":[{"cards_removed":["Strike_G"],"damage_healed":0.0,"max_hp_gain":0.0,"max_hp_loss":0.0,"gold_gain":0.0,"event_name":"The Cleric","player_choice":"Card Removal","floor":8.0,"gold_loss":75.0,"damage_taken":0.0},{"cards_removed":["Defend_G"],"damage_healed":0.0,"max_hp_gain":0.0,"max_hp_loss":0.0,"gold_gain":0.0,"event_name":"Golden Wing","player_choice":"Card Removal","floor":13.0,"gold_loss":0.0,"damage_taken":7.0},{"damage_healed":0.0,"max_hp_gain":0.0,"max_hp_loss":0.0,"gold_gain":0.0,"event_name":"Cursed Tome","player_choice":"Ignored","floor":19.0,"gold_loss":0.0,"damage_taken":0.0},{"cards_removed":["All Out Attack"],"damage_healed":0.0,"max_hp_gain":0.0,"max_hp_loss":0.0,"gold_gain":0.0,"event_name":"Back to Basics","player_choice":"Elegance","floor":20.0,"gold_loss":0.0,"damage_taken":0.0}],"is_beta":false,"boss_relics":[{"not_picked":["White Beast Statue","Fusion Hammer"],"picked":"Pandora\u0027s Box"}],"items_purged_floors":[7],"is_endless":false,"potions_floor_spawned":[1,12,14,18,21],"killed_by":"Book of Stabbing","ascension_level":20}