{"gold_per_floor":[218,218,230,248,20,47,47,72,72,72,90,121,139,166,166,237,237,257,257,274,290,310,343,26,51,51,51,51,83,102,102,102,177,177,196,210,228,242,252,283,283,308,308,341,355,381,255,130,130,130,130,130,130,130,165,165],"floor_reached":57,"playtime":8533,"items_purged":["Strike_G","Venomology","Parasite"],"score":3424,"play_id":"9f4ce4b0-b4c8-4469-bf68-e24c18c21e5a","local_time":"20190728011230","is_ascension_mode":true,"campfire_choices":[{"floor":10.0,"key":"REST"},{"data":"Catalyst","floor":15.0,"key":"SMITH"},{"floor":28.0,"key":"REST"},{"floor":32.0,"key":"REST"},{"floor":41.0,"key":"RECALL"},{"data":"Burst","floor":49.0,"key":"SMITH"},{"data":"Neutralize","floor":53.0,"key":"SMITH"}],"neow_cost":"NONE","seed_source_timestamp":0,"circlet_count":0,"master_deck":["AscendersBane","Defend_G","Defend_G","Defend_G","Defend_G","Survivor","Neutralize+1","Dagger Spray","Backflip","Deadly Poison","Catalyst+1","Bouncing Flask","Backflip","Backflip","Corpse Explosion","After Image+1","Glass Knife+1","Blur+1","Crippling Poison","Leg Sweep","Escape Plan","Calculated Gamble","Noxious Fumes+1","Deadly Poison","Noxious Fumes+1","Burst+1","Footwork+1","PiercingWail","Deflect","Deflect","Leg Sweep+1","Crippling Poison","Tools of the Trade+1","Backflip","Acrobatics"],"special_seed":0,"relics":["Ring of the Snake","Art of War","Sling","Mango","Happy Flower","Frozen Egg 2","StoneCalendar","Bottled Flame","Astrolabe","Bronze Scales","Anchor","Shuriken","Matryoshka","FossilizedHelix","Sozu","WingedGreaves","Unceasing Top","Dream Catcher","Question Card","Blood Vial","Calipers"],"potions_floor_usage":[56,56],"damage_taken":[{"damage":0.0,"enemies":"2 Louse","floor":1.0,"turns":4.0},{"damage":1.0,"enemies":"Cultist","floor":3.0,"turns":5.0},{"damage":0.0,"enemies":"Jaw Worm","floor":4.0,"turns":5.0},{"damage":29.0,"enemies":"Gremlin Nob","floor":6.0,"turns":4.0},{"damage":25.0,"enemies":"Lagavulin","floor":8.0,"turns":6.0},{"damage":18.0,"enemies":"Gremlin Gang","floor":11.0,"turns":3.0},{"damage":17.0,"enemies":"3 Sentries","floor":12.0,"turns":7.0},{"damage":1.0,"enemies":"Looter","floor":13.0,"turns":4.0},{"damage":0.0,"enemies":"Lagavulin","floor":14.0,"turns":6.0},{"damage":0.0,"enemies":"Hexaghost","floor":16.0,"turns":7.0},{"damage":0.0,"enemies":"Chosen","floor":18.0,"turns":4.0},{"damage":0.0,"enemies":"3 Byrds","floor":20.0,"turns":2.0},{"damage":0.0,"enemies":"Cultist and Chosen","floor":21.0,"turns":7.0},{"damage":0.0,"enemies":"3 Cultists","floor":22.0,"turns":3.0},{"damage":35.0,"enemies":"Gremlin Leader","floor":23.0,"turns":6.0},{"damage":0.0,"enemies":"Book of Stabbing","floor":25.0,"turns":6.0},{"damage":37.0,"enemies":"Gremlin Leader","floor":29.0,"turns":6.0},{"damage":0.0,"enemies":"Snake Plant","floor":30.0,"turns":3.0},{"damage":0.0,"enemies":"Champ","floor":33.0,"turns":8.0},{"damage":0.0,"enemies":"3 Darklings","floor":35.0,"turns":4.0},{"damage":0.0,"enemies":"3 Shapes","floor":36.0,"turns":5.0},{"damage":0.0,"enemies":"Writhing Mass","floor":37.0,"turns":6.0},{"damage":0.0,"enemies":"Sphere and 2 Shapes","floor":38.0,"turns":5.0},{"damage":0.0,"enemies":"Transient","floor":39.0,"turns":6.0},{"damage":0.0,"enemies":"Reptomancer","floor":40.0,"turns":6.0},{"damage":0.0,"enemies":"Nemesis","floor":42.0,"turns":9.0},{"damage":0.0,"enemies":"Giant Head","floor":44.0,"turns":6.0},{"damage":0.0,"enemies":"Writhing Mass","floor":45.0,"turns":6.0},{"damage":0.0,"enemies":"Nemesis","floor":46.0,"turns":5.0},{"damage":11.0,"enemies":"Donu and Deca","floor":50.0,"turns":8.0},{"damage":10.0,"enemies":"Awakened One","floor":51.0,"turns":17.0},{"damage":26,"enemies":"Shield and Spear","floor":55,"turns":8},{"damage":39,"enemies":"The Heart","floor":56,"turns":9}],"seed_played":"6216027722810620329","potions_obtained":[{"floor":8.0,"key":"Energy Potion"},{"floor":11.0,"key":"Poison Potion"},{"floor":12.0,"key":"AttackPotion"},{"floor":14.0,"key":"Block Potion"},{"floor":16.0,"key":"Energy Potion"},{"floor":20.0,"key":"SpeedPotion"},{"floor":21.0,"key":"Swift Potion"},{"floor":30.0,"key":"GhostInAJar"},{"floor":33.0,"key":"GamblersBrew"}],"is_trial":false,"path_per_floor":["M","?","M","M","$","E","?","E","T","R","M","E","M","E","R","B",null,"M","?","M","M","M","E","$","E","T","$","R","E","M","?","R","B",null,"M","M","M","M","M","E","R","E","T","E","M","E","$","$","R","B","B",null,"R","$","E","B",null],"character_chosen":"THE_SILENT","items_purchased":["Sling","Noxious Fumes+1","Anchor","Backflip"],"campfire_rested":3,"item_purchase_floors":[5,24,24,47],"current_hp_per_floor":[59,59,58,58,58,43,69,44,44,68,50,33,32,32,32,32,68,68,68,68,68,68,33,33,33,33,33,57,20,20,20,44,44,71,71,71,71,71,71,71,71,71,71,71,71,71,71,71,71,62,54,71,71,71,47,10],"gold":165,"neow_bonus":"HUNDRED_GOLD","is_prod":false,"is_daily":false,"chose_seed":false,"campfire_upgraded":3,"win_rate":0,"timestamp":1564265550,"path_taken":["M","?","M","?","$","E","?","E","T","R","M","E","M","E","R","BOSS","M","?","?","?","M","E","$","E","T","$","R","E","M","?","R","BOSS","M","M","M","M","?","E","R","E","T","E","M","E","$","$","R","BOSS","BOSS","R","$","E","BOSS"],"build_version":"2019-07-17","purchased_purges":3,"victory":true,"max_hp_per_floor":[66,66,66,66,66,80,80,80,80,80,80,80,80,80,80,80,80,80,80,80,80,80,80,80,80,80,80,80,80,80,80,80,80,80,80,80,80,80,80,80,80,80,80,80,80,80,80,77,77,77,77,77,77,77,77,77],"card_choices":[{"not_picked":["Blade Dance","Tactician"],"picked":"Underhanded Strike","floor":1.0},{"not_picked":["Blade Dance","Acrobatics"],"picked":"Dagger Spray","floor":3.0},{"not_picked":["Blade Dance","Endless Agony"],"picked":"Venomology","floor":4.0},{"not_picked":["Dagger Throw","Underhanded Strike"],"picked":"Backflip","floor":6.0},{"not_picked":["All Out Attack","Quick Slash"],"picked":"Deadly Poison","floor":8.0},{"not_picked":["Choke","Sucker Punch"],"picked":"Catalyst","floor":11.0},{"not_picked":["Calculated Gamble","Dagger Spray"],"picked":"Bouncing Flask","floor":12.0},{"not_picked":["Blade Dance","Heel Hook"],"picked":"Backflip","floor":13.0},{"not_picked":["Outmaneuver","Reflex"],"picked":"Backflip","floor":14.0},{"not_picked":["Venomology","Adrenaline"],"picked":"Corpse Explosion","floor":16.0},{"not_picked":["Predator","Finisher"],"picked":"Crippling Poison","floor":18.0},{"not_picked":["Sucker Punch","Dodge and Roll"],"picked":"Escape Plan","floor":20.0},{"not_picked":["Reflex","Distraction","Poisoned Stab"],"picked":"SKIP","floor":21.0},{"not_picked":["Poisoned Stab","Concentrate","Prepared"],"picked":"SKIP","floor":22.0},{"not_picked":["Endless Agony","Sucker Punch"],"picked":"Calculated Gamble","floor":23.0},{"not_picked":["Cloak And Dagger","Caltrops+1"],"picked":"Deadly Poison","floor":25.0},{"not_picked":["Reflex","Glass Knife","Expertise"],"picked":"SKIP","floor":29.0},{"not_picked":["Concentrate","Infinite Blades+1"],"picked":"Noxious Fumes+1","floor":30.0},{"not_picked":["Envenom+1","Die Die Die"],"picked":"Burst","floor":33.0},{"not_picked":["Endless Agony","Deflect+1"],"picked":"Footwork+1","floor":35.0},{"not_picked":["Dagger Spray+1","Bane","Distraction"],"picked":"SKIP","floor":36.0},{"not_picked":["Finisher+1","Sucker Punch+1"],"picked":"PiercingWail","floor":37.0},{"not_picked":["Finisher+1","Riddle With Holes+1","Outmaneuver"],"picked":"SKIP","floor":38.0},{"not_picked":["Dagger Throw","Bane"],"picked":"Deflect","floor":39.0},{"not_picked":["Prepared","Poisoned Stab"],"picked":"Deflect","floor":40.0},{"not_picked":["Doppelganger","Bane+1","Quick Slash"],"picked":"SKIP","floor":42.0},{"not_picked":["Quick Slash","Deadly Poison"],"picked":"Leg Sweep+1","floor":44.0},{"not_picked":["Prepared","Blade Dance","Leg Sweep"],"picked":"Crippling Poison","floor":45.0},{"not_picked":["Predator","Blade Dance+1","Poisoned Stab"],"picked":"Tools of the Trade+1","floor":46.0},{"not_picked":["Poisoned Stab","Calculated Gamble+1","Underhanded Strike"],"picked":"Acrobatics","floor":55}],"player_experience":1026375,"relics_obtained":[{"floor":6.0,"key":"Mango"},{"floor":8.0,"key":"Happy Flower"},{"floor":9.0,"key":"Frozen Egg 2"},{"floor":12.0,"key":"StoneCalendar"},{"floor":14.0,"key":"Bottled Flame"},{"floor":23.0,"key":"Bronze Scales"},{"floor":25.0,"key":"Shuriken"},{"floor":26.0,"key":"Matryoshka"},{"floor":29.0,"key":"FossilizedHelix"},{"floor":40.0,"key":"WingedGreaves"},{"floor":42.0,"key":"Unceasing Top"},{"floor":43.0,"key":"Dream Catcher"},{"floor":44.0,"key":"Question Card"},{"floor":46.0,"key":"Blood Vial"},{"floor":55,"key":"Calipers"}],"event_choices":[{"cards_removed":["Underhanded Strike"],"damage_healed":0.0,"max_hp_gain":0.0,"max_hp_loss":0.0,"gold_gain":0.0,"event_name":"WeMeetAgain","player_choice":"Gave Card","floor":2.0,"gold_loss":0.0,"damage_taken":0.0,"relics_obtained":["Art of War"]},{"damage_healed":26.0,"max_hp_gain":0.0,"max_hp_loss":0.0,"gold_gain":0.0,"event_name":"Big Fish","player_choice":"Banana","floor":7.0,"gold_loss":0.0,"damage_taken":0.0},{"damage_healed":0.0,"max_hp_gain":0.0,"max_hp_loss":0.0,"gold_gain":0.0,"cards_transformed":["Strike_G"],"event_name":"Transmorgrifier","player_choice":"Transformed","floor":19.0,"gold_loss":0.0,"damage_taken":0.0,"cards_obtained":["Leg Sweep"]},{"cards_removed":["Defend_G"],"damage_healed":0.0,"max_hp_gain":0.0,"max_hp_loss":0.0,"gold_gain":0.0,"event_name":"Purifier","player_choice":"Purged","floor":31.0,"gold_loss":0.0,"damage_taken":0.0}],"is_beta":false,"boss_relics":[{"not_picked":["Coffee Dripper","Eternal Feather"],"picked":"Astrolabe"},{"not_picked":["WristBlade","Velvet Choker"],"picked":"Sozu"}],"items_purged_floors":[24,47,48],"is_endless":false,"potions_floor_spawned":[8,11,12,14,16,20,21,23,30,33,39,40,42],"ascension_level":20}