{"gold_per_floor":[118,118,118,136,311,336,353,353,376,376,402,417,417,137,137,137],"floor_reached":16,"playtime":418,"items_purged":["Strike_B"],"score":226,"play_id":"e18227a2-37be-4eef-b225-19de713861b4","local_time":"20190804174943","is_ascension_mode":true,"campfire_choices":[{"data":"Zap","floor":8,"key":"SMITH"},{"data":"Dualcast","floor":10,"key":"SMITH"},{"floor":15,"key":"REST"}],"neow_cost":"NONE","seed_source_timestamp":95873672213336,"circlet_count":0,"master_deck":["AscendersBane","Strike_B","Strike_B","Defend_B","Defend_B","Defend_B","Defend_B","Zap+1","Dualcast+1","Ball Lightning","Doubt","Hyperbeam","Gash","Auto Shields"],"relics":["Cracked Core","NeowsBlessing","Dream Catcher","Bag of Marbles","Anchor","FossilizedHelix","Art of War","PreservedInsect"],"potions_floor_usage":[16],"damage_taken":[{"damage":0,"enemies":"Cultist","floor":1,"turns":1},{"damage":0,"enemies":"Jaw Worm","floor":4,"turns":1},{"damage":0,"enemies":"Lagavulin","floor":6,"turns":1},{"damage":0,"enemies":"2 Louse","floor":7,"turns":1},{"damage":30,"enemies":"3 Sentries","floor":11,"turns":8},{"damage":0,"enemies":"Blue Slaver","floor":12,"turns":3},{"damage":40,"enemies":"Hexaghost","floor":16,"turns":10}],"seed_played":"-1706769234711647035","potions_obtained":[{"floor":4,"key":"Weak Potion"},{"floor":6,"key":"PowerPotion"},{"floor":11,"key":"Fire Potion"}],"is_trial":false,"path_per_floor":["M","?","?","M","?","E","M","R","T","R","E","M","?","$","R","B"],"character_chosen":"DEFECT","items_purchased":["PreservedInsect","Gash"],"campfire_rested":1,"item_purchase_floors":[14,14],"current_hp_per_floor":[64,46,46,46,46,46,46,46,46,46,16,16,16,16,37,0],"gold":137,"neow_bonus":"THREE_ENEMY_KILL","is_prod":false,"is_daily":false,"chose_seed":false,"campfire_upgraded":2,"win_rate":0,"timestamp":1564908583,"path_taken":["M","?","?","?","?","E","M","R","T","R","E","M","?","$","R","BOSS"],"build_version":"2019-07-17","purchased_purges":1,"victory":false,"max_hp_per_floor":[71,71,71,71,71,71,71,71,71,71,71,71,71,71,71,71],"card_choices":[{"not_picked":["Go for the Eyes","Heatsinks"],"picked":"Ball Lightning","floor":1},{"not_picked":["Steam","Leap","Stack"],"picked":"SKIP","floor":4},{"not_picked":["Consume","Blizzard","Streamline"],"picked":"SKIP","floor":6},{"not_picked":["Storm","Beam Cell","Compile Driver"],"picked":"SKIP","floor":7},{"not_picked":["Fusion","Leap"],"picked":"Hyperbeam","floor":11},{"not_picked":["Streamline","Steam","Stack"],"picked":"SKIP","floor":12},{"not_picked":["Recycle","Consume"],"picked":"Auto Shields","floor":15}],"player_experience":228529,"relics_obtained":[{"floor":6,"key":"Bag of Marbles"},{"floor":9,"key":"Anchor"},{"floor":11,"key":"FossilizedHelix"}],"event_choices":[{"damage_healed":0,"gold_gain":0,"player_choice":"Success","damage_taken":18,"relics_obtained":["Dream Catcher"],"max_hp_gain":0,"max_hp_loss":0,"event_name":"Scrap Ooze","floor":2,"gold_loss":0},{"cards_removed":["Strike_B"],"damage_healed":0,"gold_gain":0,"player_choice":"Offered Basic","damage_taken":0,"max_hp_gain":0,"max_hp_loss":0,"event_name":"Bonfire Elementals","floor":3,"gold_loss":0},{"damage_healed":0,"gold_gain":175,"player_choice":"AGREE","damage_taken":0,"max_hp_gain":0,"max_hp_loss":0,"event_name":"Liars Game","floor":5,"gold_loss":0,"cards_obtained":["Doubt"]},{"damage_healed":0,"gold_gain":0,"player_choice":"Searched \u00271\u0027 times","damage_taken":0,"relics_obtained":["Art of War"],"max_hp_gain":0,"max_hp_loss":0,"event_name":"Dead Adventurer","floor":13,"gold_loss":0}],"is_beta":false,"boss_relics":[],"items_purged_floors":[14],"is_endless":false,"potions_floor_spawned":[4,6,11],"killed_by":"Hexaghost","ascension_level":14}