{"gold_per_floor":[114,114,114,129,304,334,334,349,424,424,439,469,484,484,484,584,584,599,614,614,114,29,29,29,29,29,29,59,74,74,74,74,174,174,189,189,189,204,219,249,264,264,264,364,364,379,379,394,394,394],"floor_reached":51,"playtime":2266,"items_purged":[],"score":978,"play_id":"dad95526-4495-4fe3-a107-966080964079","local_time":"20190703041430","daily_mods":["Draft","Red Cards","Binary"],"is_ascension_mode":false,"campfire_choices":[{"data":"Blade Dance","floor":7,"key":"SMITH"},{"data":"Cloak And Dagger","floor":10,"key":"SMITH"},{"data":"Distraction","floor":15,"key":"SMITH"},{"data":"Rage","floor":23,"key":"SMITH"},{"data":"Body Slam","floor":25,"key":"SMITH"},{"data":"Body Slam","floor":27,"key":"SMITH"},{"data":"Cloak And Dagger","floor":32,"key":"SMITH"},{"data":"Acrobatics","floor":42,"key":"SMITH"},{"data":"After Image","floor":45,"key":"SMITH"},{"data":"Tactician","floor":47,"key":"SMITH"},{"data":"Warcry","floor":49,"key":"SMITH"}],"neow_cost":"","seed_source_timestamp":0,"circlet_count":0,"master_deck":["Tactician+1","Slice","Backstab","Ghostly Armor","Rage+1","Slice","Thunderclap","Body Slam+1","Prepared","Acrobatics+1","Prepared","Blade Dance+1","Cloak And Dagger+1","Warcry+1","Iron Wave","Spot Weakness","Slice","Distraction+1","After Image+1","Body Slam+1","Terror+1","Cloak And Dagger+1","Reaper","Blur"],"special_seed":18079,"relics":["Ring of the Snake","Calipers","Ancient Tea Set","Mercury Hourglass","Paper Crane","Black Star","Shuriken","Bottled Lightning","Omamori","Incense Burner","Matryoshka","Strawberry","Cursed Key","Bird Faced Urn","Centennial Puzzle","Happy Flower","Bag of Marbles","Singing Bowl","Turnip"],"potions_floor_usage":[50,50,50],"damage_taken":[{"damage":0,"enemies":"Small Slimes","floor":1,"turns":2},{"damage":1,"enemies":"Jaw Worm","floor":4,"turns":2},{"damage":0,"enemies":"3 Sentries","floor":6,"turns":4},{"damage":0,"enemies":"2 Louse","floor":8,"turns":1},{"damage":0,"enemies":"Large Slime","floor":11,"turns":1},{"damage":0,"enemies":"Gremlin Nob","floor":12,"turns":2},{"damage":0,"enemies":"Looter","floor":13,"turns":1},{"damage":4,"enemies":"Slime Boss","floor":16,"turns":5},{"damage":9,"enemies":"Shell Parasite","floor":18,"turns":3},{"damage":1,"enemies":"Chosen","floor":19,"turns":4},{"damage":0,"enemies":"Gremlin Leader","floor":28,"turns":3},{"damage":0,"enemies":"Centurion and Healer","floor":29,"turns":3},{"damage":0,"enemies":"Automaton","floor":33,"turns":6},{"damage":0,"enemies":"Orb Walker","floor":35,"turns":3},{"damage":0,"enemies":"3 Shapes","floor":38,"turns":3},{"damage":0,"enemies":"3 Darklings","floor":39,"turns":3},{"damage":0,"enemies":"Reptomancer","floor":40,"turns":4},{"damage":9,"enemies":"Writhing Mass","floor":41,"turns":4},{"damage":0,"enemies":"Mind Bloom Boss Battle","floor":44,"turns":5},{"damage":0,"enemies":"Spire Growth","floor":46,"turns":3},{"damage":0,"enemies":"Sphere and 2 Shapes","floor":48,"turns":3},{"damage":0,"enemies":"Donu and Deca","floor":50,"turns":5}],"seed_played":"-3418930284357478111","potions_obtained":[{"floor":4,"key":"Regen Potion"},{"floor":11,"key":"SkillPotion"},{"floor":29,"key":"Explosive Potion"},{"floor":33,"key":"SkillPotion"},{"floor":39,"key":"Block Potion"},{"floor":44,"key":"Swift Potion"}],"is_trial":false,"path_per_floor":["M","$","?","M","?","E","R","M","T","R","M","E","M","?","R","B",null,"M","M","?","$","?","R","?","R","T","R","E","M","?","$","R","B",null,"M","$","?","M","M","E","M","R","T","?","R","M","R","M","R","B",null],"character_chosen":"THE_SILENT","items_purchased":["Shuriken","Bottled Lightning"],"campfire_rested":0,"item_purchase_floors":[21,21],"current_hp_per_floor":[70,70,63,62,62,62,62,62,62,62,62,62,62,62,62,58,70,61,60,51,51,51,51,51,51,51,51,58,58,44,44,44,44,82,82,82,82,82,82,82,73,73,73,84,84,86,86,88,88,88],"gold":394,"neow_bonus":"","is_prod":false,"is_daily":true,"chose_seed":false,"campfire_upgraded":11,"win_rate":0,"timestamp":1562094870,"path_taken":["M","$","?","M","?","E","R","M","T","R","M","E","M","?","R","BOSS","M","M","?","$","?","R","?","R","T","R","E","?","?","?","R","BOSS","M","$","?","M","M","E","?","R","T","?","R","M","R","M","R","BOSS"],"build_version":"2019-07-01","purchased_purges":0,"victory":true,"max_hp_per_floor":[70,70,70,70,70,70,70,70,70,70,70,70,70,70,70,70,70,70,70,70,70,70,70,70,70,70,70,77,77,82,82,82,82,82,82,82,82,82,82,82,82,82,82,84,84,86,86,88,88,88],"card_choices":[{"not_picked":["Dodge and Roll","Clothesline"],"picked":"Tactician","floor":0},{"not_picked":["Outmaneuver","Dodge and Roll"],"picked":"Slice","floor":0},{"not_picked":["Quick Slash","Noxious Fumes"],"picked":"Backstab","floor":0},{"not_picked":["Pommel Strike","True Grit"],"picked":"Ghostly Armor","floor":0},{"not_picked":["Heavy Blade","Infernal Blade"],"picked":"Rage","floor":0},{"not_picked":["Backflip","Acrobatics"],"picked":"Slice","floor":0},{"not_picked":["Headbutt","Poisoned Stab"],"picked":"Thunderclap","floor":0},{"not_picked":["Bouncing Flask","Underhanded Strike"],"picked":"Body Slam","floor":0},{"not_picked":["Poisoned Stab","Twin Strike"],"picked":"Prepared","floor":0},{"not_picked":["Perfected Strike","Warcry"],"picked":"Acrobatics","floor":0},{"not_picked":["Warcry","Setup"],"picked":"Prepared","floor":0},{"not_picked":["Perfected Strike","Shrug It Off"],"picked":"Blade Dance","floor":0},{"not_picked":["Backflip","Corruption"],"picked":"Cloak And Dagger","floor":0},{"not_picked":["Havoc","Noxious Fumes"],"picked":"Warcry","floor":0},{"not_picked":["Terror","Thunderclap"],"picked":"Iron Wave","floor":0},{"not_picked":["Poisoned Stab","Feel No Pain"],"picked":"SKIP","floor":1},{"not_picked":["Anger"],"picked":"Spot Weakness","floor":4},{"not_picked":["Clash","Prepared"],"picked":"SKIP","floor":6},{"not_picked":["Armaments","Ghostly Armor"],"picked":"SKIP","floor":8},{"not_picked":["True Grit"],"picked":"Slice","floor":11},{"not_picked":["Thunderclap"],"picked":"Distraction","floor":12},{"not_picked":["Dagger Throw","Sentinel"],"picked":"SKIP","floor":13},{"not_picked":["A Thousand Cuts"],"picked":"After Image","floor":16},{"not_picked":["Clash","Armaments"],"picked":"SKIP","floor":18},{"not_picked":["PiercingWail"],"picked":"Body Slam","floor":19},{"not_picked":["Deflect"],"picked":"Terror+1","floor":28},{"not_picked":["Dash+1"],"picked":"Cloak And Dagger","floor":29},{"not_picked":["Demon Form"],"picked":"Reaper","floor":33},{"not_picked":["Wild Strike+1","Prepared+1"],"picked":"SKIP","floor":35},{"not_picked":["Dagger Spray","Havoc"],"picked":"SKIP","floor":38},{"not_picked":["Warcry","Perfected Strike+1"],"picked":"SKIP","floor":39},{"not_picked":["Clash+1"],"picked":"Blur","floor":40},{"not_picked":["Pommel Strike+1","Anger+1"],"picked":"SKIP","floor":41},{"not_picked":["Flex","Intimidate+1"],"picked":"Singing Bowl","floor":44},{"not_picked":["PiercingWail","Barricade"],"picked":"Singing Bowl","floor":46},{"not_picked":["PiercingWail+1","Bouncing Flask+1"],"picked":"Singing Bowl","floor":48}],"player_experience":156724,"relics_obtained":[{"floor":6,"key":"Ancient Tea Set"},{"floor":9,"key":"Mercury Hourglass"},{"floor":12,"key":"Paper Crane"},{"floor":26,"key":"Incense Burner"},{"floor":28,"key":"Matryoshka"},{"floor":28,"key":"Strawberry"},{"floor":40,"key":"Centennial Puzzle"},{"floor":40,"key":"Happy Flower"},{"floor":43,"key":"Bag of Marbles"},{"floor":43,"key":"Singing Bowl"},{"floor":44,"key":"Turnip"}],"event_choices":[{"damage_healed":0,"gold_gain":0,"player_choice":"Success","damage_taken":7,"relics_obtained":["Calipers"],"max_hp_gain":0,"max_hp_loss":0,"event_name":"Scrap Ooze","floor":3,"gold_loss":0},{"damage_healed":0,"gold_gain":175,"player_choice":"AGREE","damage_taken":0,"max_hp_gain":0,"max_hp_loss":0,"event_name":"Liars Game","floor":5,"gold_loss":0,"cards_obtained":["Doubt"]},{"cards_removed":["Doubt"],"damage_healed":0,"gold_gain":0,"player_choice":"Forget","damage_taken":0,"max_hp_gain":0,"max_hp_loss":0,"event_name":"Living Wall","floor":14,"gold_loss":0},{"damage_healed":0,"gold_gain":0,"player_choice":"Stopped","damage_taken":9,"max_hp_gain":0,"max_hp_loss":0,"event_name":"Cursed Tome","floor":20,"gold_loss":0},{"damage_healed":0,"gold_gain":0,"player_choice":"Obtained Relic","damage_taken":0,"relics_obtained":["Omamori"],"max_hp_gain":0,"max_hp_loss":0,"event_name":"Addict","floor":22,"gold_loss":85},{"damage_healed":0,"gold_gain":0,"player_choice":"Ignored","damage_taken":0,"max_hp_gain":0,"max_hp_loss":0,"event_name":"The Mausoleum","floor":24,"gold_loss":0},{"damage_healed":0,"gold_gain":0,"player_choice":"Shed Blood","damage_taken":19,"max_hp_gain":5,"max_hp_loss":0,"event_name":"Forgotten Altar","floor":30,"gold_loss":0},{"damage_healed":0,"gold_gain":0,"player_choice":"Gave Potion","damage_taken":0,"relics_obtained":["Bird Faced Urn"],"max_hp_gain":0,"max_hp_loss":0,"event_name":"WeMeetAgain","floor":37,"gold_loss":0},{"damage_healed":0,"gold_gain":0,"player_choice":"Fight","damage_taken":0,"max_hp_gain":0,"max_hp_loss":0,"event_name":"MindBloom","floor":44,"gold_loss":0}],"is_beta":false,"boss_relics":[{"not_picked":["Empty Cage","Coffee Dripper"],"picked":"Black Star"},{"not_picked":["Philosopher\u0027s Stone","Fusion Hammer"],"picked":"Cursed Key"}],"items_purged_floors":[],"is_endless":false,"potions_floor_spawned":[4,11,29,33,39,44,46],"ascension_level":0}