{"gold_per_floor":[110,128,18,18,31,31,60,78,78,98,127,127,158,158,158,229,229,240,240,240,41,59,87,87,87,135,135,25,41,72,91,91,162,162,180,196,103,114,130,130,161,176,176,176,203,203,233,39,39,39],"floor_reached":51,"playtime":1666,"items_purged":["Strike_B"],"score":1482,"play_id":"b6e36958-3fc9-4e98-b77c-11bb63473669","local_time":"20190720012200","is_ascension_mode":true,"campfire_choices":[{"data":"Sunder","floor":6.0,"key":"SMITH"},{"data":"Static Discharge","floor":12.0,"key":"SMITH"},{"data":"Zap","floor":15,"key":"SMITH"},{"data":"Coolheaded","floor":24,"key":"SMITH"},{"data":"Coolheaded","floor":27,"key":"SMITH"},{"data":"Capacitor","floor":32,"key":"SMITH"},{"data":"Defragment","floor":40,"key":"SMITH"},{"data":"Self Repair","floor":44,"key":"SMITH"},{"data":"Loop","floor":49,"key":"SMITH"}],"neow_cost":"NONE","seed_source_timestamp":123113816329665,"circlet_count":0,"master_deck":["AscendersBane","Defend_B","Defend_B","Defend_B","Defend_B","Zap+1","Sweeping Beam","Sunder+1","Cold Snap","Coolheaded+1","Capacitor+1","Self Repair+1","Static Discharge+1","Biased Cognition","Core Surge","Melter","Biased Cognition","Core Surge","Coolheaded+1","Hologram+1","Darkness+1","Compile Driver","Defragment+1","Fusion+1","Compile Driver","Loop+1"],"special_seed":0,"relics":["Cracked Core","NeowsBlessing","Boot","Bag of Marbles","Bottled Flame","Bag of Preparation","Art of War","Busted Crown","DollysMirror","Anchor","Letter Opener","Happy Flower","Potion Belt","Coffee Dripper","Ancient Tea Set","Incense Burner","Mercury Hourglass","Torii","Mummified Hand","Strawberry"],"potions_floor_usage":[13,38,42,50,50,50,50],"damage_taken":[{"damage":0.0,"enemies":"2 Louse","floor":1.0,"turns":1.0},{"damage":0.0,"enemies":"Cultist","floor":2.0,"turns":1.0},{"damage":0.0,"enemies":"Jaw Worm","floor":5.0,"turns":1.0},{"damage":32.0,"enemies":"Gremlin Nob","floor":7.0,"turns":4.0},{"damage":0.0,"enemies":"Large Slime","floor":8.0,"turns":5.0},{"damage":4.0,"enemies":"Blue Slaver","floor":10.0,"turns":2.0},{"damage":10.0,"enemies":"3 Sentries","floor":11.0,"turns":7.0},{"damage":24,"enemies":"Gremlin Nob","floor":13,"turns":4},{"damage":10,"enemies":"Hexaghost","floor":16,"turns":6},{"damage":7,"enemies":"Chosen","floor":18,"turns":5},{"damage":0,"enemies":"Spheric Guardian","floor":22,"turns":3},{"damage":31,"enemies":"Book of Stabbing","floor":23,"turns":5},{"damage":1,"enemies":"Centurion and Healer","floor":29,"turns":4},{"damage":10,"enemies":"Gremlin Leader","floor":30,"turns":5},{"damage":2,"enemies":"Snake Plant","floor":31,"turns":4},{"damage":8,"enemies":"Champ","floor":33,"turns":11},{"damage":0,"enemies":"3 Darklings","floor":35,"turns":5},{"damage":1,"enemies":"Orb Walker","floor":36,"turns":3},{"damage":27,"enemies":"Spire Growth","floor":38,"turns":3},{"damage":0,"enemies":"Sphere and 2 Shapes","floor":39,"turns":5},{"damage":40,"enemies":"Reptomancer","floor":41,"turns":4},{"damage":12,"enemies":"Maw","floor":42,"turns":6},{"damage":9,"enemies":"Nemesis","floor":45,"turns":5},{"damage":0,"enemies":"Giant Head","floor":47,"turns":9},{"damage":0,"enemies":"Donu and Deca","floor":50,"turns":5}],"seed_played":"4272482062637865647","potions_obtained":[{"floor":1.0,"key":"SkillPotion"},{"floor":11.0,"key":"Regen Potion"},{"floor":16,"key":"FocusPotion"},{"floor":29,"key":"Regen Potion"},{"floor":30,"key":"Block Potion"},{"floor":31,"key":"PowerPotion"},{"floor":38,"key":"Explosive Potion"},{"floor":47,"key":"Swift Potion"}],"is_trial":false,"path_per_floor":["M","M","$","?","M","R","E","M","T","M","E","R","E","T","R","B",null,"M","?","?","$","M","E","R","T","T","R","?","M","E","M","R","B",null,"M","M","$","M","M","R","E","M","T","R","E","?","E","$","R","B",null],"character_chosen":"DEFECT","items_purchased":["Sunder","DollysMirror","Compile Driver","Defragment","Loop","Strawberry"],"campfire_rested":0,"item_purchase_floors":[3,21,37,37,48,48],"current_hp_per_floor":[64,64,64,64,64,64,32,32,32,28,25,25,20,20,20,17,58,58,58,58,58,65,41,41,41,41,41,41,47,44,49,49,48,65,71,71,71,51,58,58,18,28,28,28,29,29,39,46,46,56],"gold":39,"neow_bonus":"THREE_ENEMY_KILL","is_prod":false,"is_daily":false,"chose_seed":false,"campfire_upgraded":9,"win_rate":0,"timestamp":1563578520,"path_taken":["M","M","$","?","M","R","E","?","T","?","E","R","E","?","R","BOSS","M","?","?","$","M","E","R","?","T","R","?","M","E","M","R","BOSS","M","M","$","?","M","R","E","M","T","R","E","?","E","$","R","BOSS"],"build_version":"2019-07-18","purchased_purges":1,"victory":true,"max_hp_per_floor":[71,71,71,71,71,71,71,71,71,71,71,71,71,71,71,71,71,71,71,71,71,71,71,71,71,71,71,71,71,71,71,71,71,71,71,71,71,71,71,71,71,71,71,71,71,71,71,78,78,78],"card_choices":[{"not_picked":["Rip and Tear","Barrage"],"picked":"Sweeping Beam","floor":1.0},{"not_picked":["Doom and Gloom","Steam","Barrage"],"picked":"SKIP","floor":2.0},{"not_picked":["Rebound","Double Energy"],"picked":"Cold Snap","floor":5.0},{"not_picked":["Recycle","Barrage"],"picked":"Coolheaded","floor":7.0},{"not_picked":["Leap","Conserve Battery"],"picked":"Capacitor","floor":8.0},{"not_picked":["Streamline","Hologram"],"picked":"Self Repair","floor":10.0},{"not_picked":["Loop","Force Field"],"picked":"Static Discharge","floor":11.0},{"not_picked":["Gash","Rebound"],"picked":"Biased Cognition","floor":13},{"not_picked":["Echo Form","Seek"],"picked":"Core Surge","floor":16},{"not_picked":["Rebound"],"picked":"SKIP","floor":18},{"not_picked":[],"picked":"Coolheaded","floor":22},{"not_picked":[],"picked":"Hologram","floor":23},{"not_picked":["Turbo"],"picked":"SKIP","floor":29},{"not_picked":["Tempest"],"picked":"SKIP","floor":30},{"not_picked":[],"picked":"Darkness+1","floor":31},{"not_picked":["Redo"],"picked":"SKIP","floor":35},{"not_picked":["Barrage"],"picked":"SKIP","floor":36},{"not_picked":["Gash"],"picked":"SKIP","floor":38},{"not_picked":[],"picked":"Fusion+1","floor":39},{"not_picked":["Leap+1"],"picked":"SKIP","floor":41},{"not_picked":[],"picked":"Compile Driver","floor":42},{"not_picked":["Gash"],"picked":"SKIP","floor":45},{"not_picked":["Blizzard"],"picked":"SKIP","floor":47}],"player_experience":1903946,"relics_obtained":[{"floor":7.0,"key":"Boot"},{"floor":9.0,"key":"Bag of Marbles"},{"floor":11.0,"key":"Bottled Flame"},{"floor":13,"key":"Bag of Preparation"},{"floor":14,"key":"Art of War"},{"floor":23,"key":"Anchor"},{"floor":25,"key":"Letter Opener"},{"floor":26,"key":"Happy Flower"},{"floor":30,"key":"Potion Belt"},{"floor":41,"key":"Ancient Tea Set"},{"floor":43,"key":"Incense Burner"},{"floor":45,"key":"Mercury Hourglass"},{"floor":46,"key":"Torii"},{"floor":47,"key":"Mummified Hand"}],"event_choices":[{"cards_removed":["Strike_B"],"damage_healed":0.0,"max_hp_gain":0.0,"max_hp_loss":0.0,"gold_gain":0.0,"event_name":"Purifier","player_choice":"Purged","floor":4.0,"gold_loss":0.0,"damage_taken":0.0},{"damage_healed":0,"gold_gain":0,"cards_transformed":["Strike_B","Strike_B"],"player_choice":"Became Test Subject","damage_taken":0,"max_hp_gain":0,"max_hp_loss":0,"event_name":"Drug Dealer","floor":19,"gold_loss":0,"cards_obtained":["Melter","Biased Cognition"]},{"damage_healed":0,"gold_gain":0,"player_choice":"Ignored","damage_taken":0,"max_hp_gain":0,"max_hp_loss":0,"event_name":"Vampires","floor":20,"gold_loss":0},{"cards_removed":["Dualcast"],"damage_healed":0,"gold_gain":0,"player_choice":"Upgrade and Remove","damage_taken":0,"max_hp_gain":0,"max_hp_loss":0,"event_name":"Designer","floor":28,"gold_loss":110,"cards_upgraded":["Hologram"]},{"damage_healed":0,"gold_gain":0,"player_choice":"Relic","damage_taken":0,"max_hp_gain":0,"max_hp_loss":0,"event_name":"Wheel of Change","floor":46,"gold_loss":0}],"is_beta":true,"boss_relics":[{"not_picked":["Lizard Tail","Cursed Key"],"picked":"Busted Crown"},{"not_picked":["Nuclear Battery","Calling Bell"],"picked":"Coffee Dripper"}],"items_purged_floors":[3],"is_endless":false,"potions_floor_spawned":[1,11,16,29,30,31,35,38,47],"ascension_level":15}