{"gold_per_floor":[117,128,53,13,88,117,117,161,161,161,161,161,174,197,197,287,287,302,302,8,8,77,77,113,113,160,194,194],"floor_reached":28,"playtime":567,"items_purged":["Strike_B"],"score":570,"play_id":"8f721f28-f84d-41c6-9f98-7e6500e2ab39","local_time":"20190719170334","is_ascension_mode":true,"campfire_choices":[{"data":"Sunder","floor":10,"key":"SMITH"},{"floor":12,"key":"REST"},{"data":"Beam Cell","floor":15,"key":"SMITH"},{"data":"Defragment","floor":23,"key":"SMITH"},{"data":"Self Repair","floor":25,"key":"SMITH"}],"neow_cost":"NONE","seed_source_timestamp":94347438200621,"circlet_count":0,"master_deck":["AscendersBane","Defend_B","Defend_B","Defend_B","Defend_B","Zap","Dualcast","Auto Shields","Sunder+1","Self Repair+1","Cold Snap","Beam Cell+1","Buffer","Electrodynamics","Defragment","Defragment+1","Capacitor","Conserve Battery"],"relics":["Cracked Core","NeowsBlessing","Mercury Hourglass","Golden Idol","Bottled Lightning","Omamori","Coffee Dripper","Membership Card","Frozen Egg 2","Centennial Puzzle","Blood Vial","Bag of Preparation"],"potions_floor_usage":[18,24,28],"damage_taken":[{"damage":0,"enemies":"Jaw Worm","floor":1,"turns":1},{"damage":0,"enemies":"Small Slimes","floor":2,"turns":1},{"damage":0,"enemies":"Lagavulin","floor":6,"turns":1},{"damage":47,"enemies":"Gremlin Nob","floor":8,"turns":4},{"damage":0,"enemies":"2 Louse","floor":13,"turns":1},{"damage":0,"enemies":"Exordium Wildlife","floor":14,"turns":2},{"damage":21,"enemies":"The Guardian","floor":16,"turns":13},{"damage":9,"enemies":"Spheric Guardian","floor":18,"turns":3},{"damage":20,"enemies":"Slavers","floor":24,"turns":5},{"damage":39,"enemies":"Gremlin Leader","floor":27,"turns":7},{"damage":21,"enemies":"3 Byrds","floor":28,"turns":2}],"seed_played":"-3143259756578329759","potions_obtained":[{"floor":2,"key":"SkillPotion"},{"floor":13,"key":"FearPotion"},{"floor":27,"key":"FearPotion"}],"is_trial":false,"path_per_floor":["M","M","?","$","?","E","?","E","T","R","?","R","M","M","R","B",null,"M","?","$","?","T","R","E","R","T","E","M"],"character_chosen":"DEFECT","items_purchased":["Sunder","Membership Card","Capacitor"],"campfire_rested":1,"item_purchase_floors":[4,20,20],"current_hp_per_floor":[64,64,64,64,53,53,53,13,13,13,8,27,27,34,34,20,53,51,51,51,51,51,51,38,38,38,11,0],"gold":194,"neow_bonus":"THREE_ENEMY_KILL","is_prod":false,"is_daily":false,"chose_seed":false,"campfire_upgraded":4,"win_rate":0,"timestamp":1563548614,"path_taken":["M","M","?","$","?","E","?","E","T","R","?","R","M","M","R","BOSS","M","?","$","?","?","R","E","R","T","E","?"],"build_version":"2019-07-18","purchased_purges":1,"victory":false,"max_hp_per_floor":[71,71,71,71,71,71,64,64,64,64,64,64,64,64,64,64,64,64,64,64,64,64,64,64,64,64,64,64],"card_choices":[{"not_picked":["Go for the Eyes","Skim","Consume"],"picked":"SKIP","floor":1},{"not_picked":["Streamline","Ball Lightning"],"picked":"Auto Shields","floor":2},{"not_picked":["Redo","Reprogram"],"picked":"Self Repair","floor":6},{"not_picked":["Redo","Reprogram"],"picked":"Cold Snap","floor":8},{"not_picked":["Streamline","Hologram"],"picked":"Beam Cell","floor":13},{"not_picked":["Leap","Go for the Eyes"],"picked":"Buffer","floor":14},{"not_picked":["Biased Cognition","Hyperbeam"],"picked":"Electrodynamics","floor":16},{"not_picked":["Chaos","Heatsinks"],"picked":"Defragment","floor":18},{"not_picked":["Double Energy","Rebound","Hologram"],"picked":"SKIP","floor":24},{"not_picked":["White Noise","Auto Shields"],"picked":"Conserve Battery","floor":27}],"player_experience":1898886,"relics_obtained":[{"floor":6,"key":"Mercury Hourglass"},{"floor":8,"key":"Bottled Lightning"},{"floor":9,"key":"Omamori"},{"floor":22,"key":"Frozen Egg 2"},{"floor":24,"key":"Centennial Puzzle"},{"floor":26,"key":"Blood Vial"},{"floor":27,"key":"Bag of Preparation"}],"event_choices":[{"cards_removed":["Strike_B"],"damage_healed":0,"gold_gain":0,"player_choice":"Card Removal","damage_taken":0,"max_hp_gain":0,"max_hp_loss":0,"event_name":"The Cleric","floor":3,"gold_loss":75},{"damage_healed":0,"gold_gain":75,"player_choice":"Gather Gold","damage_taken":11,"max_hp_gain":0,"max_hp_loss":0,"event_name":"World of Goop","floor":5,"gold_loss":0},{"damage_healed":0,"gold_gain":0,"player_choice":"Lose Max HP","damage_taken":0,"relics_obtained":["Golden Idol"],"max_hp_gain":0,"max_hp_loss":7,"event_name":"Golden Idol","floor":7,"gold_loss":0},{"damage_healed":0,"gold_gain":0,"player_choice":"Fled","damage_taken":5,"max_hp_gain":0,"max_hp_loss":0,"event_name":"Scrap Ooze","floor":11,"gold_loss":0},{"damage_healed":0,"gold_gain":0,"cards_transformed":["Strike_B","Strike_B"],"player_choice":"Became Test Subject","damage_taken":0,"max_hp_gain":0,"max_hp_loss":0,"event_name":"Drug Dealer","floor":19,"gold_loss":0,"cards_obtained":["Redo","Defragment"]},{"cards_removed":["Redo"],"damage_healed":0,"gold_gain":0,"player_choice":"Elegance","damage_taken":0,"max_hp_gain":0,"max_hp_loss":0,"event_name":"Back to Basics","floor":21,"gold_loss":0}],"is_beta":true,"boss_relics":[{"not_picked":["White Beast Statue","Fusion Hammer"],"picked":"Coffee Dripper"}],"items_purged_floors":[20],"is_endless":false,"potions_floor_spawned":[2,13,27],"killed_by":"3 Byrds","ascension_level":20}