{"gold_per_floor":[110,123,140,140,140,140,165,236,260,279,279,297,297,318,318,414,414,438,451,477,477,500,500,500],"floor_reached":24,"playtime":922,"items_purged":[],"score":400,"play_id":"44526e33-100e-49cb-a18e-5f639d333b65","local_time":"20190807113546","is_ascension_mode":true,"campfire_choices":[{"data":"Defragment","floor":6,"key":"SMITH"},{"floor":11,"key":"REST"},{"data":"Dualcast","floor":13,"key":"SMITH"},{"data":"Defend_B","floor":15,"key":"SMITH"},{"data":"Conserve Battery","floor":23,"key":"SMITH"}],"neow_cost":"TEN_PERCENT_HP_LOSS","seed_source_timestamp":12767167613904,"circlet_count":0,"master_deck":["AscendersBane","Strike_B","Strike_B","Strike_B","Strike_B","Defend_B+1","Defend_B","Zap","Dualcast+1","Conserve Battery+1","Cold Snap","Self Repair","Defragment+1","Gash","Seek","Electrodynamics","Rip and Tear+1","Reinforced Body"],"relics":["Cracked Core","Golden Idol","Tiny Chest","Vajra","Coffee Dripper","Centennial Puzzle","Kunai"],"potions_floor_usage":[8,10,16,19,24,24],"damage_taken":[{"damage":7,"enemies":"Jaw Worm","floor":1,"turns":2},{"damage":0,"enemies":"Cultist","floor":2,"turns":3},{"damage":3,"enemies":"Small Slimes","floor":3,"turns":3},{"damage":4,"enemies":"Blue Slaver","floor":7,"turns":3},{"damage":29,"enemies":"Lagavulin","floor":8,"turns":6},{"damage":24,"enemies":"Exordium Thugs","floor":10,"turns":5},{"damage":13,"enemies":"Looter","floor":12,"turns":3},{"damage":4,"enemies":"Blue Slaver","floor":14,"turns":3},{"damage":21,"enemies":"The Guardian","floor":16,"turns":13},{"damage":7,"enemies":"Chosen","floor":18,"turns":5},{"damage":6,"enemies":"2 Thieves","floor":19,"turns":4},{"damage":41,"enemies":"Shelled Parasite and Fungi","floor":22,"turns":4},{"damage":15,"enemies":"Gremlin Leader","floor":24,"turns":3}],"seed_played":"92711163376589766","potions_obtained":[{"floor":3,"key":"SteroidPotion"},{"floor":7,"key":"Swift Potion"},{"floor":10,"key":"SteroidPotion"},{"floor":14,"key":"PowerPotion"},{"floor":18,"key":"SkillPotion"},{"floor":19,"key":"Dexterity Potion"}],"is_trial":false,"path_per_floor":["M","M","M","?","?","R","M","E","T","M","R","M","R","M","R","B",null,"M","M","T","T","M","R","E"],"character_chosen":"DEFECT","items_purchased":[],"campfire_rested":1,"item_purchase_floors":[],"current_hp_per_floor":[57,57,54,54,54,54,57,35,35,18,35,29,29,32,32,18,48,48,49,49,49,15,15,0],"gold":500,"neow_bonus":"REMOVE_TWO","is_prod":false,"is_daily":false,"chose_seed":false,"campfire_upgraded":4,"win_rate":0,"timestamp":1565145346,"path_taken":["M","M","M","?","?","R","M","E","T","?","R","M","R","M","R","BOSS","M","M","?","?","M","R","E"],"build_version":"2019-07-17","purchased_purges":0,"victory":false,"max_hp_per_floor":[64,64,64,58,58,58,58,58,58,58,58,58,58,58,58,58,58,58,58,58,58,58,58,58],"card_choices":[{"not_picked":["Barrage","Hello World"],"picked":"Conserve Battery","floor":1},{"not_picked":["Sweeping Beam","Stack"],"picked":"Cold Snap","floor":2},{"not_picked":["Coolheaded","Skim"],"picked":"Self Repair","floor":3},{"not_picked":["Conserve Battery","Lockon","Undo"],"picked":"SKIP","floor":7},{"not_picked":["Hello World","Redo","Compile Driver"],"picked":"SKIP","floor":8},{"not_picked":["Consume","Darkness","Beam Cell"],"picked":"SKIP","floor":10},{"not_picked":["Steam","Aggregate","Conserve Battery"],"picked":"SKIP","floor":12},{"not_picked":["Barrage","Cold Snap"],"picked":"Seek","floor":14},{"not_picked":["Meteor Strike","Reboot"],"picked":"Electrodynamics","floor":16},{"not_picked":["Steam","Conserve Battery"],"picked":"Rip and Tear+1","floor":18},{"not_picked":["Ball Lightning","White Noise"],"picked":"Reinforced Body","floor":19},{"not_picked":["Steam","Chaos","Hello World"],"picked":"SKIP","floor":22}],"player_experience":285176,"relics_obtained":[{"floor":8,"key":"Tiny Chest"},{"floor":9,"key":"Vajra"},{"floor":20,"key":"Centennial Puzzle"},{"floor":21,"key":"Kunai"}],"event_choices":[{"damage_healed":0,"gold_gain":0,"player_choice":"Lose Max HP","damage_taken":0,"relics_obtained":["Golden Idol"],"max_hp_gain":0,"max_hp_loss":6,"event_name":"Golden Idol","floor":4,"gold_loss":0},{"damage_healed":0,"gold_gain":0,"player_choice":"2 cards matched","damage_taken":0,"max_hp_gain":0,"max_hp_loss":0,"event_name":"Match and Keep!","floor":5,"gold_loss":0,"cards_obtained":["Defragment","Gash"]}],"is_beta":false,"boss_relics":[{"not_picked":["Cursed Key","Calling Bell"],"picked":"Coffee Dripper"}],"items_purged_floors":[],"is_endless":false,"potions_floor_spawned":[3,7,10,14,18,19],"killed_by":"Gremlin Leader","ascension_level":20}