{"gold_per_floor":[112,212,232,248,198,198,226,151,151,167,167,195,207,207,207,303,303,313,313,313,12,22,22,51,63,89,123,48,61,61,72,72,177,177,196,209,209,43,54,84,84,116,116,116,116,116,127,139,139,139],"floor_reached":51,"playtime":2624,"items_purged":["Strike_B","Writhe"],"score":1166,"play_id":"ed302432-30f6-4ce9-9916-e91353f7f1de","local_time":"20190714150536","is_ascension_mode":true,"campfire_choices":[{"data":"Static Discharge","floor":6,"key":"SMITH"},{"floor":11,"key":"REST"},{"data":"Seek","floor":15,"key":"SMITH"},{"data":"Biased Cognition","floor":23,"key":"SMITH"},{"floor":30,"key":"REST"},{"data":"Defragment","floor":32,"key":"SMITH"},{"floor":41,"key":"REST"},{"floor":44,"key":"REST"},{"data":"Apotheosis","floor":46,"key":"SMITH"},{"data":"Machine Learning","floor":49,"key":"SMITH"}],"neow_cost":"","seed_source_timestamp":259233457430800,"circlet_count":0,"master_deck":["Defend_B","Defend_B","Defend_B","Defend_B","Zap","Dualcast","Static Discharge+1","Steam","Coolheaded","Lockon","Glacier","Capacitor","Seek+1","Biased Cognition+1","Biased Cognition","Lockon+1","Electrodynamics","Defragment+1","Auto Shields","Machine Learning+1","Darkness","Apotheosis+1"],"relics":["Cracked Core","Pantograph","Kunai","Blue Candle","Velvet Choker","DataDisk","DollysMirror","Dodecahedron","Anchor","Ancient Tea Set","Busted Crown","Nunchaku","Calipers","Incense Burner"],"potions_floor_usage":[12,16,27,33,36,40,50,50],"damage_taken":[{"damage":3,"enemies":"Small Slimes","floor":1,"turns":3},{"damage":0,"enemies":"Cultist","floor":3,"turns":3},{"damage":9,"enemies":"2 Louse","floor":4,"turns":3},{"damage":17,"enemies":"Lagavulin","floor":7,"turns":8},{"damage":13,"enemies":"Large Slime","floor":10,"turns":6},{"damage":4,"enemies":"3 Sentries","floor":12,"turns":6},{"damage":1,"enemies":"2 Fungi Beasts","floor":13,"turns":3},{"damage":27,"enemies":"Slime Boss","floor":16,"turns":14},{"damage":0,"enemies":"Chosen","floor":18,"turns":6},{"damage":17,"enemies":"Shell Parasite","floor":22,"turns":3},{"damage":31,"enemies":"Gremlin Leader","floor":24,"turns":6},{"damage":11,"enemies":"Snake Plant","floor":25,"turns":2},{"damage":3,"enemies":"Slavers","floor":27,"turns":3},{"damage":6,"enemies":"Snecko","floor":29,"turns":4},{"damage":0,"enemies":"Shelled Parasite and Fungi","floor":31,"turns":3},{"damage":22,"enemies":"Collector","floor":33,"turns":7},{"damage":0,"enemies":"3 Shapes","floor":35,"turns":3},{"damage":0,"enemies":"3 Darklings","floor":36,"turns":6},{"damage":13,"enemies":"Maw","floor":39,"turns":5},{"damage":17,"enemies":"Reptomancer","floor":40,"turns":6},{"damage":29,"enemies":"Nemesis","floor":42,"turns":5},{"damage":0,"enemies":"Transient","floor":47,"turns":5},{"damage":1,"enemies":"Sphere and 2 Shapes","floor":48,"turns":4},{"damage":24,"enemies":"Awakened One","floor":50,"turns":8}],"seed_played":"-1947332802088553763","potions_obtained":[{"floor":1,"key":"FairyPotion"},{"floor":3,"key":"FocusPotion"},{"floor":7,"key":"SteroidPotion"},{"floor":13,"key":"PowerPotion"},{"floor":24,"key":"AttackPotion"},{"floor":27,"key":"Explosive Potion"},{"floor":31,"key":"Swift Potion"},{"floor":33,"key":"LiquidBronze"},{"floor":39,"key":"AttackPotion"},{"floor":40,"key":"PowerPotion"}],"is_trial":false,"path_per_floor":["M","?","M","M","?","R","E","$","T","M","R","E","M","?","R","B",null,"M","?","?","$","M","R","E","M","T","E","?","M","R","M","R","B",null,"M","M","?","$","M","E","R","E","T","R","$","R","M","M","R","B",null],"character_chosen":"DEFECT","items_purchased":["Static Discharge","Steam","DollysMirror","Apotheosis"],"campfire_rested":4,"item_purchase_floors":[0,0,21,38],"current_hp_per_floor":[72,72,72,63,63,63,46,46,46,33,55,51,50,43,43,41,75,75,75,75,75,58,58,27,16,16,13,13,7,29,29,29,32,75,75,75,75,75,62,45,67,38,38,60,60,60,60,59,59,51],"gold":139,"neow_bonus":"","is_prod":false,"is_daily":false,"chose_seed":false,"campfire_upgraded":6,"win_rate":0,"timestamp":1563134736,"path_taken":["M","?","M","?","?","R","E","$","T","M","R","E","M","?","R","BOSS","M","?","?","$","M","R","E","M","T","E","?","M","R","M","R","BOSS","M","M","?","$","M","E","R","E","T","R","$","R","M","M","R","BOSS"],"build_version":"2019-07-05","purchased_purges":2,"victory":true,"max_hp_per_floor":[75,75,75,75,75,75,75,75,75,75,75,75,75,75,75,75,75,75,75,75,75,75,75,75,75,75,75,75,75,75,75,75,75,75,75,75,75,75,75,75,75,75,75,75,75,75,75,75,75,75],"card_choices":[{"not_picked":["Blizzard","Aggregate","Double Energy"],"picked":"SKIP","floor":1},{"not_picked":["Barrage","FTL"],"picked":"Coolheaded","floor":3},{"not_picked":["Beam Cell","Undo"],"picked":"Lockon","floor":4},{"not_picked":["Tempest","Steam Power"],"picked":"Glacier","floor":7},{"not_picked":["Skim","Steam"],"picked":"Capacitor","floor":10},{"not_picked":["Lockon","Steam Power"],"picked":"Seek","floor":12},{"not_picked":["Steam Power","Glacier","Blizzard"],"picked":"SKIP","floor":13},{"not_picked":["Hyperbeam","Echo Form"],"picked":"Biased Cognition","floor":16},{"not_picked":["Streamline","Steam","Recycle"],"picked":"SKIP","floor":18},{"not_picked":["Gash","Redo"],"picked":"Lockon+1","floor":22},{"not_picked":["Go for the Eyes","Recycle+1"],"picked":"Electrodynamics","floor":24},{"not_picked":["Gash+1","Hologram"],"picked":"Defragment","floor":25},{"not_picked":["Loop+1","Steam Power"],"picked":"Auto Shields","floor":27},{"not_picked":["Chaos+1","Barrage","Beam Cell+1"],"picked":"SKIP","floor":29},{"not_picked":["Steam+1","Compile Driver","Capacitor"],"picked":"SKIP","floor":31},{"not_picked":["Echo Form","Fission"],"picked":"Machine Learning","floor":33},{"not_picked":["Genetic Algorithm"],"picked":"SKIP","floor":35},{"not_picked":[],"picked":"Darkness","floor":36},{"not_picked":["Redo+1"],"picked":"SKIP","floor":39},{"not_picked":["Blizzard+1"],"picked":"SKIP","floor":40},{"not_picked":["Fusion"],"picked":"SKIP","floor":42},{"not_picked":["Hologram"],"picked":"SKIP","floor":47},{"not_picked":["Reprogram"],"picked":"SKIP","floor":48}],"player_experience":409103,"relics_obtained":[{"floor":7,"key":"Pantograph"},{"floor":9,"key":"Kunai"},{"floor":12,"key":"Blue Candle"},{"floor":24,"key":"Dodecahedron"},{"floor":26,"key":"Anchor"},{"floor":27,"key":"Ancient Tea Set"},{"floor":40,"key":"Nunchaku"},{"floor":42,"key":"Calipers"},{"floor":43,"key":"Incense Burner"}],"event_choices":[{"damage_healed":0,"gold_gain":100,"player_choice":"Pray","damage_taken":0,"max_hp_gain":0,"max_hp_loss":0,"event_name":"Golden Shrine","floor":2,"gold_loss":0},{"cards_removed":["Strike_B"],"damage_healed":0,"gold_gain":0,"player_choice":"Card Removal","damage_taken":0,"max_hp_gain":0,"max_hp_loss":0,"event_name":"The Cleric","floor":5,"gold_loss":50},{"cards_removed":["Strike_B"],"damage_healed":0,"gold_gain":0,"player_choice":"Card Removal","damage_taken":7,"max_hp_gain":0,"max_hp_loss":0,"event_name":"Golden Wing","floor":14,"gold_loss":0},{"damage_healed":0,"gold_gain":0,"player_choice":"Opened","damage_taken":0,"relics_obtained":["DataDisk"],"max_hp_gain":0,"max_hp_loss":0,"event_name":"The Mausoleum","floor":19,"gold_loss":0,"cards_obtained":["Writhe"]},{"damage_healed":0,"gold_gain":0,"player_choice":"Ignored","damage_taken":0,"max_hp_gain":0,"max_hp_loss":0,"event_name":"Cursed Tome","floor":20,"gold_loss":0},{"cards_removed":["Strike_B"],"damage_healed":0,"gold_gain":0,"player_choice":"Gave Gold","damage_taken":0,"max_hp_gain":0,"max_hp_loss":0,"event_name":"Beggar","floor":28,"gold_loss":75},{"damage_healed":0,"gold_gain":0,"player_choice":"Ignored","damage_taken":0,"max_hp_gain":0,"max_hp_loss":0,"event_name":"SecretPortal","floor":37,"gold_loss":0}],"is_beta":false,"boss_relics":[{"not_picked":["Philosopher\u0027s Stone","Astrolabe"],"picked":"Velvet Choker"},{"not_picked":["Nuclear Battery","Runic Pyramid"],"picked":"Busted Crown"}],"items_purged_floors":[8,21],"is_endless":false,"potions_floor_spawned":[1,3,7,13,24,27,31,33,35,39,40],"ascension_level":4}