{"gold_per_floor":[116,116,132,41,58,85,85,96,96,96,124,140,166,178,178,257,257,232,282,293,3,21,21,52,52,52,81,81,81,81,97,97,169,169,185,204,43,143,159,159,159],"floor_reached":41,"playtime":1490,"items_purged":["Strike_B"],"score":882,"play_id":"a311e3a5-e590-4ef0-b181-251cad68ca81","local_time":"20190803013146","is_ascension_mode":true,"campfire_choices":[{"data":"Zap","floor":7.0,"key":"SMITH"},{"data":"Chill","floor":10.0,"key":"SMITH"},{"data":"Creative AI","floor":15.0,"key":"SMITH"},{"data":"Apotheosis","floor":23.0,"key":"SMITH"},{"data":"Conserve Battery","floor":25.0,"key":"SMITH"},{"floor":28.0,"key":"REST"},{"floor":32.0,"key":"REST"},{"floor":40.0,"key":"REST"}],"neow_cost":"NONE","seed_source_timestamp":20073120688917,"circlet_count":0,"master_deck":["AscendersBane","Strike_B","Strike_B","Strike_B+1","Defend_B+1","Defend_B","Defend_B","Defend_B+1","Zap+1","Dualcast","Cold Snap+1","Conserve Battery+1","Genetic Algorithm","Cold Snap","Ball Lightning","Chill+1","Creative AI+1","Core Surge","Apotheosis+1","BootSequence","Static Discharge+1","Core Surge","Fusion","Sweeping Beam","Recycle"],"special_seed":0,"relics":["Cracked Core","NeowsBlessing","Whetstone","Shuriken","Bird Faced Urn","War Paint","Sozu","Oddly Smooth Stone","Frozen Egg 2","Boot","NlothsMask","Runic Pyramid","Bag of Preparation","Mango"],"potions_floor_usage":[],"damage_taken":[{"damage":0.0,"enemies":"Cultist","floor":1.0,"turns":1.0},{"damage":0.0,"enemies":"Jaw Worm","floor":3.0,"turns":1.0},{"damage":0.0,"enemies":"Small Slimes","floor":5.0,"turns":1.0},{"damage":28.0,"enemies":"Gremlin Nob","floor":6.0,"turns":4.0},{"damage":0.0,"enemies":"Exordium Thugs","floor":8.0,"turns":5.0},{"damage":21.0,"enemies":"3 Sentries","floor":11.0,"turns":9.0},{"damage":0.0,"enemies":"Blue Slaver","floor":12.0,"turns":3.0},{"damage":0.0,"enemies":"3 Louse","floor":14.0,"turns":4.0},{"damage":7.0,"enemies":"The Guardian","floor":16.0,"turns":13.0},{"damage":9.0,"enemies":"2 Thieves","floor":18.0,"turns":4.0},{"damage":1.0,"enemies":"Chosen","floor":20.0,"turns":6.0},{"damage":22.0,"enemies":"Snake Plant","floor":22.0,"turns":6.0},{"damage":6.0,"enemies":"Gremlin Leader","floor":24.0,"turns":7.0},{"damage":59.0,"enemies":"Book of Stabbing","floor":27.0,"turns":8.0},{"damage":8.0,"enemies":"Centurion and Healer","floor":31.0,"turns":13.0},{"damage":47.0,"enemies":"Collector","floor":33.0,"turns":10.0},{"damage":17.0,"enemies":"3 Darklings","floor":35.0,"turns":8.0},{"damage":5.0,"enemies":"Orb Walker","floor":36.0,"turns":5.0},{"damage":0.0,"enemies":"Mind Bloom Boss Battle","floor":38.0,"turns":9.0},{"damage":66.0,"enemies":"Transient","floor":39.0,"turns":6.0},{"damage":77,"enemies":"Giant Head","floor":41,"turns":9}],"seed_played":"-165927672961291718","potions_obtained":[{"floor":1.0,"key":"Strength Potion"},{"floor":3.0,"key":"GamblersBrew"},{"floor":11.0,"key":"Poison Potion"},{"floor":14.0,"key":"Block Potion"},{"floor":16.0,"key":"Block Potion"}],"is_trial":false,"path_per_floor":["M","?","M","$","M","E","R","M","T","R","E","M","T","M","R","B",null,"M","?","M","$","M","R","E","R","T","E","R","?","$","M","R","B",null,"M","M","$","?","M","R","E"],"character_chosen":"DEFECT","items_purchased":["Genetic Algorithm","Cold Snap","Apotheosis","Bag of Preparation"],"campfire_rested":3,"item_purchase_floors":[4,4,21,37],"current_hp_per_floor":[64,71,71,71,71,43,43,43,43,43,22,22,22,22,22,29,61,58,58,61,61,47,47,53,53,53,6,27,27,27,41,62,45,65,68,68,68,85,25,50,0],"gold":159,"neow_bonus":"THREE_ENEMY_KILL","is_prod":false,"is_daily":false,"chose_seed":false,"campfire_upgraded":5,"win_rate":0,"timestamp":1564788706,"path_taken":["M","?","M","$","M","E","R","?","T","R","E","M","?","M","R","BOSS","M","?","M","$","M","R","E","R","T","E","R","?","$","M","R","BOSS","M","M","$","?","M","R","E"],"build_version":"2019-07-18","purchased_purges":1,"victory":false,"max_hp_per_floor":[71,71,71,71,71,71,71,71,71,71,71,71,71,71,71,71,71,71,71,71,71,71,71,71,71,71,71,71,71,71,71,71,71,71,71,71,71,85,85,85,85],"card_choices":[{"not_picked":["Static Discharge","Beam Cell"],"picked":"Cold Snap","floor":1.0},{"not_picked":["Aggregate","Go for the Eyes"],"picked":"Conserve Battery","floor":3.0},{"not_picked":["Conserve Battery","Reinforced Body"],"picked":"Ball Lightning","floor":5.0},{"not_picked":["Tempest","Cold Snap"],"picked":"Chill","floor":6.0},{"not_picked":["Scrape","Conserve Battery","Barrage"],"picked":"SKIP","floor":8.0},{"not_picked":["Redo","Steam Power","Streamline"],"picked":"SKIP","floor":11.0},{"not_picked":["Genetic Algorithm","Go for the Eyes"],"picked":"Creative AI","floor":12.0},{"not_picked":["Melter","Stack","Turbo"],"picked":"SKIP","floor":14.0},{"not_picked":["Reboot","All For One"],"picked":"Core Surge","floor":16.0},{"not_picked":["Barrage","Ball Lightning","Lockon+1"],"picked":"SKIP","floor":18.0},{"not_picked":["Go for the Eyes","Conserve Battery","Barrage"],"picked":"SKIP","floor":20.0},{"not_picked":["Chill","Hologram","Streamline"],"picked":"SKIP","floor":22.0},{"not_picked":["Streamline","Gash","Chaos"],"picked":"SKIP","floor":24.0},{"not_picked":["Redo","Melter"],"picked":"BootSequence","floor":27.0},{"not_picked":["Scrape","Beam Cell"],"picked":"Static Discharge+1","floor":31.0},{"not_picked":["Amplify","Machine Learning+1"],"picked":"Core Surge","floor":33.0},{"not_picked":["Gash","Rip and Tear"],"picked":"Fusion","floor":35.0},{"not_picked":["Ball Lightning","Reprogram","Leap"],"picked":"SKIP","floor":36.0},{"not_picked":["Sunder","Stack"],"picked":"Sweeping Beam","floor":38.0},{"not_picked":["Fusion","Scrape"],"picked":"Recycle","floor":39.0}],"player_experience":1948307,"relics_obtained":[{"floor":6.0,"key":"Whetstone"},{"floor":9.0,"key":"Shuriken"},{"floor":11.0,"key":"Bird Faced Urn"},{"floor":13.0,"key":"War Paint"},{"floor":24.0,"key":"Oddly Smooth Stone"},{"floor":26.0,"key":"Frozen Egg 2"},{"floor":27.0,"key":"Boot"},{"floor":38.0,"key":"Mango"}],"event_choices":[{"damage_healed":7.0,"max_hp_gain":0.0,"max_hp_loss":0.0,"gold_gain":0.0,"event_name":"Wheel of Change","player_choice":"Full Heal","floor":2.0,"gold_loss":0.0,"damage_taken":0.0},{"damage_healed":0.0,"max_hp_gain":0.0,"max_hp_loss":0.0,"gold_gain":50.0,"event_name":"Nest","player_choice":"Stole From Cult","floor":19.0,"gold_loss":0.0,"damage_taken":0.0},{"damage_healed":0.0,"max_hp_gain":0.0,"max_hp_loss":0.0,"gold_gain":0.0,"event_name":"FaceTrader","player_choice":"Trade","floor":29.0,"gold_loss":0.0,"damage_taken":0.0,"relics_obtained":["NlothsMask"]},{"damage_healed":0.0,"max_hp_gain":0.0,"max_hp_loss":0.0,"gold_gain":0.0,"event_name":"MindBloom","player_choice":"Fight","floor":38.0,"gold_loss":0.0,"damage_taken":0.0}],"is_beta":true,"boss_relics":[{"not_picked":["Fusion Hammer","Tiny House"],"picked":"Sozu"},{"not_picked":["White Beast Statue","Velvet Choker"],"picked":"Runic Pyramid"}],"items_purged_floors":[21],"is_endless":false,"potions_floor_spawned":[1,3,11,14,16,18,20,24,33,36],"killed_by":"Giant Head","ascension_level":20}