{"gold_per_floor":[109,109,124,124,81,81,107,123,123,149,149,165,183,203,203,279,279,290,310,5,5,18,18,43,43,43,78,78,7,34,34,34,108,108,128,1127,1137,1137,1152,1152,1152,42,42,42,62,62,74,126,126,126,126],"floor_reached":51,"playtime":1935,"items_purged":["Strike_B","Normality"],"score":1401,"play_id":"12e0c3fc-dd5f-477b-8608-a071a125d6fd","local_time":"20190619201611","is_ascension_mode":true,"campfire_choices":[{"data":"Zap","floor":6,"key":"SMITH"},{"data":"Fusion","floor":15,"key":"SMITH"},{"data":"Reboot","floor":23,"key":"SMITH"},{"data":"Double Energy","floor":25,"key":"SMITH"},{"floor":28,"key":"REST"},{"data":"Darkness","floor":32,"key":"SMITH"},{"data":"Seek","floor":40,"key":"SMITH"},{"data":"Tempest","floor":44,"key":"SMITH"},{"floor":49,"key":"REST"}],"neow_cost":"NONE","seed_source_timestamp":494198293017,"circlet_count":0,"master_deck":["AscendersBane","Strike_B+1","Strike_B+1","Defend_B","Defend_B","Defend_B","Zap+1","Dualcast","Rip and Tear+1","Compile Driver","Reboot+1","Genetic Algorithm","Double Energy+1","Self Repair+1","Fusion+1","Electrodynamics+1","Ball Lightning+1","Darkness+1","Static Discharge+1","Conserve Battery","Conserve Battery","Reinforced Body+1","Defragment+1","Buffer+1","Seek+1","Normality","Auto Shields","Tempest+1","Multi-Cast"],"relics":["FrozenCore","NeowsBlessing","The Courier","Frozen Egg 2","Anchor","Symbiotic Virus","Inserter","OrangePellets","Sundial","Shuriken","Strawberry","Gambling Chip","Molten Egg 2","Turnip","Bottled Flame","Sling","Whetstone","Bird Faced Urn","Blue Candle","Ginger"],"potions_floor_usage":[10,19,27,51,51],"damage_taken":[{"damage":0,"enemies":"2 Louse","floor":1,"turns":1},{"damage":0,"enemies":"Small Slimes","floor":3,"turns":1},{"damage":0,"enemies":"3 Sentries","floor":7,"turns":1},{"damage":0,"enemies":"Jaw Worm","floor":8,"turns":3},{"damage":10,"enemies":"Gremlin Nob","floor":10,"turns":3},{"damage":0,"enemies":"Large Slime","floor":12,"turns":3},{"damage":4,"enemies":"2 Fungi Beasts","floor":13,"turns":4},{"damage":0,"enemies":"Blue Slaver","floor":14,"turns":3},{"damage":33,"enemies":"Slime Boss","floor":16,"turns":7},{"damage":1,"enemies":"3 Byrds","floor":18,"turns":3},{"damage":18,"enemies":"2 Thieves","floor":19,"turns":3},{"damage":21,"enemies":"Snake Plant","floor":22,"turns":3},{"damage":13,"enemies":"Gremlin Leader","floor":24,"turns":5},{"damage":43,"enemies":"Slavers","floor":27,"turns":4},{"damage":6,"enemies":"Gremlin Leader","floor":30,"turns":5},{"damage":45,"enemies":"Automaton","floor":33,"turns":10},{"damage":12,"enemies":"3 Darklings","floor":35,"turns":5},{"damage":4,"enemies":"Orb Walker","floor":37,"turns":4},{"damage":0,"enemies":"Spire Growth","floor":39,"turns":8},{"damage":0,"enemies":"4 Shapes","floor":45,"turns":4},{"damage":11,"enemies":"3 Darklings","floor":47,"turns":4},{"damage":30,"enemies":"2 Orb Walkers","floor":48,"turns":3},{"damage":56,"enemies":"Donu and Deca","floor":50,"turns":11},{"damage":61,"enemies":"Awakened One","floor":51,"turns":4}],"seed_played":"-2246623936201403458","potions_obtained":[{"floor":3,"key":"FearPotion"},{"floor":7,"key":"Fire Potion"},{"floor":10,"key":"PowerPotion"},{"floor":19,"key":"Dexterity Potion"}],"is_trial":false,"path_per_floor":["M","?","M","?","$","R","E","M","T","E","?","M","M","M","R","B",null,"M","M","$","?","M","R","E","R","T","E","R","$","E","?","R","B",null,"M","?","M","?","M","R","?","$","T","R","M","T","M","?","R","B","B"],"character_chosen":"DEFECT","items_purchased":["AttackPotion","OrangePellets","Static Discharge+1","Defragment+1","Molten Egg 2","Turnip","Bottled Flame","Sling","Whetstone","FocusPotion"],"campfire_rested":2,"item_purchase_floors":[5,20,20,29,42,42,42,42,42,42],"current_hp_per_floor":[64,46,46,46,46,46,46,46,46,36,29,29,35,45,45,22,59,68,60,60,60,49,49,46,46,46,20,43,43,47,47,47,12,62,60,60,56,56,66,66,66,66,66,66,72,72,74,54,74,34,0],"gold":126,"neow_bonus":"THREE_ENEMY_KILL","is_prod":false,"is_daily":false,"chose_seed":false,"campfire_upgraded":7,"win_rate":0,"timestamp":1560968171,"path_taken":["M","?","M","?","$","R","E","M","T","E","?","M","M","M","R","BOSS","M","M","$","?","M","R","E","R","T","E","R","?","E","?","R","BOSS","M","?","M","?","?","R","?","$","T","R","M","?","M","?","R","BOSS","BOSS"],"build_version":"2019-06-18","purchased_purges":2,"victory":false,"max_hp_per_floor":[71,71,71,71,71,71,71,71,71,71,71,71,71,71,71,71,71,71,71,71,71,71,71,71,71,71,78,78,78,78,78,78,78,78,78,78,78,78,78,78,74,74,74,74,74,74,74,74,74,74,74],"card_choices":[{"not_picked":["Go for the Eyes","Stack"],"picked":"Rip and Tear","floor":1},{"not_picked":["Capacitor","Turbo"],"picked":"Compile Driver","floor":3},{"not_picked":["Go for the Eyes","Leap"],"picked":"Reboot","floor":7},{"not_picked":["Beam Cell","Self Repair+1"],"picked":"Genetic Algorithm","floor":8},{"not_picked":["Redo","Blizzard"],"picked":"Double Energy","floor":10},{"not_picked":["BootSequence","Barrage"],"picked":"Self Repair+1","floor":12},{"not_picked":["Beam Cell","Leap"],"picked":"Fusion","floor":13},{"not_picked":["Coolheaded","Streamline","Rebound"],"picked":"SKIP","floor":14},{"not_picked":["Echo Form+1","Thunder Strike"],"picked":"Electrodynamics+1","floor":16},{"not_picked":["Compile Driver","Streamline"],"picked":"Ball Lightning+1","floor":18},{"not_picked":["Stack","Aggregate"],"picked":"Darkness","floor":19},{"not_picked":["Steam","Go for the Eyes"],"picked":"Conserve Battery","floor":22},{"not_picked":["Reboot","Double Energy"],"picked":"Conserve Battery","floor":24},{"not_picked":["Gash+1","Turbo"],"picked":"Reinforced Body+1","floor":27},{"not_picked":["Skim","Go for the Eyes"],"picked":"Buffer+1","floor":30},{"not_picked":["Hyperbeam","Electrodynamics+1"],"picked":"Seek","floor":33},{"not_picked":["Blizzard","Redo","Turbo"],"picked":"SKIP","floor":35},{"not_picked":["Leap","Redo"],"picked":"Auto Shields","floor":37},{"not_picked":["Sweeping Beam","Redo"],"picked":"Tempest","floor":39},{"not_picked":["Ball Lightning+1","Conserve Battery+1","Gash+1"],"picked":"SKIP","floor":45},{"not_picked":["White Noise+1","Stack+1","Conserve Battery+1"],"picked":"SKIP","floor":47},{"not_picked":["Steam","Compile Driver+1"],"picked":"Multi-Cast","floor":48}],"player_experience":1736467,"relics_obtained":[{"floor":7,"key":"Frozen Egg 2"},{"floor":9,"key":"Anchor"},{"floor":10,"key":"Symbiotic Virus"},{"floor":24,"key":"Sundial"},{"floor":26,"key":"Shuriken"},{"floor":27,"key":"Strawberry"},{"floor":30,"key":"Gambling Chip"},{"floor":43,"key":"Bird Faced Urn"},{"floor":46,"key":"Blue Candle"},{"floor":48,"key":"Ginger"}],"event_choices":[{"damage_healed":0,"gold_gain":0,"player_choice":"Success","damage_taken":18,"relics_obtained":["The Courier"],"max_hp_gain":0,"max_hp_loss":0,"event_name":"Scrap Ooze","floor":2,"gold_loss":0},{"damage_healed":0,"gold_gain":0,"player_choice":"Grow","damage_taken":0,"max_hp_gain":0,"max_hp_loss":0,"event_name":"Living Wall","floor":4,"gold_loss":0,"cards_upgraded":["Rip and Tear"]},{"cards_removed":["Strike_B"],"damage_healed":0,"gold_gain":0,"player_choice":"Card Removal","damage_taken":7,"max_hp_gain":0,"max_hp_loss":0,"event_name":"Golden Wing","floor":11,"gold_loss":0},{"damage_healed":0,"gold_gain":0,"player_choice":"Ignored","damage_taken":0,"max_hp_gain":0,"max_hp_loss":0,"event_name":"The Mausoleum","floor":21,"gold_loss":0},{"damage_healed":0,"gold_gain":0,"player_choice":"Ignored","damage_taken":0,"max_hp_gain":0,"max_hp_loss":0,"event_name":"Ghosts","floor":31,"gold_loss":0},{"damage_healed":0,"gold_gain":999,"player_choice":"Gold","damage_taken":0,"max_hp_gain":0,"max_hp_loss":0,"event_name":"MindBloom","floor":36,"gold_loss":0,"cards_obtained":["Normality","Normality"]},{"cards_removed":["Defend_B"],"damage_healed":0,"gold_gain":0,"player_choice":"Removed Skill","damage_taken":0,"max_hp_gain":0,"max_hp_loss":0,"event_name":"Falling","floor":38,"gold_loss":0},{"damage_healed":0,"gold_gain":0,"player_choice":"Max HP","damage_taken":0,"max_hp_gain":0,"max_hp_loss":4,"event_name":"Winding Halls","floor":41,"gold_loss":0},{"damage_healed":0,"gold_gain":0,"player_choice":"Fight","damage_taken":0,"max_hp_gain":0,"max_hp_loss":0,"event_name":"Mysterious Sphere","floor":48,"gold_loss":0}],"is_beta":true,"boss_relics":[{"not_picked":["Snecko Eye","White Beast Statue"],"picked":"Inserter"},{"not_picked":["Coffee Dripper","Nuclear Battery"],"picked":"FrozenCore"}],"items_purged_floors":[20,42],"is_endless":false,"potions_floor_spawned":[3,7,10,14,18,19,24,45,47,48],"killed_by":"Awakened One","ascension_level":20}