{"gold_per_floor":[216,228,65,81,95,95,108,108,162,195,195,220,370,42,42,121,121,132,149,149,176,188],"floor_reached":22,"playtime":2788,"items_purged":["Strike_G"],"score":392,"play_id":"9f06428f-a9c2-4d69-b9ef-6502c770222a","local_time":"20190731104351","is_ascension_mode":true,"campfire_choices":[{"data":"Flechettes","floor":6.0,"key":"SMITH"},{"data":"Noxious Fumes","floor":8.0,"key":"SMITH"},{"floor":11.0,"key":"REST"},{"floor":15.0,"key":"REST"}],"neow_cost":"NONE","seed_source_timestamp":990638764036862,"circlet_count":0,"master_deck":["AscendersBane","Strike_G","Strike_G","Strike_G","Strike_G","Defend_G","Defend_G","Defend_G","Defend_G","Defend_G","Survivor","Neutralize","Catalyst","Slice","Noxious Fumes+1","Flechettes+1","Poisoned Stab","Well Laid Plans","Blur","Skewer+1","Dagger Spray+1","Noxious Fumes","Leg Sweep","Skewer+1","PiercingWail","Adrenaline","Backstab+1","Acrobatics"],"special_seed":0,"relics":["Ring of the Snake","Omamori","Molten Egg 2","Regal Pillow","Sozu","MawBank"],"potions_floor_usage":[],"damage_taken":[{"damage":0.0,"enemies":"2 Louse","floor":1.0,"turns":3.0},{"damage":4.0,"enemies":"Jaw Worm","floor":2.0,"turns":6.0},{"damage":1.0,"enemies":"Cultist","floor":4.0,"turns":4.0},{"damage":18.0,"enemies":"Large Slime","floor":5.0,"turns":7.0},{"damage":5.0,"enemies":"Exordium Wildlife","floor":7.0,"turns":4.0},{"damage":20.0,"enemies":"Lagavulin","floor":10.0,"turns":5.0},{"damage":12.0,"enemies":"3 Sentries","floor":12.0,"turns":7.0},{"damage":11.0,"enemies":"The Guardian","floor":16.0,"turns":9.0},{"damage":0.0,"enemies":"Spheric Guardian","floor":18.0,"turns":4.0},{"damage":29.0,"enemies":"Shell Parasite","floor":19.0,"turns":4.0},{"damage":24,"enemies":"Snake Plant","floor":21,"turns":4},{"damage":14,"enemies":"Centurion and Healer","floor":22,"turns":1}],"seed_played":"6416573454081700444","potions_obtained":[{"floor":1.0,"key":"SpeedPotion"},{"floor":2.0,"key":"AttackPotion"},{"floor":16.0,"key":"SpeedPotion"}],"is_trial":false,"path_per_floor":["M","M","$","M","M","R","M","R","T","E","R","E","?","$","R","B",null,"M","M","?","M","M"],"character_chosen":"THE_SILENT","items_purchased":["Noxious Fumes","Flechettes","Noxious Fumes","Leg Sweep","Skewer+1","PiercingWail"],"campfire_rested":2,"item_purchase_floors":[3,3,14,14,14,14],"current_hp_per_floor":[59,55,55,54,36,36,31,31,31,11,30,18,18,18,52,41,60,60,31,31,7,0],"gold":188,"neow_bonus":"HUNDRED_GOLD","is_prod":false,"is_daily":false,"chose_seed":false,"campfire_upgraded":2,"win_rate":0,"timestamp":1564559031,"path_taken":["M","M","$","M","M","R","M","R","T","E","R","E","?","$","R","BOSS","M","M","?","M","M"],"build_version":"2019-07-17","purchased_purges":1,"victory":false,"max_hp_per_floor":[66,66,66,66,66,66,66,66,66,66,66,66,66,66,66,66,66,66,66,66,66,66],"card_choices":[{"not_picked":["Expertise","Accuracy"],"picked":"Catalyst","floor":1.0},{"not_picked":["Blade Dance","Deflect"],"picked":"Slice","floor":2.0},{"not_picked":["Accuracy","Calculated Gamble"],"picked":"Poisoned Stab","floor":4.0},{"not_picked":["Underhanded Strike","Flechettes"],"picked":"Well Laid Plans","floor":5.0},{"not_picked":["Sucker Punch","Flying Knee"],"picked":"Blur","floor":7.0},{"not_picked":["Backflip","Unload"],"picked":"Skewer","floor":10.0},{"not_picked":["Cloak And Dagger","Quick Slash+1"],"picked":"Dagger Spray+1","floor":12.0},{"not_picked":["Tools of the Trade","Storm of Steel"],"picked":"Adrenaline","floor":16.0},{"not_picked":["Underhanded Strike+1","Deadly Poison"],"picked":"Backstab+1","floor":18.0},{"not_picked":["Blade Dance","Sucker Punch+1"],"picked":"Acrobatics","floor":19},{"not_picked":["Blade Dance+1","Expertise","Bane+1"],"picked":"SKIP","floor":21}],"player_experience":1124349,"relics_obtained":[{"floor":9.0,"key":"Omamori"},{"floor":10.0,"key":"Molten Egg 2"},{"floor":12.0,"key":"Regal Pillow"},{"floor":20,"key":"MawBank"}],"event_choices":[{"damage_healed":0.0,"max_hp_gain":0.0,"max_hp_loss":0.0,"gold_gain":150.0,"event_name":"Liars Game","player_choice":"AGREE","floor":13.0,"gold_loss":0.0,"damage_taken":0.0,"cards_obtained":["Doubt"]},{"damage_healed":0,"gold_gain":0,"player_choice":"Relic","damage_taken":0,"max_hp_gain":0,"max_hp_loss":0,"event_name":"Wheel of Change","floor":20,"gold_loss":0}],"is_beta":false,"boss_relics":[{"not_picked":["Lizard Tail","Cursed Key"],"picked":"Sozu"}],"items_purged_floors":[14],"is_endless":false,"potions_floor_spawned":[1,2,16,19],"killed_by":"Centurion and Healer","ascension_level":20}