{"gold_per_floor":[359,23,34,46,46,46,71,71,97,132,142,142,160,160,160,231,231,250,267,285,285,12,12,47,47,47,82,102,129,44,44,44,119,119,135,135,41,41,56,91,0,28,74,101,117,132,132,143,143,143,143,143,143,6,40,40],"floor_reached":57,"playtime":8648,"items_purged":["Normality"],"score":3066,"play_id":"056b391f-0465-480c-b42c-42c070e4d49e","local_time":"20190808190257","is_ascension_mode":true,"campfire_choices":[{"data":"Poisoned Stab","floor":6.0,"key":"SMITH"},{"floor":8.0,"key":"REST"},{"floor":15.0,"key":"REST"},{"data":"Wraith Form v2","floor":23.0,"key":"SMITH"},{"floor":25.0,"key":"REST"},{"data":"Noxious Fumes","floor":32.0,"key":"SMITH"},{"floor":47.0,"key":"RECALL"},{"data":"Well Laid Plans","floor":49.0,"key":"SMITH"},{"data":"After Image","floor":53,"key":"SMITH"}],"neow_cost":"CURSE","seed_source_timestamp":569683314523600,"circlet_count":0,"master_deck":["AscendersBane","Strike_G+1","Strike_G","Strike_G","Strike_G+1","Strike_G","Defend_G","Defend_G+1","Defend_G+1","Defend_G","Defend_G","Survivor","Neutralize","Deadly Poison","Poisoned Stab+1","Cloak And Dagger+1","PiercingWail+1","Predator","Dodge and Roll+1","Escape Plan+1","Adrenaline+1","Adrenaline+1","Wraith Form v2+1","Noxious Fumes+1","PiercingWail+1","Writhe","Bouncing Flask+1","Catalyst+1","A Thousand Cuts","Deadly Poison+1","Acrobatics+1","Reflex+1","Ghostly+1","Ghostly+1","Ghostly+1","Doppelganger+1","Dodge and Roll+1","Panacea+1","Tactician+1","PiercingWail+1","Backflip+1","Backflip+1","After Image+1","Acrobatics+1","Well Laid Plans+1","Leg Sweep+1","PiercingWail+1"],"special_seed":0,"relics":["Ring of the Snake","Toxic Egg 2","Ancient Tea Set","Bronze Scales","War Paint","Snake Skull","HoveringKite","Pantograph","Blood Vial","Blue Candle","Regal Pillow","Gambling Chip","Black Star","Bird Faced Urn","Prayer Wheel","Red Mask","Meat on the Bone","Orichalcum","Bag of Preparation","Smiling Mask","PreservedInsect","Lantern","Whetstone"],"potions_floor_usage":[50,56],"damage_taken":[{"damage":7.0,"enemies":"Cultist","floor":1.0,"turns":5.0},{"damage":0.0,"enemies":"Jaw Worm","floor":3.0,"turns":4.0},{"damage":0.0,"enemies":"Small Slimes","floor":4.0,"turns":3.0},{"damage":39.0,"enemies":"Gremlin Nob","floor":7.0,"turns":5.0},{"damage":22.0,"enemies":"Lagavulin","floor":10.0,"turns":5.0},{"damage":0.0,"enemies":"2 Fungi Beasts","floor":11.0,"turns":3.0},{"damage":0.0,"enemies":"Blue Slaver","floor":13.0,"turns":3.0},{"damage":10.0,"enemies":"The Guardian","floor":16.0,"turns":9.0},{"damage":18.0,"enemies":"Chosen","floor":18.0,"turns":5.0},{"damage":4.0,"enemies":"Spheric Guardian","floor":19.0,"turns":5.0},{"damage":2.0,"enemies":"Centurion and Healer","floor":20.0,"turns":7.0},{"damage":7.0,"enemies":"Gremlin Leader","floor":24.0,"turns":6.0},{"damage":2.0,"enemies":"Slavers","floor":27.0,"turns":5.0},{"damage":15.0,"enemies":"Snake Plant","floor":28.0,"turns":3.0},{"damage":0.0,"enemies":"Gremlin Leader","floor":29.0,"turns":4.0},{"damage":6.0,"enemies":"Champ","floor":33.0,"turns":10.0},{"damage":0.0,"enemies":"3 Shapes","floor":35.0,"turns":4.0},{"damage":6.0,"enemies":"3 Darklings","floor":39.0,"turns":4.0},{"damage":0.0,"enemies":"Reptomancer","floor":40.0,"turns":7.0},{"damage":18.0,"enemies":"Giant Head","floor":42.0,"turns":10.0},{"damage":3.0,"enemies":"Reptomancer","floor":44.0,"turns":6.0},{"damage":0.0,"enemies":"Writhing Mass","floor":45.0,"turns":6.0},{"damage":3.0,"enemies":"Jaw Worm Horde","floor":46.0,"turns":4.0},{"damage":0.0,"enemies":"Sphere and 2 Shapes","floor":48.0,"turns":6.0},{"damage":18,"enemies":"Awakened One","floor":50,"turns":14},{"damage":0,"enemies":"Time Eater","floor":51,"turns":9},{"damage":0,"enemies":"Shield and Spear","floor":55,"turns":5},{"damage":3,"enemies":"The Heart","floor":56,"turns":10}],"seed_played":"477431129508295923","potions_obtained":[{"floor":1.0,"key":"EssenceOfSteel"},{"floor":4.0,"key":"SmokeBomb"},{"floor":13.0,"key":"AttackPotion"},{"floor":19.0,"key":"Fire Potion"},{"floor":28.0,"key":"Explosive Potion"},{"floor":29.0,"key":"LiquidBronze"},{"floor":33.0,"key":"Regen Potion"},{"floor":42.0,"key":"SteroidPotion"},{"floor":48.0,"key":"SpeedPotion"}],"is_trial":false,"path_per_floor":["M","$","M","M","$","R","E","R","T","E","M","?","M","?","R","B",null,"M","M","M","?","$","R","E","R","T","E","M","E","?","?","R","B",null,"M","?","$","?","M","E","?","E","T","E","M","M","R","M","R","B","B",null,"R","$","E","B",null],"character_chosen":"THE_SILENT","items_purchased":["Toxic Egg 2","Poisoned Stab","Bouncing Flask+1","Catalyst+1","GhostInAJar","Panacea+1","SpeedPotion","Leg Sweep+1"],"campfire_rested":3,"item_purchase_floors":[2,2,22,22,22,37,54,54],"current_hp_per_floor":[52,52,52,52,52,52,13,32,32,10,10,10,10,10,29,19,54,36,32,30,30,30,30,23,42,42,42,29,31,31,31,31,27,32,33,33,33,31,25,27,27,30,30,29,31,29,29,31,31,19,31,31,31,31,31,28],"gold":40,"neow_bonus":"TWO_FIFTY_GOLD","is_prod":false,"is_daily":false,"chose_seed":false,"campfire_upgraded":5,"win_rate":0,"timestamp":1565316177,"path_taken":["M","$","M","M","?","R","E","R","T","E","M","?","?","?","R","BOSS","M","M","?","?","$","R","E","R","T","E","M","E","?","?","R","BOSS","M","?","$","?","M","E","?","E","T","E","M","M","R","M","R","BOSS","BOSS","R","$","E","BOSS"],"build_version":"2019-07-17","purchased_purges":1,"victory":true,"max_hp_per_floor":[66,66,66,66,66,66,66,66,66,66,66,66,66,66,66,66,66,66,66,66,66,66,66,66,66,66,66,66,66,66,33,33,33,33,33,33,33,31,31,31,31,31,31,31,31,31,31,31,31,31,31,31,31,31,31,31],"card_choices":[{"not_picked":["Endless Agony","Setup"],"picked":"Deadly Poison","floor":1.0},{"not_picked":["Calculated Gamble+1","Poisoned Stab"],"picked":"Cloak And Dagger+1","floor":3.0},{"not_picked":["Underhanded Strike","All Out Attack"],"picked":"PiercingWail+1","floor":4.0},{"not_picked":["Endless Agony","Riddle With Holes"],"picked":"Predator","floor":7.0},{"not_picked":["Sucker Punch","Deadly Poison+1"],"picked":"Dodge and Roll+1","floor":10.0},{"not_picked":["Flying Knee","Outmaneuver+1"],"picked":"Escape Plan+1","floor":11.0},{"not_picked":["Setup+1","Dagger Throw"],"picked":"Adrenaline+1","floor":13.0},{"not_picked":["Die Die Die","Doppelganger+1"],"picked":"Wraith Form v2","floor":16.0},{"not_picked":["Dagger Spray","Backstab"],"picked":"Noxious Fumes","floor":18.0},{"not_picked":["Cloak And Dagger+1","Outmaneuver+1"],"picked":"Dagger Spray+1","floor":19.0},{"not_picked":["All Out Attack","Concentrate+1"],"picked":"PiercingWail+1","floor":20.0},{"not_picked":["Dodge and Roll+1","Heel Hook"],"picked":"A Thousand Cuts","floor":24.0},{"not_picked":["Sucker Punch","Cloak And Dagger+1"],"picked":"Deadly Poison+1","floor":27.0},{"not_picked":["Poisoned Stab","Riddle With Holes"],"picked":"Acrobatics+1","floor":28.0},{"not_picked":["Deadly Poison+1","Slice"],"picked":"Reflex+1","floor":29.0},{"not_picked":["A Thousand Cuts","Tools of the Trade"],"picked":"Doppelganger+1","floor":33.0},{"not_picked":["Bane","Deflect+1"],"picked":"Dodge and Roll+1","floor":35.0},{"not_picked":["Flying Knee+1","Dagger Spray","Underhanded Strike"],"picked":"SKIP","floor":39.0},{"not_picked":["Dagger Throw","A Thousand Cuts"],"picked":"Tactician+1","floor":40.0},{"not_picked":["Tactician+1","Blade Dance+1"],"picked":"PiercingWail+1","floor":42.0},{"not_picked":["Blade Dance+1","Poisoned Stab"],"picked":"Backflip+1","floor":44.0},{"not_picked":["Caltrops","Poisoned Stab"],"picked":"Backflip+1","floor":45.0},{"not_picked":["Noxious Fumes","Caltrops+1"],"picked":"After Image","floor":45.0},{"not_picked":["Tactician+1","Caltrops"],"picked":"Acrobatics+1","floor":46.0},{"not_picked":["Setup+1","Eviscerate","Dagger Spray"],"picked":"SKIP","floor":46.0},{"not_picked":["Finisher","Dodge and Roll+1"],"picked":"Well Laid Plans","floor":48.0},{"not_picked":["Choke","Infinite Blades","Dodge and Roll+1"],"picked":"SKIP","floor":48.0},{"not_picked":["Underhanded Strike+1","Leg Sweep+1"],"picked":"PiercingWail+1","floor":55}],"player_experience":1319455,"relics_obtained":[{"floor":7.0,"key":"Ancient Tea Set"},{"floor":9.0,"key":"Bronze Scales"},{"floor":10.0,"key":"War Paint"},{"floor":24.0,"key":"Blood Vial"},{"floor":27.0,"key":"Blue Candle"},{"floor":29.0,"key":"Regal Pillow"},{"floor":40.0,"key":"Bird Faced Urn"},{"floor":40.0,"key":"Prayer Wheel"},{"floor":42.0,"key":"Meat on the Bone"},{"floor":42.0,"key":"Orichalcum"},{"floor":43.0,"key":"Bag of Preparation"},{"floor":44.0,"key":"Smiling Mask"},{"floor":44.0,"key":"PreservedInsect"},{"floor":55,"key":"Lantern"},{"floor":55,"key":"Whetstone"}],"event_choices":[{"damage_healed":0.0,"max_hp_gain":0.0,"max_hp_loss":0.0,"gold_gain":0.0,"event_name":"WeMeetAgain","player_choice":"Gave Potion","floor":12.0,"gold_loss":0.0,"damage_taken":0.0,"relics_obtained":["Snake Skull"]},{"damage_healed":0.0,"max_hp_gain":0.0,"max_hp_loss":0.0,"gold_gain":0.0,"event_name":"Match and Keep!","player_choice":"1 cards matched","floor":14.0,"gold_loss":0.0,"damage_taken":0.0,"cards_obtained":["Adrenaline"]},{"damage_healed":0.0,"max_hp_gain":0.0,"max_hp_loss":0.0,"gold_gain":0.0,"event_name":"The Mausoleum","player_choice":"Opened","floor":21.0,"gold_loss":0.0,"damage_taken":0.0,"relics_obtained":["Pantograph"],"cards_obtained":["Writhe"]},{"damage_healed":0.0,"max_hp_gain":0.0,"max_hp_loss":0.0,"gold_gain":0.0,"event_name":"Addict","player_choice":"Obtained Relic","floor":30.0,"gold_loss":85.0,"damage_taken":0.0,"relics_obtained":["Gambling Chip"]},{"damage_healed":0.0,"max_hp_gain":0.0,"max_hp_loss":33.0,"gold_gain":0.0,"event_name":"Ghosts","player_choice":"Became a Ghost","floor":31.0,"gold_loss":0.0,"damage_taken":0.0,"cards_obtained":["Ghostly","Ghostly","Ghostly"]},{"cards_removed":["Dagger Spray"],"damage_healed":0.0,"max_hp_gain":0.0,"max_hp_loss":0.0,"gold_gain":0.0,"event_name":"Falling","player_choice":"Removed Attack","floor":36.0,"gold_loss":0.0,"damage_taken":0.0},{"damage_healed":0.0,"max_hp_gain":0.0,"max_hp_loss":2.0,"gold_gain":0.0,"event_name":"Winding Halls","player_choice":"Max HP","floor":38.0,"gold_loss":0.0,"damage_taken":0.0},{"damage_healed":0.0,"max_hp_gain":0.0,"max_hp_loss":0.0,"gold_gain":0.0,"event_name":"Tomb of Lord Red Mask","player_choice":"Paid","floor":41.0,"gold_loss":91.0,"damage_taken":0.0,"relics_obtained":["Red Mask"]}],"is_beta":false,"boss_relics":[{"not_picked":["Snecko Eye","Tiny House"],"picked":"HoveringKite"},{"not_picked":["WristBlade","Cursed Key"],"picked":"Black Star"}],"items_purged_floors":[22],"is_endless":false,"potions_floor_spawned":[1,4,13,19,28,29,33,40,42,48],"ascension_level":20}