{"gold_per_floor":[209,17,37,37,50,50,90,90,90,125,141,141],"floor_reached":12,"playtime":275,"items_purged":[],"score":176,"play_id":"a447b4e2-8a72-4c01-b57f-b41cf62bf691","local_time":"20190803010602","is_ascension_mode":true,"campfire_choices":[{"data":"Streamline","floor":6,"key":"SMITH"}],"neow_cost":"NONE","seed_source_timestamp":19777785777817,"circlet_count":0,"master_deck":["AscendersBane","Strike_B","Strike_B","Strike_B","Strike_B","Defend_B","Defend_B","Defend_B","Defend_B","Zap","Dualcast","Streamline+1","Defragment","Beam Cell","Genetic Algorithm","Biased Cognition","Ball Lightning","Ball Lightning"],"special_seed":0,"relics":["Cracked Core","Golden Idol","Gremlin Horn","Ginger","Shuriken","Bronze Scales"],"potions_floor_usage":[3,7,10,12],"damage_taken":[{"damage":2.0,"enemies":"Jaw Worm","floor":1.0,"turns":5.0},{"damage":2,"enemies":"2 Louse","floor":3,"turns":2},{"damage":3,"enemies":"Small Slimes","floor":5,"turns":4},{"damage":8,"enemies":"Gremlin Nob","floor":7,"turns":3},{"damage":19,"enemies":"Lagavulin","floor":10,"turns":7},{"damage":11,"enemies":"3 Louse","floor":11,"turns":3},{"damage":20,"enemies":"3 Sentries","floor":12,"turns":4}],"seed_played":"-1511644584440457355","potions_obtained":[{"floor":3,"key":"Dexterity Potion"},{"floor":5,"key":"Poison Potion"},{"floor":10,"key":"SpeedPotion"}],"is_trial":false,"path_per_floor":["M","$","M","?","M","R","E","?","T","E","M","E"],"character_chosen":"DEFECT","items_purchased":["Defragment","Beam Cell","Block Potion"],"campfire_rested":0,"item_purchase_floors":[2,2,2],"current_hp_per_floor":[62,62,60,60,57,57,49,49,49,30,19,0],"gold":141,"neow_bonus":"HUNDRED_GOLD","is_prod":false,"is_daily":false,"chose_seed":false,"campfire_upgraded":1,"win_rate":0,"timestamp":1564787162,"path_taken":["M","$","M","?","M","R","E","?","T","E","M","E"],"build_version":"2019-07-18","purchased_purges":0,"victory":false,"max_hp_per_floor":[71,71,71,64,64,64,64,64,64,64,64,64],"card_choices":[{"not_picked":["Go for the Eyes","Beam Cell"],"picked":"Streamline","floor":1.0},{"not_picked":["Barrage","Chaos","Redo"],"picked":"SKIP","floor":3},{"not_picked":["Loop","Redo"],"picked":"Genetic Algorithm","floor":5},{"not_picked":["Stack","Steam"],"picked":"Biased Cognition","floor":7},{"not_picked":["Compile Driver","Conserve Battery"],"picked":"Ball Lightning","floor":10},{"not_picked":["Compile Driver","Static Discharge"],"picked":"Ball Lightning","floor":11}],"player_experience":1948032,"relics_obtained":[{"floor":7,"key":"Gremlin Horn"},{"floor":9,"key":"Shuriken"},{"floor":10,"key":"Bronze Scales"}],"event_choices":[{"damage_healed":0,"gold_gain":0,"player_choice":"Lose Max HP","damage_taken":0,"relics_obtained":["Golden Idol"],"max_hp_gain":0,"max_hp_loss":7,"event_name":"Golden Idol","floor":4,"gold_loss":0},{"damage_healed":0,"gold_gain":0,"player_choice":"Searched \u00271\u0027 times","damage_taken":0,"relics_obtained":["Ginger"],"max_hp_gain":0,"max_hp_loss":0,"event_name":"Dead Adventurer","floor":8,"gold_loss":0}],"is_beta":true,"boss_relics":[],"items_purged_floors":[],"is_endless":false,"potions_floor_spawned":[3,5,10],"killed_by":"3 Sentries","ascension_level":20}