{"gold_per_floor":[114,189,208,224,238,273,273,273,298,308,321,321,174,188,188,285,285,297,212,22,36,54,54,85,85,134,154,184,210,222],"floor_reached":30,"playtime":3838,"items_purged":["Regret"],"score":274,"play_id":"f8446620-97dd-4baa-9c03-e00e7a51fec7","local_time":"20190730201725","is_ascension_mode":false,"campfire_choices":[{"floor":8,"key":"REST"},{"floor":12,"key":"REST"},{"data":"Armaments","floor":15,"key":"SMITH"},{"data":"Perfected Strike","floor":23,"key":"SMITH"},{"floor":25,"key":"REST"}],"neow_cost":"NONE","seed_source_timestamp":31647180511400,"circlet_count":0,"master_deck":["Strike_R","Strike_R","Strike_R","Strike_R+1","Strike_R","Defend_R","Defend_R","Defend_R","Defend_R","Bash","Anger+1","Shrug It Off","Fire Breathing","Armaments+1","Pummel","Flame Barrier","Dual Wield","True Grit","Pommel Strike","Warcry","Bludgeon","Inflame","Rampage","Feel No Pain","Discovery","Uppercut+1","Perfected Strike+1","Battle Trance+1","Regret","Flame Barrier","Sword Boomerang+1","Entrench"],"relics":["Cursed Key","Whetstone","Regal Pillow","Runic Pyramid","Orichalcum","Blood Vial","Strawberry","MawBank"],"potions_floor_usage":[6,6,16,16,16,24,28,30],"damage_taken":[{"damage":0,"enemies":"2 Louse","floor":1,"turns":2},{"damage":1,"enemies":"Jaw Worm","floor":3,"turns":2},{"damage":0,"enemies":"Cultist","floor":4,"turns":3},{"damage":0,"enemies":"Looter","floor":5,"turns":3},{"damage":31,"enemies":"Gremlin Nob","floor":6,"turns":5},{"damage":25,"enemies":"Large Slime","floor":10,"turns":5},{"damage":4,"enemies":"Blue Slaver","floor":11,"turns":3},{"damage":6,"enemies":"3 Louse","floor":14,"turns":3},{"damage":31,"enemies":"Hexaghost","floor":16,"turns":9},{"damage":3,"enemies":"Spheric Guardian","floor":18,"turns":4},{"damage":5,"enemies":"Chosen","floor":21,"turns":3},{"damage":6,"enemies":"Snecko","floor":22,"turns":5},{"damage":33,"enemies":"Slavers","floor":24,"turns":6},{"damage":4,"enemies":"Cultist and Chosen","floor":27,"turns":4},{"damage":50,"enemies":"Gremlin Leader","floor":28,"turns":7},{"damage":21,"enemies":"Chosen and Byrds","floor":29,"turns":6},{"damage":13,"enemies":"Shelled Parasite and Fungi","floor":30,"turns":2}],"seed_played":"-355454868415153253","potions_obtained":[{"floor":1,"key":"FearPotion"},{"floor":3,"key":"SpeedPotion"},{"floor":4,"key":"SpeedPotion"},{"floor":10,"key":"Poison Potion"},{"floor":11,"key":"Ancient Potion"},{"floor":21,"key":"Dexterity Potion"},{"floor":24,"key":"FearPotion"},{"floor":27,"key":"Swift Potion"},{"floor":29,"key":"Poison Potion"}],"is_trial":false,"path_per_floor":["M","?","M","M","M","E","?","R","T","M","M","R","$","M","R","B",null,"M","?","$","M","M","R","E","R","T","M","E","M","M"],"character_chosen":"IRONCLAD","items_purchased":["True Grit","Pommel Strike","Rampage","Feel No Pain","Discovery"],"campfire_rested":3,"item_purchase_floors":[13,13,20,20,20],"current_hp_per_floor":[80,69,68,68,68,37,37,61,61,36,32,71,71,65,65,34,80,77,77,77,72,66,66,33,72,79,77,29,10,0],"gold":222,"neow_bonus":"BOSS_RELIC","is_prod":false,"is_daily":false,"chose_seed":false,"campfire_upgraded":2,"win_rate":0.0,"timestamp":1564485445,"path_taken":["M","?","M","M","M","E","?","R","T","M","?","R","$","M","R","BOSS","M","?","$","M","M","R","E","R","T","M","E","M","M"],"build_version":"2019-07-17","purchased_purges":1,"victory":false,"max_hp_per_floor":[80,80,80,80,80,80,80,80,80,80,80,80,80,80,80,80,80,80,80,80,80,80,80,80,80,87,87,87,87,87],"card_choices":[{"not_picked":["Corruption","Pummel"],"picked":"Anger","floor":1},{"not_picked":["Iron Wave","Anger"],"picked":"Shrug It Off","floor":3},{"not_picked":["Hemokinesis","Shrug It Off"],"picked":"Fire Breathing","floor":4},{"not_picked":["Sever Soul","Headbutt"],"picked":"Armaments","floor":5},{"not_picked":["Disarm","Thunderclap"],"picked":"Pummel","floor":6},{"not_picked":["Cleave","Infernal Blade"],"picked":"Flame Barrier","floor":10},{"not_picked":["Metallicize","Brutality"],"picked":"Dual Wield","floor":11},{"not_picked":["Second Wind","Flex"],"picked":"Warcry","floor":14},{"not_picked":["Reaper","Feed"],"picked":"Bludgeon","floor":16},{"not_picked":["Warcry","Disarm"],"picked":"Inflame","floor":18},{"not_picked":["Clothesline","Rampage"],"picked":"Uppercut+1","floor":21},{"not_picked":["Fire Breathing","Clash"],"picked":"Perfected Strike","floor":22},{"not_picked":["True Grit","Barricade"],"picked":"Battle Trance+1","floor":24},{"not_picked":["Metallicize","Shrug It Off"],"picked":"Flame Barrier","floor":27},{"not_picked":["Power Through","Twin Strike"],"picked":"Sword Boomerang+1","floor":28},{"not_picked":["Disarm","Uppercut"],"picked":"Entrench","floor":29}],"player_experience":8082,"relics_obtained":[{"floor":6,"key":"Whetstone"},{"floor":9,"key":"Regal Pillow"},{"floor":24,"key":"Blood Vial"},{"floor":26,"key":"Strawberry"},{"floor":28,"key":"MawBank"}],"event_choices":[{"damage_healed":0,"gold_gain":75,"player_choice":"Gather Gold","damage_taken":11,"max_hp_gain":0,"max_hp_loss":0,"event_name":"World of Goop","floor":2,"gold_loss":0},{"cards_removed":["Iron Wave"],"damage_healed":0,"gold_gain":0,"player_choice":"Took Card","damage_taken":0,"max_hp_gain":0,"max_hp_loss":0,"event_name":"NoteForYourself","floor":7,"gold_loss":0,"cards_obtained":["Iron Wave"]},{"damage_healed":0,"gold_gain":0,"player_choice":"Obtained Relic","damage_taken":0,"relics_obtained":["Orichalcum"],"max_hp_gain":0,"max_hp_loss":0,"event_name":"Addict","floor":19,"gold_loss":85}],"is_beta":false,"boss_relics":[{"not_picked":["Tiny House","White Beast Statue"],"picked":"Runic Pyramid"}],"items_purged_floors":[13],"is_endless":false,"potions_floor_spawned":[1,3,4,10,11,21,24,27,29],"killed_by":"Shelled Parasite and Fungi","ascension_level":0}