{"gold_per_floor":[112,130,141,141,141,141,174,184,184,213,213,228,228,246,246,348,348,359,359,127,145,161,161,194,194,194,205,238,238,238,255,255,355,355,373,25,25,25,42,42,57,92,92,117,132,132,132,145,145,145],"floor_reached":51,"playtime":2787,"items_purged":["Strike_R","Second Wind+1"],"score":1317,"play_id":"919fdd9a-932f-47a0-b733-ae1b9bbddc24","local_time":"20190809112240","is_ascension_mode":true,"campfire_choices":[{"data":"Flame Barrier","floor":6,"key":"SMITH"},{"data":"Uppercut","floor":11,"key":"SMITH"},{"data":"Cleave","floor":13,"key":"SMITH"},{"data":"Havoc","floor":15,"key":"SMITH"},{"data":"Shockwave","floor":25,"key":"SMITH"},{"floor":30,"key":"REST"},{"data":"Strike_R","floor":32,"key":"PURGE"},{"data":"Limit Break","floor":40,"key":"SMITH"},{"floor":46,"key":"REST"},{"floor":49,"key":"REST"}],"neow_cost":"","seed_source_timestamp":496793789233300,"circlet_count":0,"master_deck":["Strike_R+1","Defend_R","Defend_R","Defend_R+1","Bash","Flame Barrier+1","Cleave+1","Disarm","Uppercut+1","Ghostly Armor","Havoc+1","Combust+1","Bludgeon","Reaper","Shockwave+1","Spot Weakness+1","Shrug It Off+1","Limit Break+1","Offering+1","Inflame+1","Metallicize+1","Uppercut+1","Chrysalis","Parasite","Flame Barrier+1"],"relics":["Burning Blood","Peace Pipe","Torii","Self Forming Clay","Bronze Scales","Gremlin Horn","Frozen Egg 2","Snecko Eye","Oddly Smooth Stone","Matryoshka","Ancient Tea Set","PreservedInsect","Strawberry","Astrolabe","Paper Frog","Turnip","Vajra","Question Card","Regal Pillow"],"potions_floor_usage":[7,10,31,33,33,45,45,50],"damage_taken":[{"damage":8,"enemies":"2 Louse","floor":1,"turns":4},{"damage":6,"enemies":"Small Slimes","floor":2,"turns":4},{"damage":1,"enemies":"Jaw Worm","floor":3,"turns":4},{"damage":12,"enemies":"Gremlin Nob","floor":7,"turns":5},{"damage":1,"enemies":"Lots of Slimes","floor":8,"turns":2},{"damage":10,"enemies":"Lagavulin","floor":10,"turns":8},{"damage":1,"enemies":"Looter","floor":12,"turns":3},{"damage":0,"enemies":"Exordium Thugs","floor":14,"turns":4},{"damage":8,"enemies":"Slime Boss","floor":16,"turns":8},{"damage":7,"enemies":"3 Byrds","floor":18,"turns":3},{"damage":2,"enemies":"2 Thieves","floor":21,"turns":4},{"damage":1,"enemies":"Snecko","floor":22,"turns":4},{"damage":12,"enemies":"Book of Stabbing","floor":24,"turns":4},{"damage":14,"enemies":"3 Cultists","floor":27,"turns":4},{"damage":0,"enemies":"Gremlin Leader","floor":28,"turns":4},{"damage":13,"enemies":"Centurion and Healer","floor":31,"turns":3},{"damage":39,"enemies":"Champ","floor":33,"turns":9},{"damage":7,"enemies":"3 Shapes","floor":35,"turns":3},{"damage":27,"enemies":"Orb Walker","floor":39,"turns":4},{"damage":22,"enemies":"Maw","floor":41,"turns":6},{"damage":33,"enemies":"Reptomancer","floor":42,"turns":5},{"damage":35,"enemies":"Nemesis","floor":44,"turns":5},{"damage":13,"enemies":"Spire Growth","floor":45,"turns":5},{"damage":8,"enemies":"Writhing Mass","floor":48,"turns":6},{"damage":60,"enemies":"Awakened One","floor":50,"turns":9}],"seed_played":"-5758503752694010292","potions_obtained":[{"floor":2,"key":"Block Potion"},{"floor":3,"key":"Energy Potion"},{"floor":10,"key":"EssenceOfSteel"},{"floor":12,"key":"BloodPotion"},{"floor":22,"key":"Fire Potion"},{"floor":41,"key":"EssenceOfSteel"},{"floor":44,"key":"Explosive Potion"},{"floor":45,"key":"Poison Potion"}],"is_trial":false,"path_per_floor":["M","M","M","?","?","R","E","M","T","E","R","M","R","M","R","B",null,"M","?","$","M","M","?","E","R","T","M","E","T","R","M","R","B",null,"M","$","?","$","M","R","M","E","T","E","M","R","?","M","R","B",null],"character_chosen":"IRONCLAD","items_purchased":["Regen Potion","Flame Barrier","Reaper","Paper Frog"],"campfire_rested":3,"item_purchase_floors":[0,0,20,36],"current_hp_per_floor":[36,36,41,67,51,51,45,50,50,61,61,66,66,72,72,70,78,77,77,77,80,80,80,74,74,74,72,78,85,87,80,80,59,80,79,79,79,79,65,65,62,59,59,31,29,70,70,73,87,33],"gold":145,"neow_bonus":"","is_prod":false,"is_daily":false,"chose_seed":false,"campfire_upgraded":6,"win_rate":0,"timestamp":1565367760,"path_taken":["M","M","M","?","?","R","E","M","T","E","R","M","R","M","R","BOSS","M","?","$","M","?","?","E","R","T","?","E","?","R","M","R","BOSS","M","$","?","$","?","R","M","E","T","E","M","R","?","M","R","BOSS"],"build_version":"2019-07-17","purchased_purges":2,"victory":true,"max_hp_per_floor":[80,80,80,80,80,80,80,80,80,80,80,80,80,80,80,80,80,80,80,80,80,80,80,80,80,80,80,80,87,87,87,87,87,87,87,87,87,87,87,87,87,87,87,87,87,87,87,87,87,87],"card_choices":[{"not_picked":["Rage","Flame Barrier"],"picked":"Cleave","floor":1},{"not_picked":["Iron Wave","Dropkick","Headbutt"],"picked":"SKIP","floor":2},{"not_picked":["Headbutt","Carnage"],"picked":"Disarm","floor":3},{"not_picked":["Flex","Sword Boomerang","Clothesline"],"picked":"SKIP","floor":7},{"not_picked":["Whirlwind","Body Slam"],"picked":"Uppercut","floor":8},{"not_picked":["Anger","Fiend Fire"],"picked":"Ghostly Armor","floor":10},{"not_picked":["Corruption+1","Havoc","Wild Strike"],"picked":"SKIP","floor":12},{"not_picked":["Corruption+1","Wild Strike"],"picked":"Havoc","floor":12},{"not_picked":["Rampage","Blood for Blood"],"picked":"Combust+1","floor":14},{"not_picked":["Offering","Exhume"],"picked":"Bludgeon","floor":16},{"not_picked":["Sever Soul","Blood for Blood","Thunderclap"],"picked":"SKIP","floor":18},{"not_picked":["Anger","Entrench"],"picked":"Shockwave","floor":21},{"not_picked":["Reckless Charge","Hemokinesis","Thunderclap"],"picked":"SKIP","floor":22},{"not_picked":["Rampage+1","Bludgeon"],"picked":"Spot Weakness+1","floor":24},{"not_picked":["Rampage","Dual Wield+1"],"picked":"Shrug It Off+1","floor":27},{"not_picked":["Fire Breathing+1","Pommel Strike+1","Bloodletting"],"picked":"SKIP","floor":28},{"not_picked":["Clash+1","Dual Wield","Evolve+1"],"picked":"SKIP","floor":31},{"not_picked":["Dark Embrace+1","Bludgeon"],"picked":"Limit Break","floor":33},{"not_picked":["Bloodletting+1","Anger+1","Thunderclap+1"],"picked":"SKIP","floor":35},{"not_picked":["Disarm","Spot Weakness"],"picked":"Metallicize+1","floor":39},{"not_picked":["Anger","True Grit+1","Flex"],"picked":"SKIP","floor":41},{"not_picked":["Clothesline+1","Dropkick+1","Wild Strike+1"],"picked":"SKIP","floor":42},{"not_picked":["Burning Pact+1","Twin Strike","Shockwave","Shrug It Off"],"picked":"SKIP","floor":44},{"not_picked":["Whirlwind","Searing Blow","True Grit"],"picked":"Uppercut+1","floor":45},{"not_picked":["Enlightenment","Blind","Dramatic Entrance"],"picked":"Chrysalis","floor":47},{"not_picked":["Headbutt","Wild Strike+1","Pummel"],"picked":"Flame Barrier+1","floor":48}],"player_experience":482887,"relics_obtained":[{"floor":7,"key":"Bronze Scales"},{"floor":9,"key":"Gremlin Horn"},{"floor":10,"key":"Frozen Egg 2"},{"floor":24,"key":"Oddly Smooth Stone"},{"floor":26,"key":"Matryoshka"},{"floor":28,"key":"Ancient Tea Set"},{"floor":29,"key":"PreservedInsect"},{"floor":29,"key":"Strawberry"},{"floor":42,"key":"Turnip"},{"floor":43,"key":"Vajra"},{"floor":43,"key":"Question Card"},{"floor":44,"key":"Regal Pillow"}],"event_choices":[{"damage_healed":26,"gold_gain":0,"player_choice":"Banana","damage_taken":0,"max_hp_gain":0,"max_hp_loss":0,"event_name":"Big Fish","floor":4,"gold_loss":0},{"damage_healed":0,"gold_gain":0,"player_choice":"Entered Light","damage_taken":16,"max_hp_gain":0,"max_hp_loss":0,"event_name":"Shining Light","floor":5,"gold_loss":0,"cards_upgraded":["Defend_R","Strike_R"]},{"damage_healed":0,"gold_gain":0,"player_choice":"Bought 0 Potions","damage_taken":0,"max_hp_gain":0,"max_hp_loss":0,"event_name":"The Woman in Blue","floor":19,"gold_loss":0},{"damage_healed":0,"gold_gain":0,"player_choice":"Got Potions","damage_taken":0,"max_hp_gain":0,"max_hp_loss":0,"event_name":"Lab","floor":23,"gold_loss":0},{"damage_healed":0,"gold_gain":0,"player_choice":"Ignored","damage_taken":0,"max_hp_gain":0,"max_hp_loss":0,"event_name":"WeMeetAgain","floor":37,"gold_loss":0},{"damage_healed":0,"gold_gain":0,"player_choice":"Memory 1","damage_taken":0,"max_hp_gain":0,"max_hp_loss":0,"event_name":"SensoryStone","floor":47,"gold_loss":0}],"is_beta":false,"boss_relics":[{"not_picked":["Sozu","Ectoplasm"],"picked":"Snecko Eye"},{"not_picked":["Runic Pyramid","White Beast Statue"],"picked":"Astrolabe"}],"items_purged_floors":[20,36],"is_endless":false,"potions_floor_spawned":[2,3,10,12,14,21,22,27,28,41,44,45],"ascension_level":7}