{"gold_per_floor":[113,113,113,128,138,170,190,190,190,9,9,36,36,71,71,147,147,165,180,180],"floor_reached":20,"playtime":1618,"items_purged":[],"score":384,"play_id":"77309a5b-309b-471d-bfa3-51b1a8bd7a01","local_time":"20190731095528","is_ascension_mode":true,"campfire_choices":[{"floor":8.0,"key":"REST"},{"floor":13.0,"key":"REST"},{"data":"Catalyst","floor":15.0,"key":"SMITH"}],"neow_cost":"NONE","seed_source_timestamp":0,"circlet_count":0,"master_deck":["AscendersBane","Strike_G","Strike_G","Strike_G","Strike_G","Strike_G","Defend_G","Defend_G","Defend_G","Defend_G+1","Defend_G","Survivor","Neutralize","Noxious Fumes+1","Deadly Poison","Predator","Dagger Spray","Dodge and Roll","Deadly Poison","Catalyst+1","Noxious Fumes","Dagger Throw","Escape Plan","Blade Dance","Wraith Form v2","Poisoned Stab"],"special_seed":0,"relics":["Ring of the Snake","NeowsBlessing","Oddly Smooth Stone","Shuriken","WingedGreaves","Strawberry","Velvet Choker"],"potions_floor_usage":[19,20],"damage_taken":[{"damage":0.0,"enemies":"Cultist","floor":1.0,"turns":1.0},{"damage":0.0,"enemies":"Small Slimes","floor":4.0,"turns":1.0},{"damage":0.0,"enemies":"Jaw Worm","floor":5.0,"turns":1.0},{"damage":10.0,"enemies":"Lagavulin","floor":6.0,"turns":6.0},{"damage":14.0,"enemies":"Exordium Thugs","floor":7.0,"turns":6.0},{"damage":25.0,"enemies":"3 Sentries","floor":12.0,"turns":6.0},{"damage":20.0,"enemies":"Gremlin Nob","floor":14.0,"turns":4.0},{"damage":30.0,"enemies":"The Guardian","floor":16.0,"turns":8.0},{"damage":15,"enemies":"Shell Parasite","floor":18,"turns":4},{"damage":6,"enemies":"Spheric Guardian","floor":19,"turns":5},{"damage":48,"enemies":"Masked Bandits","floor":20,"turns":3}],"seed_played":"8516849428762949848","potions_obtained":[{"floor":1.0,"key":"Weak Potion"},{"floor":4.0,"key":"Regen Potion"},{"floor":7.0,"key":"FearPotion"},{"floor":14.0,"key":"Dexterity Potion"},{"floor":18,"key":"Block Potion"}],"is_trial":false,"path_per_floor":["M","?","?","M","M","E","M","R","T","$","?","E","R","E","R","B",null,"M","M","?"],"character_chosen":"THE_SILENT","items_purchased":["Catalyst","Noxious Fumes","Dagger Throw"],"campfire_rested":2,"item_purchase_floors":[10,10,10],"current_hp_per_floor":[59,39,39,39,39,29,30,49,49,49,54,29,50,37,37,7,60,45,39,0],"gold":180,"neow_bonus":"THREE_ENEMY_KILL","is_prod":false,"is_daily":false,"chose_seed":false,"campfire_upgraded":1,"win_rate":0,"timestamp":1564556128,"path_taken":["M","?","?","?","M","E","M","R","T","$","?","E","R","E","R","BOSS","M","M","?"],"build_version":"2019-07-17","purchased_purges":0,"victory":false,"max_hp_per_floor":[66,66,66,66,66,66,66,66,66,66,71,71,71,78,78,78,78,78,78,78],"card_choices":[{"not_picked":["Quick Slash","Blade Dance"],"picked":"Noxious Fumes","floor":1.0},{"not_picked":["Skewer","PiercingWail"],"picked":"Predator","floor":4.0},{"not_picked":["Riddle With Holes","Blade Dance"],"picked":"Dagger Spray","floor":5.0},{"not_picked":["Prepared","Slice"],"picked":"Dodge and Roll","floor":6.0},{"not_picked":["Heel Hook","Escape Plan"],"picked":"Deadly Poison","floor":7.0},{"not_picked":["Concentrate","Flying Knee"],"picked":"Escape Plan","floor":12.0},{"not_picked":["Expertise","Quick Slash"],"picked":"Blade Dance","floor":14.0},{"not_picked":["Grand Finale","Corpse Explosion"],"picked":"Wraith Form v2","floor":16.0},{"not_picked":["Dagger Spray","Predator"],"picked":"Poisoned Stab","floor":18},{"not_picked":["All Out Attack","Bane","Reflex"],"picked":"SKIP","floor":19}],"player_experience":1122731,"relics_obtained":[{"floor":6.0,"key":"Oddly Smooth Stone"},{"floor":9.0,"key":"Shuriken"},{"floor":12.0,"key":"WingedGreaves"},{"floor":14.0,"key":"Strawberry"}],"event_choices":[{"damage_healed":0.0,"max_hp_gain":0.0,"max_hp_loss":0.0,"gold_gain":0.0,"event_name":"Shining Light","player_choice":"Entered Light","floor":2.0,"gold_loss":0.0,"damage_taken":20.0,"cards_upgraded":["Defend_G","Noxious Fumes"]},{"damage_healed":0.0,"max_hp_gain":0.0,"max_hp_loss":0.0,"gold_gain":0.0,"event_name":"Match and Keep!","player_choice":"1 cards matched","floor":3.0,"gold_loss":0.0,"damage_taken":0.0,"cards_obtained":["Deadly Poison"]},{"damage_healed":0.0,"max_hp_gain":0.0,"max_hp_loss":0.0,"gold_gain":0.0,"event_name":"Match and Keep!","player_choice":"1 cards matched","floor":3.0,"gold_loss":0.0,"damage_taken":0.0,"cards_obtained":["Deadly Poison"]},{"damage_healed":0.0,"max_hp_gain":5.0,"max_hp_loss":0.0,"gold_gain":0.0,"event_name":"Big Fish","player_choice":"Donut","floor":11.0,"gold_loss":0.0,"damage_taken":0.0},{"damage_healed":0,"gold_gain":0,"player_choice":"Fought Bandits","damage_taken":0,"max_hp_gain":0,"max_hp_loss":0,"event_name":"Masked Bandits","floor":20,"gold_loss":0}],"is_beta":false,"boss_relics":[{"not_picked":["Cursed Key","Astrolabe"],"picked":"Velvet Choker"}],"items_purged_floors":[],"is_endless":false,"potions_floor_spawned":[1,4,7,14,18],"killed_by":"Masked Bandits","ascension_level":20}