{"gold_per_floor":[113,33,33,45,57,57,84,84,84,84,143,154,187,207,207,283,283,299,53,53,71,71,71],"floor_reached":23,"playtime":2654,"items_purged":["Strike_G"],"score":518,"play_id":"f7de1328-4c48-4c5a-9e50-3909d1af6165","local_time":"20190804192407","is_ascension_mode":true,"campfire_choices":[{"data":"Deadly Poison","floor":6.0,"key":"SMITH"},{"data":"Neutralize","floor":8.0,"key":"SMITH"},{"floor":10.0,"key":"REST"},{"data":"Calculated Gamble","floor":15.0,"key":"SMITH"}],"neow_cost":"NONE","seed_source_timestamp":0,"circlet_count":0,"master_deck":["AscendersBane","Strike_G","Strike_G","Defend_G","Defend_G","Defend_G","Defend_G","Defend_G","Survivor","Neutralize+1","PiercingWail","Deadly Poison+1","Dagger Throw","Poisoned Stab","Dagger Spray","Burst","Footwork+1","Escape Plan","Calculated Gamble+1","After Image+1","Expertise","Well Laid Plans+1","Crippling Poison","Well Laid Plans+1","Skewer"],"special_seed":0,"relics":["Ring of the Snake","Frozen Egg 2","Tingsha","Tiny Chest","Singing Bowl","HoveringKite"],"potions_floor_usage":[21,23],"damage_taken":[{"damage":6.0,"enemies":"Cultist","floor":1.0,"turns":6.0},{"damage":1.0,"enemies":"2 Louse","floor":4.0,"turns":3.0},{"damage":0.0,"enemies":"Small Slimes","floor":5.0,"turns":4.0},{"damage":27.0,"enemies":"3 Sentries","floor":7.0,"turns":8.0},{"damage":7.0,"enemies":"Lagavulin","floor":11.0,"turns":5.0},{"damage":4.0,"enemies":"Exordium Thugs","floor":12.0,"turns":4.0},{"damage":24.0,"enemies":"Gremlin Nob","floor":13.0,"turns":4.0},{"damage":0.0,"enemies":"Large Slime","floor":14.0,"turns":6.0},{"damage":0.0,"enemies":"Hexaghost","floor":16.0,"turns":7.0},{"damage":9.0,"enemies":"Shell Parasite","floor":18.0,"turns":9.0},{"damage":3,"enemies":"2 Thieves","floor":21,"turns":4},{"damage":30,"enemies":"Slavers","floor":23,"turns":3}],"seed_played":"-38144278850550423","potions_obtained":[{"floor":7.0,"key":"Energy Potion"},{"floor":12.0,"key":"AttackPotion"},{"floor":13.0,"key":"PowerPotion"},{"floor":16.0,"key":"SkillPotion"},{"floor":18.0,"key":"Explosive Potion"}],"is_trial":false,"path_per_floor":["M","$","?","M","M","R","E","R","T","R","E","M","E","M","R","B",null,"M","$","?","M","?","E"],"character_chosen":"THE_SILENT","items_purchased":["Deadly Poison","Poison Potion","Well Laid Plans+1","Crippling Poison"],"campfire_rested":1,"item_purchase_floors":[2,2,19,19],"current_hp_per_floor":[59,59,59,58,58,58,31,31,31,52,45,41,17,17,17,17,58,49,49,49,46,26,0],"gold":71,"neow_bonus":"TEN_PERCENT_HP_BONUS","is_prod":false,"is_daily":false,"chose_seed":false,"campfire_upgraded":3,"win_rate":0,"timestamp":1564971847,"path_taken":["M","$","?","M","M","R","E","R","T","R","E","M","E","?","R","BOSS","M","$","?","?","?","E"],"build_version":"2019-07-17","purchased_purges":1,"victory":false,"max_hp_per_floor":[72,72,72,72,72,72,72,72,72,72,72,72,72,72,72,72,72,72,72,72,72,77,77],"card_choices":[{"not_picked":["Underhanded Strike","Escape Plan"],"picked":"PiercingWail","floor":1.0},{"not_picked":["Deflect","Endless Agony"],"picked":"Poisoned Stab","floor":4.0},{"not_picked":["Blade Dance","Accuracy"],"picked":"Dagger Spray","floor":5.0},{"not_picked":["Choke","Endless Agony"],"picked":"Burst","floor":7.0},{"not_picked":["Outmaneuver","Quick Slash","Dagger Throw"],"picked":"SKIP","floor":11.0},{"not_picked":["Expertise","Slice"],"picked":"Footwork+1","floor":12.0},{"not_picked":["Concentrate","Underhanded Strike"],"picked":"Escape Plan","floor":13.0},{"not_picked":["Terror","Flying Knee"],"picked":"Calculated Gamble","floor":14.0},{"not_picked":["Storm of Steel","Adrenaline"],"picked":"After Image+1","floor":16.0},{"not_picked":["Deadly Poison+1","PiercingWail"],"picked":"Expertise","floor":18.0},{"not_picked":["Accuracy+1","Tactician"],"picked":"Skewer","floor":21}],"player_experience":1240814,"relics_obtained":[{"floor":7.0,"key":"Frozen Egg 2"},{"floor":9.0,"key":"Tingsha"},{"floor":11.0,"key":"Tiny Chest"},{"floor":13.0,"key":"Singing Bowl"}],"event_choices":[{"damage_healed":0.0,"max_hp_gain":0.0,"max_hp_loss":0.0,"gold_gain":0.0,"cards_transformed":["Strike_G"],"event_name":"Transmorgrifier","player_choice":"Transformed","floor":3.0,"gold_loss":0.0,"damage_taken":0.0,"cards_obtained":["Dagger Throw"]},{"damage_healed":0,"gold_gain":0,"cards_transformed":["Strike_G"],"player_choice":"Transformed","damage_taken":0,"max_hp_gain":0,"max_hp_loss":0,"event_name":"Transmorgrifier","floor":20,"gold_loss":0,"cards_obtained":["Well Laid Plans"]},{"damage_healed":0,"gold_gain":0,"player_choice":"Shed Blood","damage_taken":25,"max_hp_gain":5,"max_hp_loss":0,"event_name":"Forgotten Altar","floor":22,"gold_loss":0}],"is_beta":false,"boss_relics":[{"not_picked":["Astrolabe","Black Star"],"picked":"HoveringKite"}],"items_purged_floors":[19],"is_endless":false,"potions_floor_spawned":[7,12,13,16,18],"killed_by":"Slavers","ascension_level":20}