{"gold_per_floor":[19,37,37,50,67,67,67,67,67,67,217,142,42,74,74,152,152,167,42,42,42,53,88,88,106,106,106,136,136,156,256,256,330,330,347,347,117,132,148,148,177,197,197,197,215,215,229,257,257,257,257,257,257,28,55,55],"floor_reached":57,"playtime":2352,"items_purged":["Doubt","Strike_G","Strike_G"],"score":3046,"play_id":"402c42fb-67b0-43a8-aa55-df97a475346b","local_time":"20190804155506","is_ascension_mode":true,"campfire_choices":[{"data":"Flechettes","floor":6.0,"key":"SMITH"},{"data":"Prepared","floor":8.0,"key":"SMITH"},{"data":"Skewer","floor":10.0,"key":"SMITH"},{"data":"Doppelganger","floor":15.0,"key":"SMITH"},{"data":"Acrobatics","floor":24.0,"key":"SMITH"},{"data":"Reflex","floor":32.0,"key":"SMITH"},{"floor":40.0,"key":"RECALL"},{"data":"Purity","floor":46.0,"key":"SMITH"},{"data":"Ghostly","floor":49.0,"key":"SMITH"},{"data":"Escape Plan","floor":53.0,"key":"SMITH"}],"neow_cost":"NO_GOLD","seed_source_timestamp":593873660038586,"circlet_count":0,"master_deck":["AscendersBane","Defend_G","Defend_G","Defend_G","Defend_G","Defend_G","Survivor","Neutralize","Doppelganger+1","Prepared+1","Skewer+1","Flechettes+1","Acrobatics+1","Ghostly+1","Ghostly","Ghostly","Necronomicurse","Reflex+1","Escape Plan+1","Reflex+1","Purity+1"],"special_seed":0,"relics":["Ring of the Snake","Sundial","Centennial Puzzle","Art of War","Calling Bell","Lantern","Meat on the Bone","Ginger","Necronomicon","Blood Vial","Tingsha","Kunai","Nunchaku","Runic Dome","Medical Kit","Vajra","Du-Vu Doll","Toy Ornithopter","Bird Faced Urn"],"potions_floor_usage":[],"damage_taken":[{"damage":3.0,"enemies":"Cultist","floor":1.0,"turns":5.0},{"damage":4.0,"enemies":"Jaw Worm","floor":2.0,"turns":7.0},{"damage":2.0,"enemies":"Small Slimes","floor":4.0,"turns":3.0},{"damage":3.0,"enemies":"Looter","floor":5.0,"turns":4.0},{"damage":15.0,"enemies":"3 Sentries","floor":14.0,"turns":7.0},{"damage":18.0,"enemies":"Slime Boss","floor":16.0,"turns":6.0},{"damage":1.0,"enemies":"Spheric Guardian","floor":18.0,"turns":3.0},{"damage":0.0,"enemies":"Shell Parasite","floor":22.0,"turns":4.0},{"damage":1.0,"enemies":"Book of Stabbing","floor":23.0,"turns":4.0},{"damage":0.0,"enemies":"Snake Plant","floor":25.0,"turns":4.0},{"damage":3.0,"enemies":"Slavers","floor":28.0,"turns":5.0},{"damage":2.0,"enemies":"Chosen and Byrds","floor":30.0,"turns":5.0},{"damage":1.0,"enemies":"Colosseum Slavers","floor":31.0,"turns":2.0},{"damage":1.0,"enemies":"Colosseum Nobs","floor":31.0,"turns":5.0},{"damage":17.0,"enemies":"Collector","floor":33.0,"turns":4.0},{"damage":0.0,"enemies":"3 Darklings","floor":35.0,"turns":4.0},{"damage":0.0,"enemies":"Orb Walker","floor":38.0,"turns":1.0},{"damage":0.0,"enemies":"Writhing Mass","floor":39.0,"turns":4.0},{"damage":0.0,"enemies":"Reptomancer","floor":41.0,"turns":5.0},{"damage":0.0,"enemies":"Transient","floor":42.0,"turns":6.0},{"damage":0.0,"enemies":"Jaw Worm Horde","floor":45.0,"turns":2.0},{"damage":3.0,"enemies":"Writhing Mass","floor":47.0,"turns":2.0},{"damage":0.0,"enemies":"Nemesis","floor":48.0,"turns":3.0},{"damage":0.0,"enemies":"Time Eater","floor":50.0,"turns":5.0},{"damage":0.0,"enemies":"Awakened One","floor":51.0,"turns":4.0},{"damage":0.0,"enemies":"Shield and Spear","floor":55.0,"turns":3.0},{"damage":26,"enemies":"The Heart","floor":56,"turns":7}],"seed_played":"3215589716784233803","potions_obtained":[{"floor":2.0,"key":"SteroidPotion"},{"floor":4.0,"key":"Fire Potion"},{"floor":16.0,"key":"GamblersBrew"},{"floor":22.0,"key":"AttackPotion"},{"floor":25.0,"key":"Regen Potion"},{"floor":42.0,"key":"Fruit Juice"}],"is_trial":false,"path_per_floor":["M","M","?","M","M","R","?","R","T","R","?","$","$","E","R","B",null,"M","$","?","?","M","E","R","M","T","?","E","$","M","?","R","B",null,"M","?","$","M","M","R","E","M","T","?","M","R","M","E","R","B","B",null,"R","$","E","B",null],"character_chosen":"THE_SILENT","items_purchased":["Medical Kit","Toy Ornithopter"],"campfire_rested":0,"item_purchase_floors":[37,54],"current_hp_per_floor":[56,52,47,45,42,42,35,35,35,35,35,35,35,20,20,2,50,49,49,33,12,24,23,23,25,25,25,24,24,24,26,26,23,31,33,33,33,33,33,33,33,38,38,33,35,35,34,36,36,38,38,38,38,38,38,24],"gold":55,"neow_bonus":"TRANSFORM_TWO_CARDS","is_prod":false,"is_daily":false,"chose_seed":false,"campfire_upgraded":9,"win_rate":0,"timestamp":1564901706,"path_taken":["M","?","?","M","M","R","?","R","T","R","?","?","$","E","R","BOSS","M","$","?","?","M","E","R","?","T","?","E","$","M","?","R","BOSS","M","?","$","M","?","R","E","M","T","?","M","R","M","E","R","BOSS","BOSS","R","$","E","BOSS"],"build_version":"2019-07-17","purchased_purges":3,"victory":true,"max_hp_per_floor":[66,66,66,66,66,66,66,66,66,66,66,66,66,66,66,66,66,66,66,33,33,33,33,33,33,33,33,33,33,33,33,33,33,33,33,33,33,33,33,33,33,38,38,38,38,38,38,38,38,38,38,38,38,38,38,38],"card_choices":[{"not_picked":["Sucker Punch","Deadly Poison"],"picked":"Skewer","floor":1.0},{"not_picked":["Distraction","Deflect","Dodge and Roll"],"picked":"SKIP","floor":2.0},{"not_picked":["Dagger Throw","Outmaneuver"],"picked":"Flechettes","floor":4.0},{"not_picked":["Infinite Blades","Predator","Dagger Spray"],"picked":"SKIP","floor":5.0},{"not_picked":["Infinite Blades","Predator","Dagger Spray"],"picked":"SKIP","floor":5.0},{"not_picked":["Choke","Dagger Spray"],"picked":"Acrobatics","floor":14.0},{"not_picked":["Flying Knee","Prepared+1","Sucker Punch"],"picked":"SKIP","floor":18.0},{"not_picked":["Blade Dance","Cloak And Dagger","Leg Sweep"],"picked":"SKIP","floor":22.0},{"not_picked":["Flechettes","Dagger Spray","Poisoned Stab"],"picked":"SKIP","floor":23.0},{"not_picked":["Choke+1","Expertise+1","Flechettes+1"],"picked":"SKIP","floor":25.0},{"not_picked":["Riddle With Holes","Corpse Explosion"],"picked":"Escape Plan","floor":28.0},{"not_picked":["Bane+1","Acrobatics","Finisher+1"],"picked":"SKIP","floor":30.0},{"not_picked":["Poisoned Stab","Dagger Throw+1","Cloak And Dagger+1"],"picked":"SKIP","floor":35.0},{"not_picked":["Terror","Sucker Punch","Crippling Poison"],"picked":"SKIP","floor":38.0},{"not_picked":["Slice","Dagger Throw","Glass Knife"],"picked":"SKIP","floor":39.0},{"not_picked":["Leg Sweep","Noxious Fumes+1","Backflip"],"picked":"SKIP","floor":41.0},{"not_picked":["Bane+1","Blade Dance","Poisoned Stab"],"picked":"SKIP","floor":42.0},{"not_picked":["Bane+1","Blade Dance","Poisoned Stab"],"picked":"SKIP","floor":42.0},{"not_picked":["Good Instincts","The Bomb"],"picked":"Purity","floor":44.0},{"not_picked":["Sucker Punch","Quick Slash","Deflect"],"picked":"SKIP","floor":45.0},{"not_picked":["Distraction","Deadly Poison+1","Acrobatics"],"picked":"SKIP","floor":47.0},{"not_picked":["Wraith Form v2","Caltrops","Deadly Poison+1"],"picked":"SKIP","floor":48.0},{"not_picked":["Wraith Form v2","Caltrops","Deadly Poison+1"],"picked":"SKIP","floor":48.0},{"not_picked":["Wraith Form v2","Caltrops","Deadly Poison+1"],"picked":"SKIP","floor":48.0},{"not_picked":["Catalyst","PiercingWail","Quick Slash"],"picked":"SKIP","floor":55.0}],"player_experience":757582,"relics_obtained":[{"floor":9.0,"key":"Centennial Puzzle"},{"floor":14.0,"key":"Art of War"},{"floor":17.0,"key":"Lantern"},{"floor":17.0,"key":"Meat on the Bone"},{"floor":17.0,"key":"Ginger"},{"floor":21.0,"key":"Necronomicon"},{"floor":23.0,"key":"Blood Vial"},{"floor":26.0,"key":"Tingsha"},{"floor":28.0,"key":"Kunai"},{"floor":31.0,"key":"Nunchaku"},{"floor":41.0,"key":"Vajra"},{"floor":48.0,"key":"Du-Vu Doll"},{"floor":55.0,"key":"Bird Faced Urn"}],"event_choices":[{"damage_healed":0.0,"max_hp_gain":0.0,"max_hp_loss":0.0,"gold_gain":0.0,"event_name":"Scrap Ooze","player_choice":"Success","floor":3.0,"gold_loss":0.0,"damage_taken":5.0,"relics_obtained":["Sundial"]},{"cards_removed":["Strike_G"],"damage_healed":0.0,"max_hp_gain":0.0,"max_hp_loss":0.0,"gold_gain":0.0,"event_name":"Golden Wing","player_choice":"Card Removal","floor":7.0,"gold_loss":0.0,"damage_taken":7.0},{"damage_healed":0.0,"max_hp_gain":0.0,"max_hp_loss":0.0,"gold_gain":150.0,"event_name":"Liars Game","player_choice":"AGREE","floor":11.0,"gold_loss":0.0,"damage_taken":0.0,"cards_obtained":["Doubt"]},{"damage_healed":0.0,"max_hp_gain":0.0,"max_hp_loss":33.0,"gold_gain":0.0,"event_name":"Ghosts","player_choice":"Became a Ghost","floor":20.0,"gold_loss":0.0,"damage_taken":0.0,"cards_obtained":["Ghostly","Ghostly","Ghostly"]},{"damage_healed":0.0,"max_hp_gain":0.0,"max_hp_loss":0.0,"gold_gain":0.0,"event_name":"Cursed Tome","player_choice":"Obtained Book","floor":21.0,"gold_loss":0.0,"damage_taken":21.0},{"damage_healed":0.0,"max_hp_gain":0.0,"max_hp_loss":0.0,"gold_gain":0.0,"event_name":"The Library","player_choice":"Read","floor":27.0,"gold_loss":0.0,"damage_taken":0.0,"cards_obtained":["Reflex"]},{"damage_healed":0.0,"max_hp_gain":0.0,"max_hp_loss":0.0,"gold_gain":0.0,"event_name":"Colosseum","player_choice":"Fight","floor":31.0,"gold_loss":0.0,"damage_taken":0.0},{"damage_healed":0.0,"max_hp_gain":0.0,"max_hp_loss":0.0,"gold_gain":0.0,"event_name":"Colosseum","player_choice":"Fought Nobs","floor":31.0,"gold_loss":0.0,"damage_taken":0.0},{"damage_healed":0.0,"max_hp_gain":0.0,"max_hp_loss":0.0,"gold_gain":0.0,"event_name":"Duplicator","player_choice":"Copied","floor":36.0,"gold_loss":0.0,"damage_taken":0.0,"cards_obtained":["Reflex"]},{"damage_healed":0.0,"max_hp_gain":0.0,"max_hp_loss":0.0,"gold_gain":0.0,"event_name":"SensoryStone","player_choice":"Memory 2","floor":44.0,"gold_loss":0.0,"damage_taken":5.0}],"is_beta":false,"boss_relics":[{"not_picked":["Fusion Hammer","Lizard Tail"],"picked":"Calling Bell"},{"not_picked":["Tiny House","Eternal Feather"],"picked":"Runic Dome"}],"items_purged_floors":[12,13,19],"is_endless":false,"potions_floor_spawned":[2,4,14,16,22,25,31,38,39,42],"ascension_level":20}