{"gold_per_floor":[118,118,118,136,136,169,189,189,215,246,321,336,336,364,364,467,467,484,311,328,328,427,461,471,471,471,487,487,387,407,437,437,536,536,556,556,568,586,686,686,716,736,736,311,311,325,335,349,349,349,349,349,66,94,94],"floor_reached":56,"playtime":3671,"items_purged":["Strike_B","Strike_B","Strike_B"],"score":1252,"play_id":"3697bac9-bfa1-43b8-b3bf-46a75206750b","local_time":"20190702234441","is_ascension_mode":false,"campfire_choices":[{"data":"Dualcast","floor":8.0,"key":"SMITH"},{"data":"Zap","floor":13.0,"key":"SMITH"},{"floor":15.0,"key":"REST"},{"data":"Loop","floor":25.0,"key":"SMITH"},{"data":"Defragment","floor":28.0,"key":"SMITH"},{"data":"Defragment","floor":32.0,"key":"SMITH"},{"data":"Coolheaded","floor":40,"key":"SMITH"},{"floor":49,"key":"RECALL"},{"data":"Creative AI","floor":52,"key":"SMITH"}],"neow_cost":"NONE","seed_source_timestamp":0,"circlet_count":0,"master_deck":["Strike_B","Defend_B","Defend_B","Defend_B","Zap+1","Dualcast+1","Coolheaded+1","Auto Shields","Melter","Cold Snap","Consume","Cold Snap","Coolheaded","Creative AI+1","Defragment+1","Steam","Loop+1","Defragment+1","Hologram+1","Stack","Hologram+1","Electrodynamics+1","Redo+1","Defragment+1","Defragment+1","Redo+1","Echo Form+1","Capacitor+1","Heatsinks+1","Capacitor+1","Defragment+1","Steam Power+1"],"special_seed":0,"relics":["FrozenCore","NeowsBlessing","Lantern","Anchor","DataDisk","Vajra","Odd Mushroom","Cursed Key","Omamori","Frozen Egg 2","Calipers","Nunchaku","Boot","Mummified Hand","Art of War","Bronze Scales"],"potions_floor_usage":[38,41,47,47,55,55],"damage_taken":[{"damage":0.0,"enemies":"Small Slimes","floor":1.0,"turns":1.0},{"damage":0.0,"enemies":"Cultist","floor":4.0,"turns":1.0},{"damage":0.0,"enemies":"Lagavulin","floor":6.0,"turns":1.0},{"damage":2.0,"enemies":"2 Louse","floor":7.0,"turns":2.0},{"damage":0.0,"enemies":"3 Sentries","floor":10.0,"turns":5.0},{"damage":0.0,"enemies":"Looter","floor":12.0,"turns":2.0},{"damage":5.0,"enemies":"The Mushroom Lair","floor":14.0,"turns":3.0},{"damage":15.0,"enemies":"The Guardian","floor":16.0,"turns":14.0},{"damage":0.0,"enemies":"3 Byrds","floor":18.0,"turns":7.0},{"damage":0.0,"enemies":"Chosen","floor":20.0,"turns":6.0},{"damage":7.0,"enemies":"Slavers","floor":23.0,"turns":9.0},{"damage":0.0,"enemies":"Snake Plant","floor":24.0,"turns":6.0},{"damage":0.0,"enemies":"Centurion and Healer","floor":27.0,"turns":9.0},{"damage":2.0,"enemies":"Cultist and Chosen","floor":30.0,"turns":8.0},{"damage":3.0,"enemies":"Book of Stabbing","floor":31.0,"turns":7.0},{"damage":1.0,"enemies":"Champ","floor":33.0,"turns":11.0},{"damage":5.0,"enemies":"3 Shapes","floor":35.0,"turns":4.0},{"damage":0,"enemies":"Orb Walker","floor":37,"turns":7},{"damage":0,"enemies":"3 Darklings","floor":38,"turns":5},{"damage":0,"enemies":"Mind Bloom Boss Battle","floor":39,"turns":4},{"damage":7,"enemies":"Reptomancer","floor":41,"turns":8},{"damage":0,"enemies":"Maw","floor":42,"turns":8},{"damage":0,"enemies":"Spire Growth","floor":46,"turns":7},{"damage":0,"enemies":"Transient","floor":47,"turns":5},{"damage":0,"enemies":"3 Darklings","floor":48,"turns":3},{"damage":7,"enemies":"Awakened One","floor":50,"turns":14},{"damage":0,"enemies":"Shield and Spear","floor":54,"turns":4},{"damage":34,"enemies":"The Heart","floor":55,"turns":8}],"seed_played":"1263615943784859138","potions_obtained":[{"floor":3.0,"key":"Ancient Potion"},{"floor":3.0,"key":"Fire Potion"},{"floor":3.0,"key":"SneckoOil"},{"floor":4.0,"key":"AttackPotion"},{"floor":6.0,"key":"SpeedPotion"},{"floor":10.0,"key":"SpeedPotion"},{"floor":16.0,"key":"Explosive Potion"},{"floor":18.0,"key":"Energy Potion"},{"floor":31.0,"key":"PowerPotion"},{"floor":39,"key":"Energy Potion"},{"floor":41,"key":"EssenceOfSteel"},{"floor":42,"key":"GamblersBrew"},{"floor":48,"key":"PowerPotion"}],"is_trial":false,"path_per_floor":["M","?","?","M","?","E","M","R","T","E","?","M","R","?","R","B",null,"M","$","M","?","?","E","M","R","T","M","R","$","M","E","R","B",null,"M","$","M","M","?","R","E","M","T","$","?","M","M","M","R","B",null,"R","$","E","B",null],"character_chosen":"DEFECT","items_purchased":["Defragment","Steam","Capacitor+1","Mummified Hand","Defragment+1","Art of War","Explosive Potion"],"campfire_rested":1,"item_purchase_floors":[19,19,44,44,53,53,53],"current_hp_per_floor":[75,68,68,68,35,35,33,33,33,33,22,22,22,17,39,24,75,75,75,75,75,75,68,68,68,68,68,68,68,66,63,63,62,75,70,70,70,70,70,70,63,63,63,63,63,63,63,63,63,56,71,71,71,71,37],"gold":94,"neow_bonus":"THREE_ENEMY_KILL","is_prod":false,"is_daily":false,"chose_seed":false,"campfire_upgraded":7,"win_rate":0,"timestamp":1562078681,"path_taken":["M","?","?","?","?","E","M","R","T","E","?","M","R","?","R","BOSS","M","$","M","?","?","E","M","R","T","M","R","$","M","E","R","BOSS","M","$","M","M","?","R","E","M","T","$","?","M","M","M","R","BOSS","R","$","E","BOSS"],"build_version":"2019-07-01","purchased_purges":3,"victory":true,"max_hp_per_floor":[75,75,75,75,75,75,75,75,75,75,75,75,75,75,75,75,75,75,75,75,75,75,75,75,75,75,75,75,75,75,75,75,75,75,75,75,75,75,75,75,75,75,75,75,71,71,71,71,71,71,71,71,71,71,71],"card_choices":[{"not_picked":["Force Field","Rip and Tear"],"picked":"Coolheaded","floor":1.0},{"not_picked":["Ball Lightning","Auto Shields","Reprogram"],"picked":"SKIP","floor":4.0},{"not_picked":["Ball Lightning","Reprogram"],"picked":"Auto Shields","floor":4.0},{"not_picked":["Genetic Algorithm","Auto Shields"],"picked":"Melter","floor":6.0},{"not_picked":["Darkness","Streamline"],"picked":"Cold Snap","floor":7.0},{"not_picked":["Coolheaded","Leap"],"picked":"Consume","floor":10.0},{"not_picked":["Compile Driver","Hologram"],"picked":"Cold Snap","floor":12.0},{"not_picked":["Barrage","Multi-Cast"],"picked":"Coolheaded","floor":14.0},{"not_picked":["Electrodynamics","Multi-Cast"],"picked":"Creative AI","floor":16.0},{"not_picked":["Leap","Lockon+1","Sweeping Beam"],"picked":"SKIP","floor":18.0},{"not_picked":["BootSequence","Hello World"],"picked":"Loop","floor":20.0},{"not_picked":["Hello World","Coolheaded+1"],"picked":"Defragment","floor":23.0},{"not_picked":["Redo","Hologram","Doom and Gloom"],"picked":"SKIP","floor":24.0},{"not_picked":["Hyperbeam","Streamline+1"],"picked":"Hologram+1","floor":27.0},{"not_picked":["Leap","Streamline+1"],"picked":"Stack","floor":30.0},{"not_picked":["FTL","Force Field"],"picked":"Hologram+1","floor":31.0},{"not_picked":["Multi-Cast","Thunder Strike"],"picked":"Electrodynamics+1","floor":33.0},{"not_picked":["Compile Driver+1","Fusion+1","Coolheaded"],"picked":"SKIP","floor":35.0},{"not_picked":["Ball Lightning+1","Rebound+1"],"picked":"Redo+1","floor":37},{"not_picked":["Static Discharge+1","Coolheaded+1"],"picked":"Defragment+1","floor":38},{"not_picked":["Streamline+1","Gash+1"],"picked":"Defragment+1","floor":39},{"not_picked":["Force Field+1","BootSequence"],"picked":"Redo+1","floor":41},{"not_picked":["Hologram","Doom and Gloom"],"picked":"Echo Form+1","floor":42},{"not_picked":["Recycle+1","Stack"],"picked":"Heatsinks+1","floor":46},{"not_picked":["Genetic Algorithm","Reprogram+1"],"picked":"Capacitor+1","floor":47},{"not_picked":["Steam Power+1","Conserve Battery+1","Reinforced Body"],"picked":"SKIP","floor":48},{"not_picked":["Steam","Coolheaded"],"picked":"Steam Power+1","floor":54}],"player_experience":147422,"relics_obtained":[{"floor":6.0,"key":"Anchor"},{"floor":9.0,"key":"DataDisk"},{"floor":10.0,"key":"Vajra"},{"floor":14.0,"key":"Odd Mushroom"},{"floor":23.0,"key":"Omamori"},{"floor":31.0,"key":"Frozen Egg 2"},{"floor":39,"key":"Calipers"},{"floor":41,"key":"Nunchaku"},{"floor":43,"key":"Boot"},{"floor":54,"key":"Bronze Scales"}],"event_choices":[{"cards_removed":["Defend_B"],"damage_healed":0.0,"max_hp_gain":0.0,"max_hp_loss":0.0,"gold_gain":0.0,"event_name":"Golden Wing","player_choice":"Card Removal","floor":2.0,"gold_loss":0.0,"damage_taken":7.0},{"damage_healed":0.0,"max_hp_gain":0.0,"max_hp_loss":0.0,"gold_gain":0.0,"event_name":"Lab","player_choice":"Got Potions","floor":3.0,"gold_loss":0.0,"damage_taken":0.0},{"damage_healed":0.0,"max_hp_gain":0.0,"max_hp_loss":0.0,"gold_gain":0.0,"event_name":"Scrap Ooze","player_choice":"Success","floor":5.0,"gold_loss":0.0,"damage_taken":33.0,"relics_obtained":["Lantern"]},{"damage_healed":0.0,"max_hp_gain":0.0,"max_hp_loss":0.0,"gold_gain":75.0,"event_name":"World of Goop","player_choice":"Gather Gold","floor":11.0,"gold_loss":0.0,"damage_taken":11.0},{"damage_healed":0.0,"max_hp_gain":0.0,"max_hp_loss":0.0,"gold_gain":0.0,"event_name":"Mushrooms","player_choice":"Fought Mushrooms","floor":14.0,"gold_loss":0.0,"damage_taken":0.0},{"damage_healed":0.0,"max_hp_gain":0.0,"max_hp_loss":0.0,"gold_gain":0.0,"event_name":"Ghosts","player_choice":"Ignored","floor":21.0,"gold_loss":0.0,"damage_taken":0.0},{"damage_healed":0.0,"max_hp_gain":0.0,"max_hp_loss":0.0,"gold_gain":99.0,"event_name":"Nest","player_choice":"Stole From Cult","floor":22.0,"gold_loss":0.0,"damage_taken":0.0},{"damage_healed":0,"gold_gain":0,"player_choice":"Fight","damage_taken":0,"max_hp_gain":0,"max_hp_loss":0,"event_name":"MindBloom","floor":39,"gold_loss":0},{"damage_healed":0,"gold_gain":0,"player_choice":"Max HP","damage_taken":0,"max_hp_gain":0,"max_hp_loss":4,"event_name":"Winding Halls","floor":45,"gold_loss":0}],"is_beta":false,"boss_relics":[{"not_picked":["White Beast Statue","Runic Pyramid"],"picked":"Cursed Key"},{"not_picked":["Orrery","Philosopher\u0027s Stone"],"picked":"FrozenCore"}],"items_purged_floors":[19,29,44],"is_endless":false,"potions_floor_spawned":[4,6,10,16,18,20,31,33,35,39,41,42,48,54],"ascension_level":0}