{"gold_per_floor":[112,124,124,186,209,221,258,288,326,338,23,42,42,61,61,134,134,145,165,184,26,26,60,60,60,60,60,60],"floor_reached":28,"playtime":680,"items_purged":["Strike_B"],"score":501,"play_id":"62a4cfa0-b033-4d06-b12b-6e5e461456b1","local_time":"20190719185323","is_ascension_mode":true,"campfire_choices":[{"floor":6,"key":"REST"},{"data":"Loop","floor":10,"key":"SMITH"},{"data":"Beam Cell","floor":13,"key":"SMITH"},{"data":"Streamline","floor":15,"key":"SMITH"},{"floor":24,"key":"REST"},{"data":"Hyperbeam","floor":27,"key":"SMITH"}],"neow_cost":"NONE","seed_source_timestamp":100821973936759,"circlet_count":0,"master_deck":["AscendersBane","Strike_B","Strike_B","Strike_B","Defend_B","Defend_B","Defend_B","Defend_B","Zap","Dualcast","Cold Snap","Streamline+1","Rebound","Loop+1","Beam Cell+1","Ball Lightning","Auto Shields","Hyperbeam+1","Conserve Battery","Coolheaded","Coolheaded","Fusion+1"],"relics":["Cracked Core","MawBank","Omamori","DataDisk","Cables","Cursed Key","Mango","Pantograph","Bottled Lightning"],"potions_floor_usage":[7,20,23,23,28],"damage_taken":[{"damage":0,"enemies":"Cultist","floor":1,"turns":3},{"damage":1,"enemies":"2 Louse","floor":2,"turns":3},{"damage":5,"enemies":"Jaw Worm","floor":5,"turns":2},{"damage":8,"enemies":"Gremlin Nob","floor":7,"turns":3},{"damage":13,"enemies":"Red Slaver","floor":8,"turns":4},{"damage":6,"enemies":"Looter","floor":12,"turns":2},{"damage":6,"enemies":"Blue Slaver","floor":14,"turns":3},{"damage":17,"enemies":"Hexaghost","floor":16,"turns":7},{"damage":8,"enemies":"Spheric Guardian","floor":18,"turns":4},{"damage":14,"enemies":"2 Thieves","floor":19,"turns":3},{"damage":20,"enemies":"Chosen and Byrds","floor":20,"turns":5},{"damage":17,"enemies":"Gremlin Leader","floor":23,"turns":6},{"damage":65,"enemies":"Slavers","floor":28,"turns":4}],"seed_played":"5695720436909645598","potions_obtained":[{"floor":2,"key":"Poison Potion"},{"floor":7,"key":"Swift Potion"},{"floor":12,"key":"Explosive Potion"},{"floor":23,"key":"GamblersBrew"}],"is_trial":false,"path_per_floor":["M","M","?","?","M","R","E","M","T","R","$","M","R","M","R","B",null,"M","M","M","$","?","E","R","?","T","R","E"],"character_chosen":"DEFECT","items_purchased":["Cables","Beam Cell","Regen Potion"],"campfire_rested":2,"item_purchase_floors":[11,11,21],"current_hp_per_floor":[71,70,44,44,39,62,54,41,41,41,41,35,35,29,29,12,62,54,40,20,20,20,32,59,59,59,59,0],"gold":60,"neow_bonus":"TEN_PERCENT_HP_BONUS","is_prod":false,"is_daily":false,"chose_seed":false,"campfire_upgraded":4,"win_rate":0,"timestamp":1563555203,"path_taken":["M","?","?","?","?","R","E","M","T","R","?","M","R","M","R","BOSS","M","M","M","$","?","E","R","?","T","R","E"],"build_version":"2019-07-18","purchased_purges":1,"victory":false,"max_hp_per_floor":[78,78,78,78,78,78,78,78,78,78,78,78,78,78,78,78,78,78,78,78,78,78,92,92,92,92,92,92],"card_choices":[{"not_picked":["Compile Driver","Steam"],"picked":"Cold Snap","floor":1},{"not_picked":["Skim","Go for the Eyes"],"picked":"Streamline","floor":2},{"not_picked":["Thunder Strike","Hologram"],"picked":"Rebound","floor":5},{"not_picked":["Lockon","Redo","Go for the Eyes"],"picked":"SKIP","floor":7},{"not_picked":["Rebound","Steam"],"picked":"Loop","floor":8},{"not_picked":["Hello World","Stack"],"picked":"Ball Lightning","floor":12},{"not_picked":["Machine Learning","Melter"],"picked":"Auto Shields","floor":14},{"not_picked":["Core Surge","Reboot"],"picked":"Hyperbeam","floor":16},{"not_picked":["Stack","Gash"],"picked":"Conserve Battery","floor":18},{"not_picked":["Loop","Reinforced Body"],"picked":"Coolheaded","floor":19},{"not_picked":["Steam","Cold Snap"],"picked":"Coolheaded","floor":20},{"not_picked":["Steam","Streamline"],"picked":"Fusion+1","floor":23}],"player_experience":1899893,"relics_obtained":[{"floor":7,"key":"Omamori"},{"floor":9,"key":"DataDisk"},{"floor":23,"key":"Mango"},{"floor":26,"key":"Bottled Lightning"}],"event_choices":[{"damage_healed":0,"gold_gain":0,"player_choice":"Success","damage_taken":26,"relics_obtained":["MawBank"],"max_hp_gain":0,"max_hp_loss":0,"event_name":"Scrap Ooze","floor":3,"gold_loss":0},{"damage_healed":0,"gold_gain":50,"player_choice":"Pray","damage_taken":0,"max_hp_gain":0,"max_hp_loss":0,"event_name":"Golden Shrine","floor":4,"gold_loss":0},{"damage_healed":0,"gold_gain":0,"player_choice":"Ignored","damage_taken":0,"max_hp_gain":0,"max_hp_loss":0,"event_name":"Cursed Tome","floor":22,"gold_loss":0},{"damage_healed":0,"gold_gain":0,"player_choice":"Stole Relic","damage_taken":0,"relics_obtained":["Pantograph"],"max_hp_gain":0,"max_hp_loss":0,"event_name":"Addict","floor":25,"gold_loss":0,"cards_obtained":["Shame"]}],"is_beta":true,"boss_relics":[{"not_picked":["Ectoplasm","Pandora\u0027s Box"],"picked":"Cursed Key"}],"items_purged_floors":[21],"is_endless":false,"potions_floor_spawned":[2,7,12,23],"killed_by":"Slavers","ascension_level":20}