{"gold_per_floor":[115,115,126,51,51,51,84,84,109,109,128,148,174,86,86,161,161,173,173,183,183,202,213,213,225,225,244,257,270,270,195,195,269,269,282,73,0,13,24,24,51,51,105,105,117,133,33,46,46,46],"floor_reached":51,"playtime":5806,"items_purged":["Strike_G","Strike_G","Strike_G"],"score":1313,"play_id":"633f64df-8732-476f-9a76-4012477d0a32","local_time":"20190809123433","is_ascension_mode":true,"campfire_choices":[{"data":"Neutralize","floor":6.0,"key":"SMITH"},{"data":"Footwork","floor":10.0,"key":"SMITH"},{"floor":15.0,"key":"REST"},{"floor":24.0,"key":"REST"},{"floor":30.0,"key":"REST"},{"data":"Catalyst","floor":32.0,"key":"SMITH"},{"data":"Burst","floor":40.0,"key":"SMITH"},{"data":"Footwork","floor":42.0,"key":"SMITH"},{"floor":49,"key":"REST"}],"neow_cost":"NONE","seed_source_timestamp":0,"circlet_count":0,"master_deck":["AscendersBane","Strike_G","Defend_G","Defend_G","Defend_G","Defend_G","Defend_G","Survivor","Neutralize+1","Predator","Bouncing Flask","Footwork+1","Backflip","Backflip","Corpse Explosion","Footwork+1","PiercingWail","Burst+1","Dodge and Roll","Backflip","Dodge and Roll","Well Laid Plans+1","Noxious Fumes","Night Terror","Footwork","Catalyst+1","Malaise","Well Laid Plans","PiercingWail","Leg Sweep"],"special_seed":0,"relics":["Ring of the Snake","NeowsBlessing","Strawberry","Dream Catcher","Oddly Smooth Stone","Velvet Choker","The Courier","Sozu","Art of War","Red Mask","Happy Flower"],"potions_floor_usage":[50,50],"damage_taken":[{"damage":0.0,"enemies":"Cultist","floor":1.0,"turns":1.0},{"damage":0.0,"enemies":"Small Slimes","floor":3.0,"turns":1.0},{"damage":0.0,"enemies":"Lagavulin","floor":7.0,"turns":1.0},{"damage":9.0,"enemies":"Jaw Worm","floor":11.0,"turns":5.0},{"damage":6.0,"enemies":"Large Slime","floor":12.0,"turns":12.0},{"damage":43.0,"enemies":"3 Sentries","floor":13.0,"turns":13.0},{"damage":11.0,"enemies":"The Guardian","floor":16.0,"turns":14.0},{"damage":5.0,"enemies":"2 Thieves","floor":18.0,"turns":5.0},{"damage":9.0,"enemies":"Shell Parasite","floor":20.0,"turns":7.0},{"damage":37.0,"enemies":"Chosen and Byrds","floor":22.0,"turns":9.0},{"damage":2.0,"enemies":"Shelled Parasite and Fungi","floor":23.0,"turns":9.0},{"damage":4.0,"enemies":"Snake Plant","floor":25.0,"turns":8.0},{"damage":6.0,"enemies":"Centurion and Healer","floor":27.0,"turns":6.0},{"damage":0.0,"enemies":"Sentry and Sphere","floor":28.0,"turns":5.0},{"damage":2.0,"enemies":"Snake Plant","floor":29.0,"turns":6.0},{"damage":21.0,"enemies":"Collector","floor":33.0,"turns":9.0},{"damage":2.0,"enemies":"3 Darklings","floor":35.0,"turns":3.0},{"damage":0.0,"enemies":"3 Shapes","floor":38.0,"turns":4.0},{"damage":0.0,"enemies":"Spire Growth","floor":39.0,"turns":4.0},{"damage":20.0,"enemies":"Reptomancer","floor":41.0,"turns":8.0},{"damage":19.0,"enemies":"Transient","floor":45.0,"turns":6.0},{"damage":7.0,"enemies":"4 Shapes","floor":46.0,"turns":3.0},{"damage":0,"enemies":"Jaw Worm Horde","floor":48,"turns":4},{"damage":7,"enemies":"Donu and Deca","floor":50,"turns":5}],"seed_played":"5412679188074005564","potions_obtained":[{"floor":1.0,"key":"Swift Potion"},{"floor":12.0,"key":"Dexterity Potion"},{"floor":23.0,"key":"Dexterity Potion"},{"floor":27.0,"key":"Dexterity Potion"},{"floor":29.0,"key":"Weak Potion"},{"floor":33.0,"key":"Ancient Potion"}],"is_trial":false,"path_per_floor":["M","$","M","$","?","R","E","?","T","R","M","M","E","$","R","B",null,"M","?","M","?","M","M","R","M","T","M","M","M","R","?","R","B",null,"M","$","?","M","M","R","E","R","T","?","M","M","$","M","R","B",null],"character_chosen":"THE_SILENT","items_purchased":["Footwork","Art of War"],"campfire_rested":4,"item_purchase_floors":[14,36],"current_hp_per_floor":[59,59,59,59,59,59,66,66,66,66,57,51,8,8,29,18,59,54,54,45,45,8,6,27,23,23,17,17,15,36,36,36,15,59,57,57,57,57,57,57,37,37,37,27,8,1,1,1,22,15],"gold":46,"neow_bonus":"THREE_ENEMY_KILL","is_prod":false,"is_daily":false,"chose_seed":false,"campfire_upgraded":5,"win_rate":0,"timestamp":1565379273,"path_taken":["M","?","M","$","?","R","E","?","T","R","M","M","E","?","R","BOSS","M","?","M","?","?","M","R","M","T","M","M","M","R","?","R","BOSS","M","$","?","M","M","R","E","R","T","?","?","M","?","M","R","BOSS"],"build_version":"2019-07-18","purchased_purges":3,"victory":true,"max_hp_per_floor":[66,66,66,66,66,66,73,73,73,73,73,73,73,73,73,73,73,73,73,73,73,73,73,73,73,73,73,73,73,73,73,73,73,73,73,73,73,73,73,73,73,73,73,73,73,73,73,73,73,73],"card_choices":[{"not_picked":["Leg Sweep","Escape Plan"],"picked":"Predator","floor":1.0},{"not_picked":["Dodge and Roll","Escape Plan"],"picked":"Bouncing Flask","floor":3.0},{"not_picked":["Dodge and Roll","Acrobatics"],"picked":"Footwork","floor":7.0},{"not_picked":["Crippling Poison","Slice"],"picked":"Backflip","floor":11.0},{"not_picked":["Quick Slash","Poisoned Stab"],"picked":"Backflip","floor":12.0},{"not_picked":["Bane","Heel Hook"],"picked":"Corpse Explosion","floor":13.0},{"not_picked":["Riddle With Holes","Flechettes"],"picked":"PiercingWail","floor":15.0},{"not_picked":["Night Terror","Unload"],"picked":"Burst","floor":16.0},{"not_picked":["Accuracy","Heel Hook","Bane"],"picked":"SKIP","floor":18.0},{"not_picked":["Expertise","Poisoned Stab"],"picked":"Backflip","floor":20.0},{"not_picked":["PiercingWail","Finisher"],"picked":"Dodge and Roll","floor":22.0},{"not_picked":["Dodge and Roll","Dagger Spray","Accuracy"],"picked":"SKIP","floor":23.0},{"not_picked":["Deflect","Setup"],"picked":"Well Laid Plans+1","floor":24.0},{"not_picked":["Heel Hook","Concentrate"],"picked":"Noxious Fumes","floor":25.0},{"not_picked":["All Out Attack","Riddle With Holes","Blade Dance+1"],"picked":"SKIP","floor":27.0},{"not_picked":["Flying Knee","Quick Slash"],"picked":"Night Terror","floor":28.0},{"not_picked":["Underhanded Strike+1","Tactician"],"picked":"Footwork","floor":29.0},{"not_picked":["Dodge and Roll+1","Poisoned Stab"],"picked":"Catalyst","floor":30.0},{"not_picked":["Glass Knife","Unload"],"picked":"Malaise","floor":33.0},{"not_picked":["Concentrate+1","Expertise","Prepared"],"picked":"SKIP","floor":35.0},{"not_picked":["Prepared","Deadly Poison","Terror"],"picked":"SKIP","floor":38.0},{"not_picked":["Cloak And Dagger","Sucker Punch","Accuracy"],"picked":"SKIP","floor":39.0},{"not_picked":["Quick Slash","Dodge and Roll"],"picked":"Well Laid Plans","floor":41.0},{"not_picked":["Cloak And Dagger","Poisoned Stab+1"],"picked":"PiercingWail","floor":45.0},{"not_picked":["Deflect","Night Terror","Flying Knee"],"picked":"SKIP","floor":46.0},{"not_picked":["Sucker Punch","Prepared","Infinite Blades"],"picked":"SKIP","floor":48},{"not_picked":["Poisoned Stab","Flechettes"],"picked":"Leg Sweep","floor":49}],"player_experience":395868,"relics_obtained":[{"floor":7.0,"key":"Strawberry"},{"floor":9.0,"key":"Dream Catcher"},{"floor":13.0,"key":"Oddly Smooth Stone"},{"floor":26.0,"key":"The Courier"},{"floor":43.0,"key":"Happy Flower"}],"event_choices":[{"damage_healed":0.0,"max_hp_gain":0.0,"max_hp_loss":0.0,"gold_gain":0.0,"event_name":"The Cleric","player_choice":"Leave","floor":5.0,"gold_loss":0.0,"damage_taken":0.0},{"damage_healed":0.0,"max_hp_gain":0.0,"max_hp_loss":0.0,"gold_gain":0.0,"event_name":"Liars Game","player_choice":"Ignored","floor":8.0,"gold_loss":0.0,"damage_taken":0.0},{"damage_healed":0.0,"max_hp_gain":0.0,"max_hp_loss":0.0,"gold_gain":0.0,"event_name":"The Library","player_choice":"Read","floor":19.0,"gold_loss":0.0,"damage_taken":0.0,"cards_obtained":["Dodge and Roll"]},{"damage_healed":0.0,"max_hp_gain":0.0,"max_hp_loss":0.0,"gold_gain":0.0,"event_name":"Vampires","player_choice":"Ignored","floor":21.0,"gold_loss":0.0,"damage_taken":0.0},{"cards_removed":["Strike_G"],"damage_healed":0.0,"max_hp_gain":0.0,"max_hp_loss":0.0,"gold_gain":0.0,"event_name":"Beggar","player_choice":"Gave Gold","floor":31.0,"gold_loss":75.0,"damage_taken":0.0},{"damage_healed":0.0,"max_hp_gain":0.0,"max_hp_loss":0.0,"gold_gain":0.0,"event_name":"Tomb of Lord Red Mask","player_choice":"Paid","floor":37.0,"gold_loss":73.0,"damage_taken":0.0,"relics_obtained":["Red Mask"]},{"damage_healed":0.0,"max_hp_gain":0.0,"max_hp_loss":0.0,"gold_gain":0.0,"event_name":"Wheel of Change","player_choice":"Damaged","floor":44.0,"gold_loss":0.0,"damage_taken":10.0}],"is_beta":true,"boss_relics":[{"not_picked":["Astrolabe","HoveringKite"],"picked":"Velvet Choker"},{"not_picked":["Empty Cage","Runic Dome"],"picked":"Sozu"}],"items_purged_floors":[4,36,47],"is_endless":false,"potions_floor_spawned":[1,12,23,27,29,33,45,46],"ascension_level":18}