{"gold_per_floor":[116,126,51,69,88,88,117,117,143,143,143,143,169,179,179,253,253,263,280,23,23,23,23,41,73,100,100],"floor_reached":27,"playtime":746,"items_purged":["Strike_B","Strike_B"],"score":482,"play_id":"6ddd26f9-ab5a-4d56-bded-f4c4928685d5","local_time":"20190702221815","is_ascension_mode":true,"campfire_choices":[{"data":"Sunder","floor":6,"key":"SMITH"},{"floor":8,"key":"REST"},{"data":"Beam Cell","floor":15,"key":"SMITH"},{"floor":23,"key":"REST"}],"neow_cost":"NONE","seed_source_timestamp":82898172474,"circlet_count":0,"master_deck":["AscendersBane","Strike_B","Defend_B","Defend_B","Defend_B","Defend_B+1","Zap","Dualcast+1","Sunder+1","Ball Lightning","Sweeping Beam","Beam Cell+1","Undo","Conserve Battery","Hyperbeam","FTL","Auto Shields","Reinforced Body","Seek"],"relics":["Cracked Core","Juzu Bracelet","DataDisk","War Paint","Mummified Hand","Inserter","Art of War","Oddly Smooth Stone","Anchor"],"potions_floor_usage":[7,25,25],"damage_taken":[{"damage":12,"enemies":"Jaw Worm","floor":1,"turns":4},{"damage":1,"enemies":"Cultist","floor":2,"turns":3},{"damage":2,"enemies":"2 Louse","floor":4,"turns":3},{"damage":15,"enemies":"Gremlin Gang","floor":5,"turns":4},{"damage":25,"enemies":"Lagavulin","floor":7,"turns":7},{"damage":11,"enemies":"Gremlin Nob","floor":13,"turns":3},{"damage":3,"enemies":"Blue Slaver","floor":14,"turns":2},{"damage":34,"enemies":"Slime Boss","floor":16,"turns":9},{"damage":2,"enemies":"2 Thieves","floor":18,"turns":3},{"damage":16,"enemies":"Spheric Guardian","floor":19,"turns":4},{"damage":4,"enemies":"Snake Plant","floor":24,"turns":4},{"damage":26,"enemies":"Slavers","floor":25,"turns":4},{"damage":12,"enemies":"Book of Stabbing","floor":27,"turns":2}],"seed_played":"-9039631742569962841","potions_obtained":[{"floor":4,"key":"Energy Potion"},{"floor":5,"key":"PowerPotion"},{"floor":13,"key":"LiquidBronze"},{"floor":14,"key":"AttackPotion"}],"is_trial":false,"path_per_floor":["M","M","$","M","M","R","E","R","T","?","?","?","E","M","R","B",null,"M","M","$","?","?","R","M","E","T","E"],"character_chosen":"DEFECT","items_purchased":["Art of War"],"campfire_rested":2,"item_purchase_floors":[20],"current_hp_per_floor":[52,51,51,49,34,34,9,30,30,71,60,60,49,46,46,12,56,54,38,38,18,18,40,36,10,10,0],"gold":100,"neow_bonus":"THREE_CARDS","is_prod":false,"is_daily":false,"chose_seed":false,"campfire_upgraded":2,"win_rate":0,"timestamp":1562098695,"path_taken":["M","M","$","M","M","R","E","R","T","?","?","?","E","M","R","BOSS","M","M","$","?","?","R","M","E","T","E"],"build_version":"2019-06-30","purchased_purges":2,"victory":false,"max_hp_per_floor":[71,71,71,71,71,71,71,71,71,71,71,71,71,71,71,71,71,71,71,71,76,76,76,76,76,76,76],"card_choices":[{"not_picked":["Stack","Scrape"],"picked":"Sunder","floor":0},{"not_picked":["Gash","Static Discharge"],"picked":"Ball Lightning","floor":1},{"not_picked":["Sweeping Beam","Gash"],"picked":"Recycle","floor":2},{"not_picked":["Cold Snap","Ball Lightning"],"picked":"Sweeping Beam","floor":4},{"not_picked":["Coolheaded","Steam Power"],"picked":"Beam Cell","floor":5},{"not_picked":["Sweeping Beam","Coolheaded"],"picked":"Undo","floor":7},{"not_picked":["Steam Power","Reboot","Rip and Tear"],"picked":"SKIP","floor":13},{"not_picked":["Beam Cell","Steam Power"],"picked":"Conserve Battery","floor":14},{"not_picked":["Buffer","Amplify"],"picked":"Hyperbeam","floor":16},{"not_picked":["Steam","Hologram"],"picked":"FTL","floor":18},{"not_picked":["Chill","Steam Power"],"picked":"Auto Shields","floor":19},{"not_picked":["Redo","Ball Lightning+1"],"picked":"Reinforced Body","floor":24},{"not_picked":["Heatsinks","Barrage"],"picked":"Seek","floor":25}],"player_experience":1795275,"relics_obtained":[{"floor":7,"key":"Juzu Bracelet"},{"floor":9,"key":"DataDisk"},{"floor":13,"key":"Mummified Hand"},{"floor":25,"key":"Oddly Smooth Stone"},{"floor":26,"key":"Anchor"}],"event_choices":[{"cards_removed":["Recycle"],"damage_healed":41,"gold_gain":0,"player_choice":"Offered Uncommon","damage_taken":0,"max_hp_gain":0,"max_hp_loss":0,"event_name":"Bonfire Elementals","floor":10,"gold_loss":0},{"damage_healed":0,"gold_gain":0,"player_choice":"Success","damage_taken":11,"relics_obtained":["War Paint"],"max_hp_gain":0,"max_hp_loss":0,"event_name":"Scrap Ooze","floor":11,"gold_loss":0},{"damage_healed":0,"gold_gain":0,"player_choice":"Ignored","damage_taken":0,"max_hp_gain":0,"max_hp_loss":0,"event_name":"Liars Game","floor":12,"gold_loss":0},{"damage_healed":0,"gold_gain":0,"player_choice":"Shed Blood","damage_taken":25,"max_hp_gain":5,"max_hp_loss":0,"event_name":"Forgotten Altar","floor":21,"gold_loss":0},{"cards_removed":["Strike_B"],"damage_healed":0,"gold_gain":0,"player_choice":"Purged","damage_taken":0,"max_hp_gain":0,"max_hp_loss":0,"event_name":"Purifier","floor":22,"gold_loss":0}],"is_beta":true,"boss_relics":[{"not_picked":["Velvet Choker","Philosopher\u0027s Stone"],"picked":"Inserter"}],"items_purged_floors":[3,20],"is_endless":false,"potions_floor_spawned":[4,5,13,14,16,24],"killed_by":"Book of Stabbing","ascension_level":20}