{"gold_per_floor":[110,123,48,223,47,47,81,81,81,112,112,129,129,139,139,234,234,249,124,139,139,154,154,171,171,219,219,319,329,329,355,355,458,458,476,576,576],"floor_reached":37,"playtime":2209,"items_purged":["Strike_R","Doubt","Strike_R"],"score":684,"play_id":"3de8821f-f2c2-45bf-ac60-516fcb850b95","local_time":"20190619231447","is_ascension_mode":true,"campfire_choices":[{"data":"Hemokinesis","floor":6,"key":"SMITH"},{"floor":13,"key":"REST"},{"data":"Cleave","floor":15,"key":"SMITH"},{"floor":23,"key":"REST"},{"floor":25,"key":"REST"},{"data":"Heavy Blade","floor":27,"key":"SMITH"},{"floor":32,"key":"REST"}],"neow_cost":"","seed_source_timestamp":609232848261900,"circlet_count":0,"master_deck":["Strike_R+1","Defend_R","Defend_R","Defend_R","Bash+1","Hemokinesis+1","Cleave+1","Metallicize+1","Rupture","Spot Weakness+1","Limit Break+1","Ghostly Armor+1","Shrug It Off+1","Ghostly Armor+1","Heavy Blade+1","Heavy Blade+1","Feed+1","Shockwave+1","Ghostly Armor+1","Decay","Double Tap+1","Anger+1","Sword Boomerang+1","Juggernaut+1","Entrench+1"],"relics":["Burning Blood","Oddly Smooth Stone","Matryoshka","Toxic Egg 2","Orrery","Whetstone","Boot","Dodecahedron","Astrolabe","Ginger"],"potions_floor_usage":[7,10,22,33],"damage_taken":[{"damage":9,"enemies":"Cultist","floor":1,"turns":3},{"damage":13,"enemies":"Jaw Worm","floor":2,"turns":4},{"damage":23,"enemies":"Lagavulin","floor":7,"turns":6},{"damage":22,"enemies":"Gremlin Nob","floor":10,"turns":4},{"damage":0,"enemies":"Small Slimes","floor":12,"turns":4},{"damage":2,"enemies":"2 Fungi Beasts","floor":14,"turns":3},{"damage":40,"enemies":"Slime Boss","floor":16,"turns":10},{"damage":23,"enemies":"Spheric Guardian","floor":18,"turns":7},{"damage":22,"enemies":"Chosen","floor":20,"turns":5},{"damage":27,"enemies":"Shelled Parasite and Fungi","floor":22,"turns":9},{"damage":5,"enemies":"Centurion and Healer","floor":24,"turns":8},{"damage":10,"enemies":"Snecko","floor":29,"turns":6},{"damage":21,"enemies":"Book of Stabbing","floor":31,"turns":5},{"damage":49,"enemies":"Collector","floor":33,"turns":10},{"damage":68,"enemies":"3 Darklings","floor":35,"turns":9},{"damage":4,"enemies":"Mind Bloom Boss Battle","floor":36,"turns":8},{"damage":24,"enemies":"3 Shapes","floor":37,"turns":3}],"seed_played":"1242303551961601293","potions_obtained":[{"floor":1,"key":"Explosive Potion"},{"floor":2,"key":"Energy Potion"},{"floor":18,"key":"AttackPotion"},{"floor":20,"key":"EssenceOfSteel"},{"floor":33,"key":"SpeedPotion"},{"floor":36,"key":"Block Potion"}],"is_trial":false,"path_per_floor":["M","M","$","?","$","R","E","?","T","E","?","M","R","M","R","B",null,"M","$","M","$","M","R","M","R","T","R","?","M","?","E","R","B",null,"M","?","M"],"character_chosen":"IRONCLAD","items_purchased":["Hemokinesis","Cleave","Rupture"],"campfire_rested":4,"item_purchase_floors":[0,0,5],"current_hp_per_floor":[77,70,70,70,70,70,53,53,53,37,21,27,51,55,55,21,80,63,63,47,47,26,50,51,75,75,75,75,71,71,56,80,37,80,18,24,0],"gold":576,"neow_bonus":"","is_prod":false,"is_daily":false,"chose_seed":false,"campfire_upgraded":3,"win_rate":0,"timestamp":1561004087,"path_taken":["M","?","$","?","$","R","E","?","T","E","?","M","R","M","R","BOSS","M","$","M","$","M","R","M","R","T","R","?","?","?","E","R","BOSS","M","?","M"],"build_version":"2019-01-23","purchased_purges":3,"victory":false,"max_hp_per_floor":[80,80,80,80,80,80,80,80,80,80,80,80,80,80,80,80,80,80,80,80,80,80,80,80,80,80,80,80,80,80,80,80,80,80,80,84,84],"card_choices":[{"not_picked":["Power Through","Havoc","Sever Soul"],"picked":"SKIP","floor":1},{"not_picked":["Dual Wield","Pommel Strike"],"picked":"Metallicize","floor":2},{"not_picked":["True Grit","Sever Soul","Feel No Pain"],"picked":"SKIP","floor":7},{"not_picked":["Dual Wield","Perfected Strike","Corruption"],"picked":"SKIP","floor":10},{"not_picked":["Dual Wield","Perfected Strike","Corruption"],"picked":"SKIP","floor":10},{"not_picked":["Dual Wield","Perfected Strike","Corruption"],"picked":"SKIP","floor":10},{"not_picked":["Dual Wield","Perfected Strike","Corruption"],"picked":"SKIP","floor":10},{"not_picked":["Heavy Blade","True Grit+1","Sword Boomerang"],"picked":"SKIP","floor":12},{"not_picked":["Shrug It Off+1","Flex+1"],"picked":"Spot Weakness+1","floor":14},{"not_picked":["Immolate","Demon Form"],"picked":"Limit Break+1","floor":16},{"not_picked":["Perfected Strike","Clothesline"],"picked":"Ghostly Armor+1","floor":17},{"not_picked":["Wild Strike","Evolve"],"picked":"Shrug It Off+1","floor":17},{"not_picked":["Flex+1","Pommel Strike"],"picked":"Ghostly Armor+1","floor":17},{"not_picked":["Twin Strike","Body Slam"],"picked":"Heavy Blade","floor":17},{"not_picked":["Headbutt","Feel No Pain"],"picked":"Heavy Blade+1","floor":18},{"not_picked":["Sword Boomerang","Pommel Strike","True Grit+1"],"picked":"SKIP","floor":20},{"not_picked":["Havoc+1","Warcry+1"],"picked":"Feed","floor":22},{"not_picked":["Corruption","Body Slam"],"picked":"Shockwave+1","floor":24},{"not_picked":["Body Slam","Cleave"],"picked":"Ghostly Armor+1","floor":29},{"not_picked":["Anger","Armaments+1","Shrug It Off+1"],"picked":"SKIP","floor":31},{"not_picked":["Offering+1","Bludgeon"],"picked":"Double Tap+1","floor":33},{"not_picked":["Twin Strike","Iron Wave+1","Havoc+1"],"picked":"SKIP","floor":35},{"not_picked":["Searing Blow","Clothesline+1"],"picked":"Entrench+1","floor":36}],"player_experience":354205,"relics_obtained":[{"floor":7,"key":"Oddly Smooth Stone"},{"floor":9,"key":"Matryoshka"},{"floor":10,"key":"Toxic Egg 2"},{"floor":26,"key":"Whetstone"},{"floor":26,"key":"Boot"},{"floor":31,"key":"Dodecahedron"},{"floor":36,"key":"Ginger"}],"event_choices":[{"damage_healed":0,"gold_gain":175,"player_choice":"AGREE","damage_taken":0,"max_hp_gain":0,"max_hp_loss":0,"event_name":"Liars Game","floor":4,"gold_loss":0,"cards_obtained":["Doubt"]},{"damage_healed":0,"gold_gain":0,"player_choice":"Fled","damage_taken":0,"max_hp_gain":0,"max_hp_loss":0,"event_name":"Scrap Ooze","floor":8,"gold_loss":0},{"damage_healed":0,"gold_gain":0,"player_choice":"Entered Light","damage_taken":16,"max_hp_gain":0,"max_hp_loss":0,"event_name":"Shining Light","floor":11,"gold_loss":0,"cards_upgraded":["Metallicize","Bash"]},{"damage_healed":0,"gold_gain":100,"player_choice":"Pray","damage_taken":0,"max_hp_gain":0,"max_hp_loss":0,"event_name":"Golden Shrine","floor":28,"gold_loss":0},{"damage_healed":0,"gold_gain":0,"player_choice":"Smashed Altar","damage_taken":0,"max_hp_gain":0,"max_hp_loss":0,"event_name":"Forgotten Altar","floor":30,"gold_loss":0,"cards_obtained":["Decay"]},{"damage_healed":0,"gold_gain":0,"player_choice":"Fight","damage_taken":0,"max_hp_gain":0,"max_hp_loss":0,"event_name":"MindBloom","floor":36,"gold_loss":0}],"is_beta":false,"boss_relics":[{"not_picked":["Black Star","Black Blood"],"picked":"Orrery"},{"not_picked":["Pandora\u0027s Box","Tiny House"],"picked":"Astrolabe"}],"items_purged_floors":[3,5,19],"is_endless":false,"potions_floor_spawned":[1,2,18,20,33,36],"killed_by":"3 Shapes","ascension_level":4}