{"gold_per_floor":[117,130,130,149,162,162,180,180,180,197,229,252,267,297,297,401,401,417,417,432,432,449,477,477,491,515,515,16,35,46,62,62,164,164,184,0,10,28,42,42,58,58,58,72,83,83,83,83,83,83],"floor_reached":50,"playtime":3856,"items_purged":["Defend_B"],"score":786,"play_id":"6cb25c66-134b-4f36-a09c-6fabc323e769","local_time":"20190802080904","is_ascension_mode":true,"campfire_choices":[{"data":"Zap","floor":6,"key":"SMITH"},{"data":"Dualcast","floor":8,"key":"SMITH"},{"floor":15,"key":"REST"},{"floor":24,"key":"REST"},{"data":"Loop","floor":27,"key":"SMITH"},{"data":"Heatsinks","floor":32,"key":"SMITH"},{"data":"Loop","floor":40,"key":"SMITH"},{"data":"Seek","floor":42,"key":"SMITH"},{"data":"Thunder Strike","floor":46,"key":"SMITH"},{"floor":49,"key":"REST"}],"neow_cost":"NONE","seed_source_timestamp":272890223451818,"circlet_count":0,"master_deck":["AscendersBane","Strike_B","Defend_B","Defend_B","Zap+1","Dualcast+1","Conserve Battery","BootSequence","Cold Snap","Ball Lightning","Static Discharge","Loop+1","Buffer","Thunder Strike+1","Creative AI+1","White Noise+1","Core Surge+1","Loop+1","Force Field","Glacier+1","Self Repair","Self Repair","Seek+1","Heatsinks+1","Chill","Go for the Eyes+1","Defragment+1","Barrage","Madness","Madness","Capacitor+1"],"relics":["Velvet Choker","DataDisk","Dream Catcher","Odd Mushroom","Bottled Lightning","Astrolabe","Bottled Tornado","Orichalcum","Omamori","Frozen Eye","Philosopher\u0027s Stone","Red Mask","Symbiotic Virus"],"potions_floor_usage":[11,14,14,16,18,23,31,38,50,50],"damage_taken":[{"damage":2,"enemies":"Small Slimes","floor":1,"turns":4},{"damage":6,"enemies":"Cultist","floor":2,"turns":4},{"damage":5,"enemies":"Jaw Worm","floor":4,"turns":4},{"damage":2,"enemies":"Red Slaver","floor":5,"turns":4},{"damage":21,"enemies":"Exordium Thugs","floor":7,"turns":7},{"damage":0,"enemies":"Lots of Slimes","floor":10,"turns":4},{"damage":17,"enemies":"Gremlin Nob","floor":11,"turns":4},{"damage":19,"enemies":"The Mushroom Lair","floor":12,"turns":4},{"damage":0,"enemies":"Looter","floor":13,"turns":2},{"damage":0,"enemies":"3 Sentries","floor":14,"turns":6},{"damage":21,"enemies":"Hexaghost","floor":16,"turns":10},{"damage":1,"enemies":"Spheric Guardian","floor":18,"turns":4},{"damage":0,"enemies":"Chosen","floor":20,"turns":4},{"damage":20,"enemies":"Centurion and Healer","floor":22,"turns":6},{"damage":14,"enemies":"Book of Stabbing","floor":23,"turns":7},{"damage":1,"enemies":"Snecko","floor":25,"turns":8},{"damage":4,"enemies":"Shelled Parasite and Fungi","floor":29,"turns":7},{"damage":20,"enemies":"Snake Plant","floor":30,"turns":6},{"damage":9,"enemies":"Chosen and Byrds","floor":31,"turns":6},{"damage":21,"enemies":"Collector","floor":33,"turns":9},{"damage":0,"enemies":"Orb Walker","floor":35,"turns":5},{"damage":1,"enemies":"3 Shapes","floor":37,"turns":4},{"damage":8,"enemies":"Spire Growth","floor":38,"turns":7},{"damage":22,"enemies":"Sphere and 2 Shapes","floor":39,"turns":10},{"damage":0,"enemies":"Maw","floor":41,"turns":6},{"damage":11,"enemies":"Jaw Worm Horde","floor":44,"turns":4},{"damage":10,"enemies":"3 Darklings","floor":45,"turns":4},{"damage":88,"enemies":"Awakened One","floor":50,"turns":6}],"seed_played":"-8162267835158447202","potions_obtained":[{"floor":1,"key":"FocusPotion"},{"floor":5,"key":"Regen Potion"},{"floor":13,"key":"Block Potion"},{"floor":14,"key":"GamblersBrew"},{"floor":18,"key":"Fruit Juice"},{"floor":22,"key":"SpeedPotion"},{"floor":30,"key":"Block Potion"},{"floor":31,"key":"Dexterity Potion"},{"floor":37,"key":"SkillPotion"},{"floor":44,"key":"Swift Potion"},{"floor":45,"key":"GamblersBrew"}],"is_trial":false,"path_per_floor":["M","M","?","M","M","R","M","R","T","M","E","?","M","E","R","B",null,"M","?","M","T","M","E","R","M","T","R","$","M","M","M","R","B",null,"M","?","M","M","M","R","M","R","T","M","M","R","?","?","R","B"],"character_chosen":"DEFECT","items_purchased":["Frozen Eye","Self Repair","Seek"],"campfire_rested":3,"item_purchase_floors":[28,28,28],"current_hp_per_floor":[66,60,60,55,53,53,32,32,32,32,27,8,8,8,30,9,59,63,63,63,63,43,29,53,52,52,52,52,62,63,68,68,61,75,80,80,80,80,72,72,80,80,80,80,77,77,67,67,80,0],"gold":83,"neow_bonus":"BOSS_RELIC","is_prod":false,"is_daily":false,"chose_seed":false,"campfire_upgraded":7,"win_rate":0,"timestamp":1564700944,"path_taken":["M","M","?","M","?","R","M","R","T","M","E","?","M","E","R","BOSS","M","?","?","?","M","E","R","M","T","R","$","?","M","M","R","BOSS","M","?","M","M","M","R","M","R","T","M","M","R","?","?","R","BOSS"],"build_version":"2019-07-17","purchased_purges":1,"victory":false,"max_hp_per_floor":[75,75,75,75,75,75,75,75,75,75,75,75,75,75,75,75,75,80,80,80,80,80,80,80,80,80,80,80,80,80,80,80,80,80,80,80,80,80,80,80,80,80,80,80,80,80,80,80,80,80],"card_choices":[{"not_picked":["Steam Power","Sweeping Beam"],"picked":"Conserve Battery","floor":1},{"not_picked":["Hologram","Compile Driver","Barrage"],"picked":"SKIP","floor":2},{"not_picked":["Force Field","Lockon"],"picked":"BootSequence","floor":4},{"not_picked":["Barrage","Compile Driver"],"picked":"Cold Snap","floor":5},{"not_picked":["Chaos","Compile Driver"],"picked":"Ball Lightning","floor":7},{"not_picked":["Steam","Skim"],"picked":"Static Discharge","floor":10},{"not_picked":["Redo","Storm"],"picked":"Loop","floor":11},{"not_picked":["Melter","Force Field"],"picked":"Buffer","floor":13},{"not_picked":["Compile Driver","Gash","FTL"],"picked":"SKIP","floor":14},{"not_picked":["All For One","Multi-Cast"],"picked":"Thunder Strike","floor":16},{"not_picked":["Ball Lightning","Turbo+1"],"picked":"Loop","floor":18},{"not_picked":["Cold Snap","Rebound","BootSequence"],"picked":"SKIP","floor":20},{"not_picked":["Ball Lightning","Go for the Eyes"],"picked":"Force Field","floor":22},{"not_picked":["Go for the Eyes","Multi-Cast","Rip and Tear+1"],"picked":"SKIP","floor":23},{"not_picked":["Gash","Ball Lightning"],"picked":"Glacier+1","floor":24},{"not_picked":["Scrape+1","Stack"],"picked":"Self Repair","floor":25},{"not_picked":["Streamline","Melter"],"picked":"Heatsinks","floor":29},{"not_picked":["Fusion","Compile Driver"],"picked":"Chill","floor":30},{"not_picked":["Blizzard","Turbo+1","Fusion"],"picked":"SKIP","floor":31},{"not_picked":["FTL","Streamline+1","Reinforced Body+1"],"picked":"SKIP","floor":35},{"not_picked":["Cold Snap+1","Double Energy+1","Turbo+1"],"picked":"SKIP","floor":37},{"not_picked":["Steam+1","Hologram"],"picked":"Go for the Eyes+1","floor":38},{"not_picked":["Static Discharge","Compile Driver","Beam Cell+1"],"picked":"SKIP","floor":39},{"not_picked":["Redo","Sweeping Beam+1","Sunder+1"],"picked":"SKIP","floor":41},{"not_picked":["Go for the Eyes","Reprogram"],"picked":"Defragment+1","floor":44},{"not_picked":["Turbo+1","Aggregate+1"],"picked":"Barrage","floor":45},{"not_picked":["Buffer","Beam Cell+1"],"picked":"Capacitor+1","floor":49}],"player_experience":198727,"relics_obtained":[{"floor":9,"key":"DataDisk"},{"floor":11,"key":"Dream Catcher"},{"floor":12,"key":"Odd Mushroom"},{"floor":14,"key":"Bottled Lightning"},{"floor":21,"key":"Bottled Tornado"},{"floor":23,"key":"Orichalcum"},{"floor":26,"key":"Omamori"},{"floor":43,"key":"Symbiotic Virus"}],"event_choices":[{"cards_removed":["Defend_B"],"damage_healed":0,"gold_gain":0,"player_choice":"Card Removal","damage_taken":0,"max_hp_gain":0,"max_hp_loss":0,"event_name":"Wheel of Change","floor":3,"gold_loss":0},{"damage_healed":0,"gold_gain":0,"player_choice":"Fought Mushrooms","damage_taken":0,"max_hp_gain":0,"max_hp_loss":0,"event_name":"Mushrooms","floor":12,"gold_loss":0},{"damage_healed":0,"gold_gain":0,"player_choice":"0 cards matched","damage_taken":0,"max_hp_gain":0,"max_hp_loss":0,"event_name":"Match and Keep!","floor":19,"gold_loss":0,"cards_obtained":[]},{"damage_healed":0,"gold_gain":0,"player_choice":"Paid","damage_taken":0,"relics_obtained":["Red Mask"],"max_hp_gain":0,"max_hp_loss":0,"event_name":"Tomb of Lord Red Mask","floor":36,"gold_loss":184},{"damage_healed":0,"gold_gain":0,"player_choice":"Embrace Madness","damage_taken":10,"max_hp_gain":0,"max_hp_loss":0,"event_name":"Winding Halls","floor":47,"gold_loss":0,"cards_obtained":["Madness","Madness"]},{"damage_healed":0,"gold_gain":0,"player_choice":"Bought 0 Potions","damage_taken":0,"max_hp_gain":0,"max_hp_loss":0,"event_name":"The Woman in Blue","floor":48,"gold_loss":0}],"is_beta":false,"boss_relics":[{"not_picked":["Runic Pyramid","Eternal Feather"],"picked":"Astrolabe"},{"not_picked":["Snecko Eye","Black Star"],"picked":"Philosopher\u0027s Stone"}],"items_purged_floors":[28],"is_endless":false,"potions_floor_spawned":[1,5,7,13,14,18,22,30,31,37,44,45],"killed_by":"Awakened One","ascension_level":11}