{"gold_per_floor":[114,79,79,95,95,126,145,155,155,481,491,506,506,538,538,643,643,660,660,678,691,280,280,155,184,184,210,223,242,86,104,104,199,199,217,235,5,19,0,0,0,34,34,48,48,48,62,96,96,96],"floor_reached":51,"playtime":2732,"items_purged":["Strike_G","Defend_G","Strike_G"],"score":1233,"play_id":"d0dfbd82-decb-49c8-b630-276007f5e165","local_time":"20190623223144","is_ascension_mode":true,"campfire_choices":[{"floor":13,"key":"REST"},{"floor":15,"key":"REST"},{"data":"Corpse Explosion","floor":23,"key":"SMITH"},{"floor":32,"key":"REST"},{"floor":40,"key":"REST"},{"floor":45,"key":"REST"},{"floor":49,"key":"REST"}],"neow_cost":"","seed_source_timestamp":951724238995600,"circlet_count":0,"master_deck":["Defend_G","Defend_G","Defend_G","Defend_G","Strike_G","Strike_G","Survivor+1","Neutralize+1","Dagger Spray","Noxious Fumes","Dash","Bullet Time+1","Caltrops","Noxious Fumes","Corpse Explosion+1","Infinite Blades+1","A Thousand Cuts+1","Well Laid Plans+1","Dodge and Roll+1","Dodge and Roll+1","Catalyst+1","Deadly Poison+1","Outmaneuver+1","A Thousand Cuts+1","Footwork+1","Blur+1","Accuracy+1","A Thousand Cuts+1"],"relics":["Ring of the Snake","Turnip","Singing Bowl","Ninja Scroll","Bottled Lightning","Frozen Egg 2","Old Coin","Bird Faced Urn","Runic Dome","Kunai","Toxic Egg 2","Strawberry","War Paint","Bag of Preparation","Fusion Hammer","Boot","Red Mask","Snake Skull","Mango","Thread and Needle"],"potions_floor_usage":[14,16,16,25,25,33,50,50],"damage_taken":[{"damage":6,"enemies":"Jaw Worm","floor":1,"turns":5},{"damage":0,"enemies":"Small Slimes","floor":4,"turns":1},{"damage":12,"enemies":"3 Sentries","floor":6,"turns":7},{"damage":0,"enemies":"Cultist","floor":7,"turns":3},{"damage":6,"enemies":"Looter","floor":8,"turns":3},{"damage":23,"enemies":"Gremlin Nob","floor":10,"turns":5},{"damage":0,"enemies":"Blue Slaver","floor":11,"turns":3},{"damage":0,"enemies":"Lots of Slimes","floor":12,"turns":1},{"damage":10,"enemies":"3 Sentries","floor":14,"turns":4},{"damage":2,"enemies":"Slime Boss","floor":16,"turns":7},{"damage":2,"enemies":"3 Byrds","floor":18,"turns":2},{"damage":9,"enemies":"Shell Parasite","floor":20,"turns":3},{"damage":2,"enemies":"Cultist and Chosen","floor":21,"turns":4},{"damage":20,"enemies":"Slavers","floor":25,"turns":2},{"damage":32,"enemies":"Book of Stabbing","floor":27,"turns":5},{"damage":7,"enemies":"Sentry and Sphere","floor":28,"turns":6},{"damage":0,"enemies":"3 Cultists","floor":29,"turns":3},{"damage":5,"enemies":"Chosen and Byrds","floor":31,"turns":5},{"damage":55,"enemies":"Automaton","floor":33,"turns":8},{"damage":10,"enemies":"Orb Walker","floor":35,"turns":3},{"damage":0,"enemies":"3 Darklings","floor":36,"turns":2},{"damage":18,"enemies":"Transient","floor":38,"turns":5},{"damage":42,"enemies":"Giant Head","floor":42,"turns":7},{"damage":12,"enemies":"Maw","floor":44,"turns":6},{"damage":0,"enemies":"Spire Growth","floor":47,"turns":4},{"damage":21,"enemies":"Nemesis","floor":48,"turns":5},{"damage":75,"enemies":"Time Eater","floor":50,"turns":8}],"seed_played":"5215766587824971790","potions_obtained":[{"floor":6,"key":"FearPotion"},{"floor":7,"key":"Strength Potion"},{"floor":8,"key":"Explosive Potion"},{"floor":14,"key":"GamblersBrew"},{"floor":20,"key":"Block Potion"},{"floor":27,"key":"Weak Potion"},{"floor":28,"key":"PowerPotion"},{"floor":29,"key":"Swift Potion"},{"floor":33,"key":"Ancient Potion"}],"is_trial":false,"path_per_floor":["M","?","?","M","?","E","M","M","T","E","M","M","R","E","R","B",null,"M","?","M","M","$","R","$","E","T","E","M","M","$","M","R","B",null,"M","M","$","M","?","R","?","E","T","M","R","$","M","E","R","B",null],"character_chosen":"THE_SILENT","items_purchased":["Singing Bowl","Dagger Spray","Noxious Fumes","Dash","Kunai","Well Laid Plans+1","Bag of Preparation","Boot","Accuracy+1"],"campfire_rested":6,"item_purchase_floors":[0,0,0,0,22,22,30,37,37],"current_hp_per_floor":[52,70,52,54,54,42,44,38,38,15,17,19,43,33,57,61,80,82,82,75,83,83,83,83,68,75,55,58,62,62,69,93,42,93,83,91,91,83,83,95,95,55,69,77,110,110,115,102,115,52],"gold":96,"neow_bonus":"","is_prod":false,"is_daily":false,"chose_seed":false,"campfire_upgraded":1,"win_rate":0,"timestamp":1561347104,"path_taken":["M","?","?","M","?","E","?","M","T","E","M","M","R","E","R","BOSS","M","?","M","M","$","R","$","E","T","E","M","M","$","M","R","BOSS","M","M","$","M","?","R","?","E","T","?","R","$","M","E","R","BOSS"],"build_version":"2019-01-23","purchased_purges":3,"victory":true,"max_hp_per_floor":[72,72,72,74,74,74,76,76,76,76,78,80,80,80,80,80,80,82,82,84,86,86,86,86,86,93,93,93,93,93,93,93,93,93,93,93,93,95,95,95,95,97,111,113,113,113,115,115,115,115],"card_choices":[{"not_picked":["Prepared","Blur","Dagger Spray"],"picked":"Singing Bowl","floor":1},{"not_picked":["Distraction","Slice","Quick Slash"],"picked":"Singing Bowl","floor":4},{"not_picked":["Acrobatics","Cloak And Dagger"],"picked":"Caltrops","floor":6},{"not_picked":["Cloak And Dagger","Prepared","Blade Dance"],"picked":"Singing Bowl","floor":7},{"not_picked":["Terror","Poisoned Stab"],"picked":"Noxious Fumes","floor":8},{"not_picked":["Masterful Stab","Backstab"],"picked":"Corpse Explosion","floor":10},{"not_picked":["Blade Dance","Quick Slash","Calculated Gamble"],"picked":"Singing Bowl","floor":11},{"not_picked":["Deflect","Prepared","Cloak And Dagger"],"picked":"Singing Bowl","floor":12},{"not_picked":["Bane","Slice"],"picked":"Infinite Blades+1","floor":14},{"not_picked":["Bullet Time","Grand Finale"],"picked":"A Thousand Cuts+1","floor":16},{"not_picked":["Backflip+1","Outmaneuver","Bouncing Flask"],"picked":"Singing Bowl","floor":18},{"not_picked":["Deadly Poison","Flying Knee","Escape Plan"],"picked":"Singing Bowl","floor":20},{"not_picked":["Calculated Gamble","Dagger Throw","Setup"],"picked":"Singing Bowl","floor":21},{"not_picked":["Bullet Time","Blade Dance"],"picked":"Dodge and Roll","floor":25},{"not_picked":["Calculated Gamble+1","Poisoned Stab"],"picked":"Dodge and Roll+1","floor":27},{"not_picked":["Prepared+1","Riddle With Holes+1"],"picked":"Catalyst+1","floor":28},{"not_picked":["Flying Knee","Tactician+1"],"picked":"Deadly Poison+1","floor":29},{"not_picked":["Underhanded Strike","Deflect+1"],"picked":"Outmaneuver+1","floor":31},{"not_picked":["Glass Knife","Burst+1"],"picked":"A Thousand Cuts+1","floor":33},{"not_picked":["Dodge and Roll+1","Infinite Blades+1"],"picked":"Footwork+1","floor":35},{"not_picked":["Acrobatics+1","Dagger Throw"],"picked":"Blur+1","floor":36},{"not_picked":["Flying Knee","Expertise+1","Skewer+1"],"picked":"Singing Bowl","floor":38},{"not_picked":["Poisoned Stab+1","Choke","Calculated Gamble+1"],"picked":"Singing Bowl","floor":42},{"not_picked":["Deadly Poison+1","Quick Slash","Bane"],"picked":"Singing Bowl","floor":44},{"not_picked":["Deflect+1","Prepared+1","Well Laid Plans+1"],"picked":"Singing Bowl","floor":47},{"not_picked":["Bane+1","PiercingWail+1"],"picked":"A Thousand Cuts+1","floor":48}],"player_experience":371435,"relics_obtained":[{"floor":6,"key":"Bottled Lightning"},{"floor":9,"key":"Frozen Egg 2"},{"floor":10,"key":"Old Coin"},{"floor":14,"key":"Bird Faced Urn"},{"floor":25,"key":"Toxic Egg 2"},{"floor":26,"key":"Strawberry"},{"floor":27,"key":"War Paint"},{"floor":42,"key":"Snake Skull"},{"floor":43,"key":"Mango"},{"floor":48,"key":"Thread and Needle"}],"event_choices":[{"damage_healed":18,"gold_gain":0,"player_choice":"Healed","damage_taken":0,"max_hp_gain":0,"max_hp_loss":0,"event_name":"The Cleric","floor":2,"gold_loss":35},{"damage_healed":0,"gold_gain":0,"player_choice":"Success","damage_taken":18,"relics_obtained":["Ninja Scroll"],"max_hp_gain":0,"max_hp_loss":0,"event_name":"Scrap Ooze","floor":3,"gold_loss":0},{"damage_healed":0,"gold_gain":0,"cards_transformed":["Strike_G"],"player_choice":"Transformed","damage_taken":0,"max_hp_gain":0,"max_hp_loss":0,"event_name":"Transmorgrifier","floor":5,"gold_loss":0,"cards_obtained":["Bullet Time"]},{"damage_healed":0,"gold_gain":0,"player_choice":"Ignored","damage_taken":0,"max_hp_gain":0,"max_hp_loss":0,"event_name":"Ghosts","floor":19,"gold_loss":0},{"damage_healed":0,"gold_gain":0,"player_choice":"Paid","damage_taken":0,"relics_obtained":["Red Mask"],"max_hp_gain":0,"max_hp_loss":0,"event_name":"Tomb of Lord Red Mask","floor":39,"gold_loss":19},{"damage_healed":0,"gold_gain":0,"player_choice":"Upgraded","damage_taken":0,"max_hp_gain":0,"max_hp_loss":0,"event_name":"Upgrade Shrine","floor":41,"gold_loss":0,"cards_upgraded":["Neutralize"]}],"is_beta":false,"boss_relics":[{"not_picked":["Calling Bell","Eternal Feather"],"picked":"Runic Dome"},{"not_picked":["Orrery","Pandora\u0027s Box"],"picked":"Fusion Hammer"}],"items_purged_floors":[0,22,24],"is_endless":false,"potions_floor_spawned":[6,7,8,12,14,20,27,28,29,33,42,47,48],"ascension_level":4}