{"gold_per_floor":[115,65,140,155,166,166,182,194,194,229,229,259,276,296,296,392,392,378,338,351,365,133,133,188,88,112,112,139,149,163,163,163,262,262,281,297,92,108,108,108,108],"floor_reached":41,"playtime":2341,"items_purged":["Strike_R","Strike_R","Writhe"],"score":559,"play_id":"8a7f446d-f7ca-4f5b-8dd0-46297314737a","local_time":"20190704000217","is_ascension_mode":true,"campfire_choices":[{"data":"Shockwave","floor":6,"key":"SMITH"},{"data":"Armaments","floor":11,"key":"SMITH"},{"floor":15,"key":"REST"},{"floor":23,"key":"REST"},{"data":"Offering","floor":27,"key":"SMITH"},{"floor":32,"key":"REST"},{"data":"Panacea","floor":40,"key":"SMITH"}],"neow_cost":"NONE","seed_source_timestamp":1821569146734700,"circlet_count":0,"master_deck":["Strike_R","Strike_R","Defend_R","Defend_R","Defend_R","Defend_R","Bash","Shockwave+1","Armaments+1","Headbutt","Feel No Pain+1","Reaper","Spot Weakness","Inflame+1","Feed+1","Seeing Red","Heavy Blade","Offering+1","Whirlwind+1","Juggernaut+1","Iron Wave+1","Entrench+1","Corruption+1","Panacea+1"],"relics":["Burning Blood","Frozen Egg 2","Letter Opener","Lantern","Sozu","Orichalcum","Tiny Chest","Blood Vial","Matryoshka","Gremlin Horn","Black Star"],"potions_floor_usage":[10,12,13],"damage_taken":[{"damage":0,"enemies":"Small Slimes","floor":1,"turns":3},{"damage":2,"enemies":"Cultist","floor":4,"turns":4},{"damage":9,"enemies":"Jaw Worm","floor":5,"turns":4},{"damage":29,"enemies":"Gremlin Gang","floor":7,"turns":6},{"damage":10,"enemies":"Blue Slaver","floor":8,"turns":6},{"damage":24,"enemies":"Gremlin Nob","floor":10,"turns":4},{"damage":33,"enemies":"Lagavulin","floor":12,"turns":9},{"damage":8,"enemies":"Large Slime","floor":13,"turns":7},{"damage":12,"enemies":"3 Louse","floor":14,"turns":3},{"damage":54,"enemies":"Hexaghost","floor":16,"turns":10},{"damage":29,"enemies":"2 Thieves","floor":18,"turns":4},{"damage":5,"enemies":"Chosen","floor":20,"turns":7},{"damage":66,"enemies":"3 Cultists","floor":21,"turns":7},{"damage":34,"enemies":"Gremlin Leader","floor":24,"turns":8},{"damage":41,"enemies":"Book of Stabbing","floor":28,"turns":5},{"damage":12,"enemies":"Cultist and Chosen","floor":29,"turns":6},{"damage":36,"enemies":"Shelled Parasite and Fungi","floor":30,"turns":5},{"damage":41,"enemies":"Collector","floor":33,"turns":7},{"damage":21,"enemies":"Orb Walker","floor":35,"turns":3},{"damage":34,"enemies":"3 Darklings","floor":36,"turns":5},{"damage":45,"enemies":"Writhing Mass","floor":38,"turns":5},{"damage":90,"enemies":"Giant Head","floor":41,"turns":7}],"seed_played":"-2047331574475867767","potions_obtained":[{"floor":1,"key":"Regen Potion"},{"floor":7,"key":"Fire Potion"},{"floor":8,"key":"FearPotion"},{"floor":12,"key":"Energy Potion"}],"is_trial":false,"path_per_floor":["M","?","?","M","M","R","M","M","T","E","R","E","M","M","R","B",null,"M","?","M","M","$","R","E","$","T","R","E","M","M","?","R","B",null,"M","M","$","M","?","R","E"],"character_chosen":"IRONCLAD","items_purchased":["Orichalcum","Corruption+1"],"campfire_rested":3,"item_purchase_floors":[22,37],"current_hp_per_floor":[88,88,80,84,81,81,58,54,54,36,36,24,32,38,64,32,88,65,65,70,26,26,54,54,54,54,54,28,35,12,12,42,50,100,95,78,78,56,56,56,0],"gold":108,"neow_bonus":"TEN_PERCENT_HP_BONUS","is_prod":false,"is_daily":false,"chose_seed":false,"campfire_upgraded":4,"win_rate":0,"timestamp":1562216537,"path_taken":["M","?","?","M","?","R","M","M","T","E","R","E","M","M","R","BOSS","M","?","M","M","$","R","E","$","T","R","E","M","?","?","R","BOSS","M","M","$","M","?","R","E"],"build_version":"2019-07-01","purchased_purges":3,"victory":false,"max_hp_per_floor":[88,88,88,88,88,88,88,88,88,88,88,88,88,88,88,88,88,88,88,92,96,96,96,96,96,96,96,96,100,100,100,100,100,100,100,100,100,100,100,100,100],"card_choices":[{"not_picked":["Rage","Power Through"],"picked":"Shockwave","floor":1},{"not_picked":["Flex","Feel No Pain","Sword Boomerang"],"picked":"SKIP","floor":4},{"not_picked":["Anger","Power Through"],"picked":"Armaments","floor":5},{"not_picked":["Impervious","Rage","Clash"],"picked":"SKIP","floor":7},{"not_picked":["Sentinel","True Grit"],"picked":"Headbutt","floor":8},{"not_picked":["Perfected Strike","Exhume"],"picked":"Feel No Pain+1","floor":10},{"not_picked":["Headbutt","True Grit"],"picked":"Reaper","floor":12},{"not_picked":["Disarm","Clothesline"],"picked":"Spot Weakness","floor":13},{"not_picked":["Armaments","Clothesline"],"picked":"Inflame+1","floor":14},{"not_picked":["Brutality+1","Barricade+1"],"picked":"Feed","floor":16},{"not_picked":["Armaments+1","Wild Strike","Twin Strike"],"picked":"SKIP","floor":18},{"not_picked":["Sword Boomerang+1","Thunderclap"],"picked":"Seeing Red","floor":20},{"not_picked":["Bloodletting","Second Wind+1"],"picked":"Heavy Blade","floor":21},{"not_picked":["Twin Strike","Wild Strike"],"picked":"Offering","floor":24},{"not_picked":["Perfected Strike","Clash","Warcry"],"picked":"SKIP","floor":28},{"not_picked":["Double Tap","Clash+1"],"picked":"Whirlwind+1","floor":29},{"not_picked":["Body Slam","Thunderclap","Pommel Strike"],"picked":"SKIP","floor":30},{"not_picked":["Demon Form+1","Dark Embrace+1"],"picked":"Juggernaut+1","floor":33},{"not_picked":["Perfected Strike+1","Flex"],"picked":"Iron Wave+1","floor":35},{"not_picked":["Headbutt","Flex+1"],"picked":"Entrench+1","floor":36},{"not_picked":["Entrench","Anger","Clash"],"picked":"SKIP","floor":38},{"not_picked":["Purity","Dramatic Entrance"],"picked":"Panacea","floor":39}],"player_experience":376162,"relics_obtained":[{"floor":9,"key":"Frozen Egg 2"},{"floor":10,"key":"Letter Opener"},{"floor":12,"key":"Lantern"},{"floor":24,"key":"Tiny Chest"},{"floor":26,"key":"Blood Vial"},{"floor":28,"key":"Matryoshka"}],"event_choices":[{"cards_removed":["Strike_R"],"damage_healed":0,"gold_gain":0,"player_choice":"Card Removal","damage_taken":0,"max_hp_gain":0,"max_hp_loss":0,"event_name":"The Cleric","floor":2,"gold_loss":50},{"damage_healed":0,"gold_gain":75,"player_choice":"Touch","damage_taken":8,"max_hp_gain":0,"max_hp_loss":0,"event_name":"FaceTrader","floor":3,"gold_loss":0},{"damage_healed":0,"gold_gain":0,"player_choice":"Upgrade","damage_taken":0,"max_hp_gain":0,"max_hp_loss":0,"event_name":"Designer","floor":19,"gold_loss":40,"cards_upgraded":["Feed"]},{"damage_healed":0,"gold_gain":0,"player_choice":"Opened","damage_taken":0,"relics_obtained":["Gremlin Horn"],"max_hp_gain":0,"max_hp_loss":0,"event_name":"The Mausoleum","floor":31,"gold_loss":0,"cards_obtained":["Writhe"]},{"damage_healed":0,"gold_gain":0,"player_choice":"Memory 1","damage_taken":0,"max_hp_gain":0,"max_hp_loss":0,"event_name":"SensoryStone","floor":39,"gold_loss":0}],"is_beta":false,"boss_relics":[{"not_picked":["Astrolabe","Busted Crown"],"picked":"Sozu"},{"not_picked":["Coffee Dripper","Lizard Tail"],"picked":"Black Star"}],"items_purged_floors":[22,25,37],"is_endless":false,"potions_floor_spawned":[1,7,8,12,20,21,24,28],"killed_by":"Giant Head","ascension_level":4}