{"gold_per_floor":[115,60,74,94,105,105,64,64,87,87,120,136,136],"floor_reached":13,"playtime":422,"items_purged":[],"score":220,"play_id":"5efb45cc-fe71-4fbc-b7dc-6fe548f3bdd4","local_time":"20190803204331","is_ascension_mode":true,"campfire_choices":[{"data":"Catalyst","floor":6.0,"key":"SMITH"},{"data":"Neutralize","floor":8.0,"key":"SMITH"}],"neow_cost":"NONE","seed_source_timestamp":527394212238771,"circlet_count":0,"master_deck":["AscendersBane","Strike_G","Strike_G","Strike_G","Strike_G","Defend_G","Defend_G","Defend_G","Defend_G","Defend_G","Survivor","Neutralize+1","Catalyst+1","Poisoned Stab","Well Laid Plans","Burst"],"special_seed":0,"relics":["Black Star","Centennial Puzzle","Molten Egg 2"],"potions_floor_usage":[11,12,13],"damage_taken":[{"damage":4.0,"enemies":"Cultist","floor":1.0,"turns":6.0},{"damage":10.0,"enemies":"Small Slimes","floor":3.0,"turns":7.0},{"damage":6.0,"enemies":"2 Louse","floor":4.0,"turns":3.0},{"damage":38.0,"enemies":"Lots of Slimes","floor":5.0,"turns":7.0},{"damage":0,"enemies":"Lagavulin","floor":11,"turns":3},{"damage":6,"enemies":"3 Louse","floor":12,"turns":7},{"damage":6,"enemies":"3 Sentries","floor":13,"turns":7}],"seed_played":"-1690801682129520610","potions_obtained":[{"floor":4.0,"key":"Regen Potion"},{"floor":5.0,"key":"GhostInAJar"},{"floor":11,"key":"PowerPotion"}],"is_trial":false,"path_per_floor":["M","$","M","M","M","R","$","R","T","?","E","M","E"],"character_chosen":"THE_SILENT","items_purchased":["Poison Potion","Well Laid Plans"],"campfire_rested":0,"item_purchase_floors":[2,7],"current_hp_per_floor":[55,55,45,39,16,16,16,16,16,16,16,10,4],"gold":136,"neow_bonus":"BOSS_RELIC","is_prod":false,"is_daily":false,"chose_seed":false,"campfire_upgraded":2,"win_rate":0,"timestamp":1564832611,"path_taken":["M","?","M","M","M","R","$","R","T","?","E","M","E"],"build_version":"2019-07-17","purchased_purges":0,"victory":false,"max_hp_per_floor":[66,66,66,66,66,66,66,66,66,66,66,66,66],"card_choices":[{"not_picked":["Underhanded Strike","Backstab"],"picked":"Catalyst","floor":1.0},{"not_picked":["Backflip","Bane","Poisoned Stab"],"picked":"SKIP","floor":3.0},{"not_picked":["Backflip","Bane"],"picked":"Poisoned Stab","floor":3.0},{"not_picked":["Leg Sweep","Bane","Deflect"],"picked":"SKIP","floor":4.0},{"not_picked":["Slice","Leg Sweep","Bullet Time"],"picked":"SKIP","floor":5.0},{"not_picked":["Distraction","Tools of the Trade","Underhanded Strike"],"picked":"SKIP","floor":11},{"not_picked":["Backflip","Quick Slash+1","Dodge and Roll"],"picked":"SKIP","floor":12}],"player_experience":750018,"relics_obtained":[{"floor":11,"key":"Centennial Puzzle"},{"floor":11,"key":"Molten Egg 2"}],"event_choices":[{"damage_healed":0,"gold_gain":0,"cards_transformed":["Strike_G"],"player_choice":"Transformed","damage_taken":0,"max_hp_gain":0,"max_hp_loss":0,"event_name":"Transmorgrifier","floor":10,"gold_loss":0,"cards_obtained":["Burst"]}],"is_beta":false,"boss_relics":[],"items_purged_floors":[],"is_endless":false,"potions_floor_spawned":[4,5,11],"killed_by":"3 Sentries","ascension_level":20}