{"gold_per_floor":[109,129,144,159,21,55,72,102,102,131,131,145,178,253,253,328,328,338,258,25,25,52,52,87,87,87,112,131,31,46,65,65,144,144,155,169,169,184,196,231,243,255],"floor_reached":42,"playtime":1902,"items_purged":["Strike_B","Strike_B"],"score":1046,"play_id":"be0f7f23-7e6c-4cd3-9d75-757fdfc31f8b","local_time":"20190702022733","is_ascension_mode":true,"campfire_choices":[{"data":"Defragment","floor":11.0,"key":"SMITH"},{"floor":15.0,"key":"REST"},{"data":"Sunder","floor":23,"key":"SMITH"},{"data":"Defragment","floor":25,"key":"SMITH"},{"data":"Capacitor","floor":32,"key":"SMITH"},{"data":"Recycle","floor":41,"key":"SMITH"}],"neow_cost":"NONE","seed_source_timestamp":0,"circlet_count":0,"master_deck":["AscendersBane","Strike_B","Strike_B","Defend_B","Defend_B","Defend_B","Defend_B","Zap","Dualcast","Glacier","Defragment+1","Ball Lightning","Go for the Eyes","Defragment+1","Reinforced Body","Sweeping Beam","Glacier","Coolheaded","Capacitor+1","Biased Cognition","Sunder+1","Chill+1","Ball Lightning","Echo Form","Coolheaded+1","Genetic Algorithm","Recycle+1","Genetic Algorithm","Core Surge","Fusion+1"],"special_seed":0,"relics":["Cracked Core","Ancient Tea Set","StoneCalendar","Meat on the Bone","Regal Pillow","Prayer Wheel","Runic Pyramid","Oddly Smooth Stone","Bottled Flame","Kunai","Peace Pipe","Philosopher\u0027s Stone","MawBank"],"potions_floor_usage":[24,40],"damage_taken":[{"damage":1.0,"enemies":"Cultist","floor":1.0,"turns":3.0},{"damage":0.0,"enemies":"2 Louse","floor":2.0,"turns":4.0},{"damage":2.0,"enemies":"Jaw Worm","floor":3.0,"turns":6.0},{"damage":7.0,"enemies":"Looter","floor":4.0,"turns":4.0},{"damage":20.0,"enemies":"Gremlin Nob","floor":6.0,"turns":4.0},{"damage":0.0,"enemies":"Large Slime","floor":7.0,"turns":7.0},{"damage":22.0,"enemies":"3 Sentries","floor":8.0,"turns":9.0},{"damage":2.0,"enemies":"Lagavulin","floor":10.0,"turns":7.0},{"damage":13.0,"enemies":"Blue Slaver","floor":12.0,"turns":4.0},{"damage":24.0,"enemies":"Gremlin Nob","floor":13.0,"turns":5.0},{"damage":14,"enemies":"The Guardian","floor":16,"turns":12},{"damage":15,"enemies":"3 Byrds","floor":18,"turns":6},{"damage":17,"enemies":"2 Thieves","floor":19,"turns":4},{"damage":6,"enemies":"Book of Stabbing","floor":24,"turns":7},{"damage":1,"enemies":"Slavers","floor":27,"turns":6},{"damage":1,"enemies":"Snecko","floor":28,"turns":7},{"damage":12,"enemies":"Centurion and Healer","floor":30,"turns":8},{"damage":8,"enemies":"Snake Plant","floor":31,"turns":6},{"damage":23,"enemies":"Champ","floor":33,"turns":16},{"damage":6,"enemies":"Orb Walker","floor":35,"turns":5},{"damage":0,"enemies":"3 Shapes","floor":36,"turns":7},{"damage":11,"enemies":"Spire Growth","floor":38,"turns":7},{"damage":42,"enemies":"Jaw Worm Horde","floor":39,"turns":7},{"damage":0,"enemies":"Nemesis","floor":40,"turns":9},{"damage":46,"enemies":"Reptomancer","floor":42,"turns":3}],"seed_played":"2788658607737132760","potions_obtained":[{"floor":1.0,"key":"GamblersBrew"},{"floor":2.0,"key":"Dexterity Potion"},{"floor":7.0,"key":"Regen Potion"},{"floor":10.0,"key":"Weak Potion"},{"floor":13.0,"key":"FocusPotion"},{"floor":18,"key":"Poison Potion"},{"floor":28,"key":"SteroidPotion"}],"is_trial":false,"path_per_floor":["M","M","M","M","$","E","M","E","T","E","R","M","E","?","R","B",null,"M","M","$","?","T","R","E","R","T","E","M","$","M","M","R","B",null,"M","M","?","M","M","E","R","E"],"character_chosen":"DEFECT","items_purchased":["Defragment","SteroidPotion","Echo Form"],"campfire_rested":1,"item_purchase_floors":[5,5,20],"current_hp_per_floor":[70,70,68,61,61,41,41,34,34,44,44,43,31,20,58,44,70,55,50,50,50,50,50,44,44,44,43,42,42,42,46,46,35,67,61,61,61,50,20,32,32,0],"gold":255,"neow_bonus":"TEN_PERCENT_HP_BONUS","is_prod":false,"is_daily":false,"chose_seed":false,"campfire_upgraded":5,"win_rate":0,"timestamp":1562027253,"path_taken":["M","M","M","M","$","E","M","E","T","E","R","?","E","?","R","BOSS","M","M","$","?","?","R","E","R","T","E","M","$","M","M","R","BOSS","M","M","?","M","M","E","R","E"],"build_version":"2019-06-30","purchased_purges":2,"victory":false,"max_hp_per_floor":[78,78,78,78,78,78,78,78,78,78,78,78,78,78,78,78,78,78,78,78,78,78,78,78,78,78,78,78,78,78,78,78,78,78,78,78,74,74,74,74,74,74],"card_choices":[{"not_picked":["Heatsinks","Melter"],"picked":"Glacier","floor":1.0},{"not_picked":["Compile Driver","FTL"],"picked":"Defragment","floor":2.0},{"not_picked":["Stack","Blizzard"],"picked":"Ball Lightning","floor":3.0},{"not_picked":["Rebound","Tempest"],"picked":"Go for the Eyes","floor":4.0},{"not_picked":["Streamline","Recycle"],"picked":"Reinforced Body","floor":6.0},{"not_picked":["FTL","Blizzard"],"picked":"Sweeping Beam","floor":7.0},{"not_picked":["Thunder Strike","Sweeping Beam"],"picked":"Glacier","floor":8.0},{"not_picked":["Leap","Redo","Go for the Eyes"],"picked":"SKIP","floor":10.0},{"not_picked":["Undo","Conserve Battery"],"picked":"Coolheaded","floor":12.0},{"not_picked":["Cold Snap","Core Surge"],"picked":"Capacitor","floor":13.0},{"not_picked":["Rainbow","Reboot"],"picked":"Biased Cognition","floor":16},{"not_picked":["Ball Lightning","Redo"],"picked":"Sunder","floor":18},{"not_picked":["Go for the Eyes","Reprogram","Cold Snap"],"picked":"SKIP","floor":18},{"not_picked":["Hologram","Sweeping Beam"],"picked":"Chill+1","floor":19},{"not_picked":["Undo","Redo"],"picked":"Ball Lightning","floor":19},{"not_picked":["Streamline","Sweeping Beam","Steam Power"],"picked":"SKIP","floor":24},{"not_picked":["Storm+1","Double Energy","Chill"],"picked":"SKIP","floor":27},{"not_picked":["Sweeping Beam","Stack"],"picked":"Coolheaded+1","floor":28},{"not_picked":["Hologram+1","Chaos","Gash"],"picked":"SKIP","floor":28},{"not_picked":["Coolheaded","Steam Power"],"picked":"Genetic Algorithm","floor":30},{"not_picked":["Loop","Barrage"],"picked":"Recycle","floor":30},{"not_picked":["Amplify","Turbo"],"picked":"Genetic Algorithm","floor":31},{"not_picked":["Stack","Ball Lightning","Turbo"],"picked":"SKIP","floor":31},{"not_picked":["Echo Form","All For One"],"picked":"Core Surge","floor":33},{"not_picked":["Ball Lightning","Turbo+1"],"picked":"Fusion+1","floor":35},{"not_picked":["Fusion","Barrage","Sunder+1"],"picked":"SKIP","floor":35},{"not_picked":["Loop","Turbo","Coolheaded"],"picked":"SKIP","floor":36},{"not_picked":["Steam+1","Conserve Battery+1","Undo"],"picked":"SKIP","floor":36},{"not_picked":["Steam","Ball Lightning","Hologram+1"],"picked":"SKIP","floor":38},{"not_picked":["Hello World","Sweeping Beam","Recycle"],"picked":"SKIP","floor":38},{"not_picked":["Doom and Gloom","Steam","Double Energy"],"picked":"SKIP","floor":39},{"not_picked":["Melter+1","Steam","Cold Snap"],"picked":"SKIP","floor":39},{"not_picked":["Tempest","All For One","Stack"],"picked":"SKIP","floor":40}],"player_experience":1789165,"relics_obtained":[{"floor":6.0,"key":"Ancient Tea Set"},{"floor":8.0,"key":"StoneCalendar"},{"floor":9.0,"key":"Meat on the Bone"},{"floor":10.0,"key":"Regal Pillow"},{"floor":13.0,"key":"Prayer Wheel"},{"floor":22,"key":"Oddly Smooth Stone"},{"floor":24,"key":"Bottled Flame"},{"floor":26,"key":"Kunai"},{"floor":27,"key":"Peace Pipe"},{"floor":40,"key":"MawBank"}],"event_choices":[{"damage_healed":0.0,"max_hp_gain":0.0,"max_hp_loss":0.0,"gold_gain":75.0,"event_name":"World of Goop","player_choice":"Gather Gold","floor":14.0,"gold_loss":0.0,"damage_taken":11.0},{"damage_healed":0,"gold_gain":0,"player_choice":"Ignored","damage_taken":0,"max_hp_gain":0,"max_hp_loss":0,"event_name":"The Mausoleum","floor":21,"gold_loss":0},{"damage_healed":0,"gold_gain":0,"player_choice":"Max HP","damage_taken":0,"max_hp_gain":0,"max_hp_loss":4,"event_name":"Winding Halls","floor":37,"gold_loss":0}],"is_beta":true,"boss_relics":[{"not_picked":["Coffee Dripper","Inserter"],"picked":"Runic Pyramid"},{"not_picked":["White Beast Statue","Lizard Tail"],"picked":"Philosopher\u0027s Stone"}],"items_purged_floors":[20,29],"is_endless":false,"potions_floor_spawned":[1,2,7,10,13,18,28,31,33,35,38],"killed_by":"Reptomancer","ascension_level":20}