{"gold_per_floor":[109,127,137,137,151,151,168,198,198,198,35,35,60,60,60,133,133,133,23,23,23,23,23,23,23,23,23,23,23],"floor_reached":29,"playtime":1280,"items_purged":["Strike_B"],"score":514,"play_id":"d5c85f48-490e-487a-8025-326c38216215","local_time":"20190729200741","is_ascension_mode":true,"campfire_choices":[{"floor":6.0,"key":"REST"},{"data":"Fusion","floor":10.0,"key":"SMITH"},{"data":"Coolheaded","floor":15.0,"key":"SMITH"},{"floor":23.0,"key":"REST"},{"floor":25,"key":"REST"}],"neow_cost":"PERCENT_DAMAGE","seed_source_timestamp":639287779439,"circlet_count":0,"master_deck":["AscendersBane","Defend_B","Defend_B+1","Defend_B+1","Defend_B","Dualcast","Undo+1","Ball Lightning","Ball Lightning","Coolheaded+1","Fusion+1","BootSequence","Glacier","Creative AI","Force Field","Conserve Battery+1","Compile Driver","Fusion","Core Surge"],"special_seed":0,"relics":["Cracked Core","Anchor","Pear","Matryoshka","Ectoplasm","Bottled Flame","PreservedInsect","Meat on the Bone"],"potions_floor_usage":[27],"damage_taken":[{"damage":1.0,"enemies":"Cultist","floor":1.0,"turns":4.0},{"damage":2.0,"enemies":"2 Louse","floor":2.0,"turns":3.0},{"damage":0.0,"enemies":"Jaw Worm","floor":3.0,"turns":3.0},{"damage":8.0,"enemies":"3 Louse","floor":5.0,"turns":3.0},{"damage":8.0,"enemies":"Large Slime","floor":7.0,"turns":5.0},{"damage":7.0,"enemies":"3 Sentries","floor":8.0,"turns":9.0},{"damage":4.0,"enemies":"Lagavulin","floor":13.0,"turns":6.0},{"damage":12.0,"enemies":"The Guardian","floor":16.0,"turns":17.0},{"damage":0.0,"enemies":"Spheric Guardian","floor":18.0,"turns":9.0},{"damage":2.0,"enemies":"Chosen","floor":20.0,"turns":5.0},{"damage":6.0,"enemies":"Snake Plant","floor":21.0,"turns":7.0},{"damage":0.0,"enemies":"Centurion and Healer","floor":22.0,"turns":11.0},{"damage":68.0,"enemies":"Gremlin Leader","floor":24.0,"turns":9.0},{"damage":26,"enemies":"Cultist and Chosen","floor":27,"turns":9},{"damage":8,"enemies":"Snake Plant","floor":28,"turns":8},{"damage":31,"enemies":"3 Cultists","floor":29,"turns":4}],"seed_played":"331161049978342437","potions_obtained":[{"floor":2.0,"key":"Dexterity Potion"},{"floor":3.0,"key":"Block Potion"},{"floor":22.0,"key":"SteroidPotion"},{"floor":24,"key":"PowerPotion"},{"floor":28,"key":"Dexterity Potion"}],"is_trial":false,"path_per_floor":["M","M","M","?","M","R","M","E","T","R","$","$","E","?","R","B",null,"M","?","M","M","M","R","E","R","T","M","M","M"],"character_chosen":"DEFECT","items_purchased":["BootSequence"],"campfire_rested":3,"item_purchase_floors":[11],"current_hp_per_floor":[45,43,43,22,14,35,27,20,30,30,30,30,26,26,26,14,64,64,64,62,56,56,80,12,36,36,22,26,0],"gold":23,"neow_bonus":"REMOVE_TWO","is_prod":false,"is_daily":false,"chose_seed":false,"campfire_upgraded":2,"win_rate":0,"timestamp":1564423661,"path_taken":["M","?","M","?","M","R","M","E","T","R","?","$","E","?","R","BOSS","M","?","M","?","M","R","E","R","T","M","M","M"],"build_version":"2019-07-18","purchased_purges":1,"victory":false,"max_hp_per_floor":[71,71,71,71,71,71,71,71,81,81,81,81,81,81,81,81,81,81,81,81,81,81,81,81,81,81,81,81,81],"card_choices":[{"not_picked":["Barrage","Gash"],"picked":"Undo","floor":1.0},{"not_picked":["Hologram","Sunder"],"picked":"Ball Lightning","floor":2.0},{"not_picked":["Static Discharge","Redo"],"picked":"Ball Lightning","floor":3.0},{"not_picked":["Stack","Compile Driver"],"picked":"Coolheaded","floor":5.0},{"not_picked":["Coolheaded","Scrape"],"picked":"Fusion","floor":8.0},{"not_picked":["Conserve Battery","Rebound"],"picked":"Glacier","floor":13.0},{"not_picked":["Seek","Machine Learning"],"picked":"Creative AI","floor":16.0},{"not_picked":["Turbo","Darkness"],"picked":"Force Field","floor":18.0},{"not_picked":["Steam Power","Sunder","Static Discharge"],"picked":"SKIP","floor":20.0},{"not_picked":["Beam Cell","Glacier"],"picked":"Conserve Battery+1","floor":21.0},{"not_picked":["Storm","Go for the Eyes"],"picked":"Compile Driver","floor":22.0},{"not_picked":["Hologram","Leap"],"picked":"Fusion","floor":24},{"not_picked":["Barrage","Sunder","Hologram"],"picked":"SKIP","floor":27},{"not_picked":["Recycle","Static Discharge"],"picked":"Core Surge","floor":28}],"player_experience":1936418,"relics_obtained":[{"floor":8.0,"key":"Anchor"},{"floor":9.0,"key":"Pear"},{"floor":13.0,"key":"Matryoshka"},{"floor":24,"key":"Bottled Flame"},{"floor":26,"key":"PreservedInsect"},{"floor":26,"key":"Meat on the Bone"}],"event_choices":[{"damage_healed":0.0,"max_hp_gain":0.0,"max_hp_loss":0.0,"gold_gain":0.0,"event_name":"Shining Light","player_choice":"Entered Light","floor":4.0,"gold_loss":0.0,"damage_taken":21.0,"cards_upgraded":["Defend_B","Defend_B"]},{"cards_removed":["Strike_B"],"damage_healed":0.0,"max_hp_gain":0.0,"max_hp_loss":0.0,"gold_gain":0.0,"event_name":"Living Wall","player_choice":"Forget","floor":14.0,"gold_loss":0.0,"damage_taken":0.0},{"cards_removed":["Zap"],"damage_healed":0.0,"max_hp_gain":0.0,"max_hp_loss":0.0,"gold_gain":0.0,"event_name":"Designer","player_choice":"Upgrade and Remove","floor":19.0,"gold_loss":110.0,"damage_taken":0.0,"cards_upgraded":["Undo"]}],"is_beta":true,"boss_relics":[{"not_picked":["Empty Cage","Eternal Feather"],"picked":"Ectoplasm"}],"items_purged_floors":[11],"is_endless":false,"potions_floor_spawned":[2,3,5,13,22,24,28],"killed_by":"3 Cultists","ascension_level":20}