{"gold_per_floor":[19,19,30,50,66,66,91,91,91,91,91,101,118,193,193,193],"floor_reached":16,"playtime":399,"items_purged":[],"score":204,"play_id":"bc11606d-f574-4950-a91d-bf7e05a82de6","local_time":"20190811122053","is_ascension_mode":true,"campfire_choices":[{"data":"Streamline","floor":6.0,"key":"SMITH"},{"data":"Hyperbeam","floor":11.0,"key":"SMITH"},{"floor":15.0,"key":"DIG"}],"neow_cost":"NO_GOLD","seed_source_timestamp":419098914406,"circlet_count":0,"master_deck":["AscendersBane","Strike_B","Strike_B","Strike_B","Defend_B","Defend_B","Defend_B","Defend_B","Zap","Dualcast","Auto Shields","Streamline+1","Sweeping Beam","Genetic Algorithm","Hyperbeam+1","Sweeping Beam","Undo"],"special_seed":0,"relics":["Cracked Core","Nunchaku","Shovel","Bird Faced Urn","Boot"],"potions_floor_usage":[16],"damage_taken":[{"damage":2.0,"enemies":"Small Slimes","floor":1.0,"turns":4.0},{"damage":6.0,"enemies":"Cultist","floor":3.0,"turns":4.0},{"damage":0.0,"enemies":"2 Louse","floor":4.0,"turns":2.0},{"damage":1.0,"enemies":"Exordium Thugs","floor":5.0,"turns":3.0},{"damage":35.0,"enemies":"Gremlin Nob","floor":7.0,"turns":4.0},{"damage":0.0,"enemies":"Lots of Slimes","floor":12.0,"turns":1.0},{"damage":9.0,"enemies":"Looter","floor":13.0,"turns":3.0},{"damage":17,"enemies":"Slime Boss","floor":16,"turns":6}],"seed_played":"-3703989788633455668","potions_obtained":[{"floor":1.0,"key":"Swift Potion"},{"floor":12.0,"key":"Energy Potion"},{"floor":13.0,"key":"SmokeBomb"}],"is_trial":false,"path_per_floor":["M","?","M","M","M","R","E","?","T","?","R","M","M","?","R","B"],"character_chosen":"DEFECT","items_purchased":[],"campfire_rested":0,"item_purchase_floors":[],"current_hp_per_floor":[62,62,56,56,55,55,20,43,43,36,36,36,27,16,16,0],"gold":193,"neow_bonus":"THREE_RARE_CARDS","is_prod":false,"is_daily":false,"chose_seed":false,"campfire_upgraded":2,"win_rate":0,"timestamp":1565518853,"path_taken":["M","?","M","?","M","R","E","?","T","?","R","M","M","?","R","BOSS"],"build_version":"2019-07-18","purchased_purges":0,"victory":false,"max_hp_per_floor":[71,71,71,71,71,71,71,71,71,71,71,71,71,71,71,71],"card_choices":[{"not_picked":["Amplify","Meteor Strike"],"picked":"Creative AI","floor":0.0},{"not_picked":["Beam Cell","Redo"],"picked":"Auto Shields","floor":1.0},{"not_picked":["Capacitor","Beam Cell"],"picked":"Streamline","floor":3.0},{"not_picked":["Heatsinks","Undo"],"picked":"Sweeping Beam","floor":4.0},{"not_picked":["Turbo","Rip and Tear"],"picked":"Genetic Algorithm","floor":5.0},{"not_picked":["Hologram","Streamline"],"picked":"Hyperbeam","floor":7.0},{"not_picked":["Leap","White Noise"],"picked":"Sweeping Beam","floor":12.0},{"not_picked":["Double Energy","Compile Driver"],"picked":"Undo","floor":13.0}],"player_experience":1981272,"relics_obtained":[{"floor":7.0,"key":"Shovel"},{"floor":9.0,"key":"Bird Faced Urn"},{"floor":15.0,"key":"Boot"}],"event_choices":[{"cards_removed":["Creative AI"],"damage_healed":0.0,"max_hp_gain":0.0,"max_hp_loss":0.0,"gold_gain":0.0,"event_name":"WeMeetAgain","player_choice":"Gave Card","floor":2.0,"gold_loss":0.0,"damage_taken":0.0,"relics_obtained":["Nunchaku"]},{"damage_healed":23.0,"max_hp_gain":0.0,"max_hp_loss":0.0,"gold_gain":0.0,"event_name":"Big Fish","player_choice":"Banana","floor":8.0,"gold_loss":0.0,"damage_taken":0.0},{"cards_removed":["Strike_B"],"damage_healed":0.0,"max_hp_gain":0.0,"max_hp_loss":0.0,"gold_gain":0.0,"event_name":"Golden Wing","player_choice":"Card Removal","floor":10.0,"gold_loss":0.0,"damage_taken":7.0},{"damage_healed":0.0,"max_hp_gain":0.0,"max_hp_loss":0.0,"gold_gain":75.0,"event_name":"World of Goop","player_choice":"Gather Gold","floor":14.0,"gold_loss":0.0,"damage_taken":11.0}],"is_beta":true,"boss_relics":[],"items_purged_floors":[],"is_endless":false,"potions_floor_spawned":[1,12,13],"killed_by":"Slime Boss","ascension_level":20}