{"gold_per_floor":[114,114,129,29,29,29,64,76,125,141,141,5,5,36,36,110,110,120,45,61,78,278,278,289,309,309,309,344,344,356,369,369,443,443,457,467,480,136,146,146,163,163,163,163,174,199,210,238,238,238],"floor_reached":50,"playtime":2199,"items_purged":["Strike_G","Strike_G"],"score":1197,"play_id":"8460d3fd-7852-4b4f-9ed3-8b867dfc4edc","local_time":"20190803201542","is_ascension_mode":true,"campfire_choices":[{"data":"Deadly Poison","floor":6.0,"key":"SMITH"},{"data":"Acrobatics","floor":11.0,"key":"SMITH"},{"data":"Dagger Spray","floor":15.0,"key":"SMITH"},{"data":"Well Laid Plans","floor":23.0,"key":"SMITH"},{"data":"Catalyst","floor":27.0,"key":"SMITH"},{"data":"Bouncing Flask","floor":29.0,"key":"SMITH"},{"data":"Neutralize","floor":32.0,"key":"SMITH"},{"data":"Prepared","floor":40.0,"key":"SMITH"},{"floor":42.0,"key":"RECALL"},{"data":"Storm of Steel","floor":49.0,"key":"SMITH"}],"neow_cost":"NONE","seed_source_timestamp":0,"circlet_count":0,"master_deck":["AscendersBane","Defend_G","Defend_G","Defend_G","Defend_G","Defend_G","Survivor","Neutralize+1","PiercingWail","Backstab","Deadly Poison+1","Acrobatics+1","Terror","Dagger Spray+1","Well Laid Plans+1","Infinite Blades","Adrenaline","Bouncing Flask+1","Escape Plan","Catalyst+1","Flechettes","Adrenaline","Well Laid Plans+1","Purity","Prepared+1","Grand Finale","Storm of Steel+1"],"special_seed":0,"relics":["Ring of the Snake","NeowsBlessing","FaceOfCleric","Boot","Happy Flower","Lantern","Coffee Dripper","Paper Crane","Potion Belt","Empty Cage","Membership Card","Shuriken","Blue Candle","Kunai"],"potions_floor_usage":[50,50,50],"damage_taken":[{"damage":0.0,"enemies":"Small Slimes","floor":1.0,"turns":1.0},{"damage":0.0,"enemies":"Cultist","floor":3.0,"turns":1.0},{"damage":0.0,"enemies":"Gremlin Nob","floor":7.0,"turns":1.0},{"damage":0.0,"enemies":"2 Louse","floor":8.0,"turns":3.0},{"damage":7.0,"enemies":"Exordium Thugs","floor":10.0,"turns":6.0},{"damage":16.0,"enemies":"3 Sentries","floor":14.0,"turns":9.0},{"damage":33.0,"enemies":"Slime Boss","floor":16.0,"turns":8.0},{"damage":7.0,"enemies":"3 Byrds","floor":18.0,"turns":6.0},{"damage":0.0,"enemies":"Spheric Guardian","floor":20.0,"turns":4.0},{"damage":15.0,"enemies":"Chosen and Byrds","floor":21.0,"turns":6.0},{"damage":18.0,"enemies":"Cultist and Chosen","floor":24.0,"turns":6.0},{"damage":1.0,"enemies":"Snake Plant","floor":25.0,"turns":4.0},{"damage":16.0,"enemies":"Gremlin Leader","floor":28.0,"turns":6.0},{"damage":0.0,"enemies":"Centurion and Healer","floor":30.0,"turns":5.0},{"damage":0.0,"enemies":"Sentry and Sphere","floor":31.0,"turns":2.0},{"damage":37.0,"enemies":"Automaton","floor":33.0,"turns":8.0},{"damage":0.0,"enemies":"3 Shapes","floor":35.0,"turns":3.0},{"damage":1.0,"enemies":"Orb Walker","floor":36.0,"turns":3.0},{"damage":13.0,"enemies":"3 Darklings","floor":37.0,"turns":4.0},{"damage":0.0,"enemies":"Transient","floor":39.0,"turns":6.0},{"damage":2.0,"enemies":"Maw","floor":41.0,"turns":5.0},{"damage":23.0,"enemies":"Jaw Worm Horde","floor":45.0,"turns":5.0},{"damage":38.0,"enemies":"Nemesis","floor":46.0,"turns":7.0},{"damage":0.0,"enemies":"Transient","floor":47.0,"turns":6.0},{"damage":5.0,"enemies":"Giant Head","floor":48.0,"turns":5.0},{"damage":12,"enemies":"Awakened One","floor":50,"turns":2}],"seed_played":"-3741908670294043038","potions_obtained":[{"floor":3.0,"key":"FairyPotion"},{"floor":8.0,"key":"Block Potion"},{"floor":18.0,"key":"Energy Potion"},{"floor":28.0,"key":"Swift Potion"},{"floor":45.0,"key":"Regen Potion"},{"floor":46.0,"key":"GhostInAJar"},{"floor":47.0,"key":"Fire Potion"},{"floor":48.0,"key":"PowerPotion"}],"is_trial":false,"path_per_floor":["M","?","M","$","?","R","E","M","T","M","R","$","T","E","R","B",null,"M","?","M","M","?","R","M","M","T","R","E","R","M","M","R","B",null,"M","M","M","$","M","R","M","R","T","?","M","E","M","E","R","B"],"character_chosen":"THE_SILENT","items_purchased":["Deadly Poison","Dagger Spray","Well Laid Plans","Membership Card","Purity","Prepared"],"campfire_rested":0,"item_purchase_floors":[4,12,12,38,38,38],"current_hp_per_floor":[59,59,60,60,60,60,61,62,62,56,56,56,56,41,41,9,56,50,50,51,37,37,37,20,20,20,20,5,5,6,7,7,9,63,64,64,52,52,53,53,52,52,52,52,30,8,9,5,5,0],"gold":238,"neow_bonus":"THREE_ENEMY_KILL","is_prod":false,"is_daily":false,"chose_seed":false,"campfire_upgraded":9,"win_rate":0,"timestamp":1564830942,"path_taken":["M","?","?","$","?","R","E","M","T","M","R","$","?","E","R","BOSS","M","?","M","?","?","R","M","M","T","R","E","R","M","M","R","BOSS","M","?","M","$","M","R","M","R","T","?","M","E","M","E","R","BOSS"],"build_version":"2019-07-17","purchased_purges":2,"victory":false,"max_hp_per_floor":[66,66,67,67,67,67,68,69,69,70,70,70,70,71,71,72,72,73,73,74,75,75,75,76,77,77,77,78,78,79,80,80,81,81,82,83,84,84,85,85,86,86,86,86,87,88,89,90,90,90],"card_choices":[{"not_picked":["Sucker Punch","Blade Dance"],"picked":"PiercingWail","floor":1.0},{"not_picked":["Outmaneuver","Dodge and Roll"],"picked":"Backstab","floor":3.0},{"not_picked":["Slice","Deadly Poison"],"picked":"Acrobatics","floor":7.0},{"not_picked":["Accuracy","Prepared","Underhanded Strike"],"picked":"SKIP","floor":8.0},{"not_picked":["Deadly Poison","Acrobatics"],"picked":"Terror","floor":10.0},{"not_picked":["Well Laid Plans","Dagger Throw"],"picked":"Infinite Blades","floor":14.0},{"not_picked":["Die Die Die","A Thousand Cuts"],"picked":"Adrenaline","floor":16.0},{"not_picked":["Dagger Throw","Endless Agony+1"],"picked":"Bouncing Flask","floor":18.0},{"not_picked":["Underhanded Strike","Riddle With Holes"],"picked":"Escape Plan","floor":20.0},{"not_picked":["Slice","Flying Knee","Blade Dance"],"picked":"SKIP","floor":21.0},{"not_picked":["Blade Dance","Cloak And Dagger"],"picked":"Catalyst","floor":24.0},{"not_picked":["Quick Slash","Die Die Die","Blade Dance"],"picked":"SKIP","floor":25.0},{"not_picked":["Quick Slash","Die Die Die","Blade Dance"],"picked":"SKIP","floor":25.0},{"not_picked":["Riddle With Holes+1","PiercingWail"],"picked":"Flechettes","floor":28.0},{"not_picked":["PiercingWail","Dagger Spray","Deflect"],"picked":"SKIP","floor":30.0},{"not_picked":["Sucker Punch","Blade Dance","Outmaneuver"],"picked":"SKIP","floor":31.0},{"not_picked":["Storm of Steel","Night Terror"],"picked":"Adrenaline","floor":33.0},{"not_picked":["Bane","Leg Sweep+1","Deadly Poison"],"picked":"SKIP","floor":35.0},{"not_picked":["Bane+1","Storm of Steel","Underhanded Strike"],"picked":"SKIP","floor":36.0},{"not_picked":["Heel Hook+1","Choke","Well Laid Plans+1"],"picked":"SKIP","floor":37.0},{"not_picked":["Heel Hook+1","Choke","Well Laid Plans+1"],"picked":"SKIP","floor":37.0},{"not_picked":["Heel Hook+1","Choke"],"picked":"Well Laid Plans+1","floor":37.0},{"not_picked":["Outmaneuver","Poisoned Stab","Flying Knee+1"],"picked":"SKIP","floor":39.0},{"not_picked":["Prepared","Masterful Stab","Underhanded Strike"],"picked":"SKIP","floor":41.0},{"not_picked":["Prepared","Masterful Stab","Underhanded Strike"],"picked":"SKIP","floor":41.0},{"not_picked":["Dagger Throw","Outmaneuver","Dash"],"picked":"SKIP","floor":45.0},{"not_picked":["PiercingWail","Expertise+1"],"picked":"Grand Finale","floor":46.0},{"not_picked":["Terror+1","Deadly Poison","Deflect"],"picked":"SKIP","floor":47.0},{"not_picked":["Outmaneuver+1","Bouncing Flask"],"picked":"Storm of Steel","floor":48.0}],"player_experience":747438,"relics_obtained":[{"floor":7.0,"key":"Boot"},{"floor":9.0,"key":"Happy Flower"},{"floor":14.0,"key":"Lantern"},{"floor":26.0,"key":"Paper Crane"},{"floor":28.0,"key":"Potion Belt"},{"floor":43.0,"key":"Shuriken"},{"floor":46.0,"key":"Blue Candle"},{"floor":48.0,"key":"Kunai"}],"event_choices":[{"damage_healed":0.0,"max_hp_gain":0.0,"max_hp_loss":0.0,"gold_gain":0.0,"event_name":"FaceTrader","player_choice":"Trade","floor":2.0,"gold_loss":0.0,"damage_taken":0.0,"relics_obtained":["FaceOfCleric"]},{"damage_healed":0.0,"max_hp_gain":0.0,"max_hp_loss":0.0,"gold_gain":0.0,"event_name":"Liars Game","player_choice":"Ignored","floor":5.0,"gold_loss":0.0,"damage_taken":0.0},{"cards_removed":["Strike_G"],"damage_healed":0.0,"max_hp_gain":0.0,"max_hp_loss":0.0,"gold_gain":0.0,"event_name":"Designer","player_choice":"Single Remove","floor":19.0,"gold_loss":75.0,"damage_taken":0.0},{"damage_healed":0.0,"max_hp_gain":0.0,"max_hp_loss":0.0,"gold_gain":250.0,"event_name":"The Joust","player_choice":"Bet on Owner","floor":22.0,"gold_loss":50.0,"damage_taken":0.0},{"damage_healed":0.0,"max_hp_gain":0.0,"max_hp_loss":0.0,"gold_gain":0.0,"event_name":"Tomb of Lord Red Mask","player_choice":"Ignored","floor":44.0,"gold_loss":0.0,"damage_taken":0.0}],"is_beta":false,"boss_relics":[{"not_picked":["Busted Crown","Ring of the Serpent"],"picked":"Coffee Dripper"},{"not_picked":["Orrery","Sozu"],"picked":"Empty Cage"}],"items_purged_floors":[4,38],"is_endless":false,"potions_floor_spawned":[3,8,10,14,16,18,24,28,45,46,47,48],"killed_by":"Awakened One","ascension_level":20}