{"gold_per_floor":[111,127,127,77,77,77,108,108,156,156,173,203,203,222,222,326,326,345,345,369,380,393,393,422,432,432,444,444,292,318,170,170,267,267,279,298,0,19,19,19,54,101,101,101,128,138,155,186,186,186],"floor_reached":51,"playtime":2166,"items_purged":["Strike_R"],"score":1404,"play_id":"53015506-2897-4250-a7e6-3fa454d19108","local_time":"20190713121214","is_ascension_mode":true,"campfire_choices":[{"data":"Clothesline","floor":6,"key":"SMITH"},{"data":"Ghostly Armor","floor":8,"key":"SMITH"},{"floor":13,"key":"REST"},{"data":"Wild Strike","floor":15,"key":"SMITH"},{"data":"Immolate","floor":23,"key":"SMITH"},{"data":"Reaper","floor":32,"key":"SMITH"},{"data":"Limit Break","floor":40,"key":"SMITH"},{"floor":44,"key":"DIG"},{"floor":49,"key":"DIG"}],"neow_cost":"","seed_source_timestamp":162885985245700,"circlet_count":0,"master_deck":["Strike_R+1","Strike_R+1","Strike_R+1","Defend_R+1","Defend_R+1","Defend_R+1","Defend_R+1","Bash+1","Clothesline+1","Ghostly Armor+1","Headbutt+1","Wild Strike+1","Immolate+1","Shrug It Off","Metallicize+1","Spot Weakness+1","Reaper+1","Limit Break+1","Inflame+1","Body Slam+1"],"relics":["Burning Blood","StoneCalendar","Bottled Lightning","PreservedInsect","Pear","Velvet Choker","Bag of Preparation","Bottled Flame","Dodecahedron","Letter Opener","Centennial Puzzle","Sozu","Orichalcum","Red Skull","Bag of Marbles","Shovel","Pantograph","Anchor","Potion Belt","Mercury Hourglass","Strawberry"],"potions_floor_usage":[16,16,24,33,42,45,50],"damage_taken":[{"damage":19,"enemies":"Small Slimes","floor":1,"turns":4},{"damage":5,"enemies":"Jaw Worm","floor":2,"turns":5},{"damage":29,"enemies":"Gremlin Nob","floor":7,"turns":5},{"damage":1,"enemies":"Cultist","floor":11,"turns":3},{"damage":15,"enemies":"Lagavulin","floor":12,"turns":5},{"damage":0,"enemies":"Large Slime","floor":14,"turns":5},{"damage":50,"enemies":"Hexaghost","floor":16,"turns":12},{"damage":6,"enemies":"3 Byrds","floor":18,"turns":4},{"damage":21,"enemies":"Spheric Guardian","floor":21,"turns":4},{"damage":11,"enemies":"Chosen and Byrds","floor":22,"turns":5},{"damage":18,"enemies":"Gremlin Leader","floor":24,"turns":4},{"damage":0,"enemies":"3 Cultists","floor":25,"turns":5},{"damage":0,"enemies":"Snecko","floor":27,"turns":3},{"damage":21,"enemies":"Slavers","floor":30,"turns":2},{"damage":84,"enemies":"Collector","floor":33,"turns":8},{"damage":0,"enemies":"Orb Walker","floor":35,"turns":2},{"damage":0,"enemies":"3 Darklings","floor":36,"turns":2},{"damage":5,"enemies":"Jaw Worm Horde","floor":38,"turns":3},{"damage":7,"enemies":"Giant Head","floor":41,"turns":5},{"damage":36,"enemies":"2 Orb Walkers","floor":42,"turns":5},{"damage":0,"enemies":"Reptomancer","floor":45,"turns":3},{"damage":0,"enemies":"Transient","floor":46,"turns":5},{"damage":6,"enemies":"Writhing Mass","floor":47,"turns":3},{"damage":20,"enemies":"Giant Head","floor":48,"turns":6},{"damage":25,"enemies":"Awakened One","floor":50,"turns":7}],"seed_played":"6224143039685702139","potions_obtained":[{"floor":2,"key":"Dexterity Potion"},{"floor":7,"key":"Weak Potion"},{"floor":11,"key":"FearPotion"},{"floor":18,"key":"Strength Potion"},{"floor":24,"key":"Fruit Juice"},{"floor":27,"key":"SteroidPotion"},{"floor":33,"key":"Block Potion"}],"is_trial":false,"path_per_floor":["M","M","?","?","$","R","E","R","T","?","M","E","R","M","R","B",null,"M","?","T","M","M","R","E","M","T","M","?","$","E","$","R","B",null,"M","M","$","M","?","R","E","?","T","R","E","M","M","E","R","B",null],"character_chosen":"IRONCLAD","items_purchased":["Reaper","Centennial Puzzle","Orichalcum","Red Skull"],"campfire_rested":1,"item_purchase_floors":[29,31,37,37],"current_hp_per_floor":[54,55,55,55,55,55,32,32,32,32,37,38,65,71,71,27,74,74,74,74,59,54,54,47,53,53,59,90,90,92,92,92,26,78,84,95,95,95,95,95,94,77,77,77,95,95,95,81,88,83],"gold":186,"neow_bonus":"","is_prod":false,"is_daily":false,"chose_seed":false,"campfire_upgraded":6,"win_rate":0,"timestamp":1563037934,"path_taken":["M","M","?","?","$","R","E","R","T","?","?","E","R","M","R","BOSS","M","?","?","M","M","R","E","M","T","M","?","?","E","$","R","BOSS","M","M","$","M","?","R","E","?","T","R","E","M","M","E","R","BOSS"],"build_version":"2019-07-05","purchased_purges":1,"victory":true,"max_hp_per_floor":[80,80,80,80,80,80,80,80,80,80,80,90,90,90,90,90,90,90,90,90,90,90,90,95,95,95,95,95,95,95,95,95,95,95,95,95,95,95,95,95,95,95,95,95,95,95,95,95,102,102],"card_choices":[{"not_picked":["Warcry","Headbutt"],"picked":"Clothesline","floor":1},{"not_picked":["Shockwave","Pummel"],"picked":"Ghostly Armor","floor":2},{"not_picked":["Corruption","Exhume"],"picked":"Headbutt","floor":7},{"not_picked":["Anger","Perfected Strike","Thunderclap"],"picked":"SKIP","floor":11},{"not_picked":["Evolve","Berserk","Warcry"],"picked":"SKIP","floor":12},{"not_picked":["Seeing Red","Infernal Blade"],"picked":"Wild Strike","floor":14},{"not_picked":["Demon Form","Berserk"],"picked":"Immolate","floor":16},{"not_picked":["Sword Boomerang","Pommel Strike"],"picked":"Shrug It Off","floor":18},{"not_picked":["Iron Wave","Heavy Blade","Pommel Strike"],"picked":"SKIP","floor":21},{"not_picked":["True Grit","Fire Breathing","Whirlwind+1"],"picked":"SKIP","floor":22},{"not_picked":["Thunderclap","Cleave"],"picked":"Metallicize+1","floor":24},{"not_picked":["Rage+1","Double Tap","Headbutt"],"picked":"SKIP","floor":25},{"not_picked":["Heavy Blade+1","Cleave+1"],"picked":"Spot Weakness+1","floor":27},{"not_picked":["Clash","Clothesline+1","Cleave"],"picked":"SKIP","floor":30},{"not_picked":["Offering","Reaper"],"picked":"Limit Break","floor":33},{"not_picked":["Infernal Blade+1","Wild Strike+1","Iron Wave"],"picked":"SKIP","floor":35},{"not_picked":["Searing Blow+1","Clothesline","Uppercut"],"picked":"SKIP","floor":36},{"not_picked":["Body Slam","Sword Boomerang+1","Evolve+1"],"picked":"SKIP","floor":38},{"not_picked":["Power Through","Shrug It Off+1","Rage+1"],"picked":"SKIP","floor":41},{"not_picked":["Clash","Rage+1"],"picked":"Inflame+1","floor":42},{"not_picked":["Impervious","Armaments","Feel No Pain+1"],"picked":"SKIP","floor":45},{"not_picked":["True Grit","Iron Wave"],"picked":"Body Slam+1","floor":46},{"not_picked":["Warcry+1","True Grit","Metallicize"],"picked":"SKIP","floor":47},{"not_picked":["Intimidate","Searing Blow","Shrug It Off"],"picked":"SKIP","floor":48}],"player_experience":404168,"relics_obtained":[{"floor":7,"key":"Bottled Lightning"},{"floor":9,"key":"PreservedInsect"},{"floor":12,"key":"Pear"},{"floor":20,"key":"Bag of Preparation"},{"floor":24,"key":"Bottled Flame"},{"floor":26,"key":"Dodecahedron"},{"floor":30,"key":"Letter Opener"},{"floor":41,"key":"Bag of Marbles"},{"floor":42,"key":"Shovel"},{"floor":43,"key":"Pantograph"},{"floor":44,"key":"Anchor"},{"floor":45,"key":"Potion Belt"},{"floor":48,"key":"Mercury Hourglass"},{"floor":49,"key":"Strawberry"}],"event_choices":[{"damage_healed":0,"gold_gain":0,"player_choice":"Grow","damage_taken":0,"max_hp_gain":0,"max_hp_loss":0,"event_name":"Living Wall","floor":3,"gold_loss":0,"cards_upgraded":["Bash"]},{"cards_removed":["Strike_R"],"damage_healed":0,"gold_gain":0,"player_choice":"Card Removal","damage_taken":0,"max_hp_gain":0,"max_hp_loss":0,"event_name":"The Cleric","floor":4,"gold_loss":50},{"damage_healed":0,"gold_gain":0,"player_choice":"Upgraded","damage_taken":0,"max_hp_gain":0,"max_hp_loss":0,"event_name":"Upgrade Shrine","floor":10,"gold_loss":0,"cards_upgraded":["Headbutt"]},{"damage_healed":0,"gold_gain":0,"player_choice":"Simplicity","damage_taken":0,"max_hp_gain":0,"max_hp_loss":0,"event_name":"Back to Basics","floor":19,"gold_loss":0,"cards_upgraded":["Strike_R","Strike_R","Strike_R","Defend_R","Defend_R","Defend_R","Defend_R"]},{"damage_healed":31,"gold_gain":0,"player_choice":"Heal","damage_taken":0,"max_hp_gain":0,"max_hp_loss":0,"event_name":"The Library","floor":28,"gold_loss":0},{"damage_healed":0,"gold_gain":0,"player_choice":"Memory 1","damage_taken":0,"max_hp_gain":0,"max_hp_loss":0,"event_name":"SensoryStone","floor":39,"gold_loss":0},{"damage_healed":0,"gold_gain":0,"player_choice":"Fight","damage_taken":0,"max_hp_gain":0,"max_hp_loss":0,"event_name":"Mysterious Sphere","floor":42,"gold_loss":0}],"is_beta":false,"boss_relics":[{"not_picked":["Coffee Dripper","Eternal Feather"],"picked":"Velvet Choker"},{"not_picked":["White Beast Statue","Philosopher\u0027s Stone"],"picked":"Sozu"}],"items_purged_floors":[0],"is_endless":false,"potions_floor_spawned":[2,7,11,18,24,27,30,33,35,41,46,48],"ascension_level":5}