{"gold_per_floor":[118,129,204,154,174,199,199,212,288,288,58,90,100,0,0,100,100,114,389,194,213,213,213,241,261,261,261,0,0,0,0,0,0],"floor_reached":33,"playtime":4661,"items_purged":["Strike_G","Strike_G","Regret"],"score":339,"play_id":"e5de373c-087a-4f4b-bf26-ad62c8eb6bf7","local_time":"20190310224220","is_ascension_mode":true,"campfire_choices":[{"data":"Neutralize","floor":7,"key":"SMITH"},{"floor":10,"key":"REST"},{"floor":15,"key":"REST"},{"data":"Footwork","floor":23,"key":"SMITH"},{"floor":29,"key":"REST"},{"floor":32,"key":"REST"}],"neow_cost":"NONE","seed_source_timestamp":174557762108980,"circlet_count":0,"master_deck":["Defend_G","Defend_G","Defend_G","Defend_G+1","Survivor","Neutralize+1","Flying Knee","Dagger Throw","Footwork","Tactician","Heel Hook","Calculated Gamble","Deadly Poison","Corpse Explosion","Footwork+1","Adrenaline","Necronomicurse"],"relics":["Ring of the Snake","WingedGreaves","Matryoshka","War Paint","Oddly Smooth Stone","Empty Cage","MutagenicStrength","Thread and Needle","Gremlin Horn","Question Card","PreservedInsect","Centennial Puzzle","Necronomicon"],"potions_floor_usage":[6,24,24],"damage_taken":[{"damage":6,"enemies":"2 Louse","floor":1,"turns":5},{"damage":0,"enemies":"Small Slimes","floor":2,"turns":3},{"damage":2,"enemies":"Jaw Worm","floor":5,"turns":4},{"damage":11,"enemies":"Gremlin Nob","floor":6,"turns":4},{"damage":9,"enemies":"Exordium Thugs","floor":8,"turns":6},{"damage":19,"enemies":"3 Sentries","floor":12,"turns":14},{"damage":0,"enemies":"Red Slaver","floor":13,"turns":4},{"damage":14,"enemies":"The Guardian","floor":16,"turns":13},{"damage":5,"enemies":"Chosen","floor":18,"turns":5},{"damage":2,"enemies":"Spheric Guardian","floor":21,"turns":5},{"damage":27,"enemies":"Gremlin Leader","floor":24,"turns":7},{"damage":0,"enemies":"Snake Plant","floor":25,"turns":5},{"damage":57,"enemies":"Automaton","floor":33,"turns":10}],"seed_played":"4947321022835015599","potions_obtained":[{"floor":2,"key":"SteroidPotion"},{"floor":6,"key":"SneckoOil"},{"floor":12,"key":"Swift Potion"},{"floor":16,"key":"FearPotion"}],"is_trial":false,"path_per_floor":["M","M","?","?","M","E","R","M","T","R","$","E","M","$","R","B",null,"M","?","$","M","?","R","E","M","T","T","?","R","?","$","R","B"],"character_chosen":"THE_SILENT","items_purchased":["War Paint","Footwork"],"campfire_rested":4,"item_purchase_floors":[11,20],"current_hp_per_floor":[64,64,53,53,51,40,40,31,31,52,52,33,33,33,54,40,63,58,58,58,56,56,56,29,29,29,29,29,50,34,34,55,0],"gold":0,"neow_bonus":"REMOVE_CARD","is_prod":false,"is_daily":false,"chose_seed":false,"campfire_upgraded":2,"win_rate":0,"timestamp":1552282940,"path_taken":["M","M","?","?","M","E","R","?","T","R","$","E","M","$","R","BOSS","M","?","$","?","?","R","E","M","T","?","?","R","?","$","R","BOSS"],"build_version":"2019-01-23","purchased_purges":3,"victory":false,"max_hp_per_floor":[70,70,70,70,70,70,70,70,70,70,70,70,70,70,70,70,70,70,70,70,70,70,70,70,70,70,70,70,70,70,70,70,70],"card_choices":[{"not_picked":["Slice","Underhanded Strike"],"picked":"Flying Knee","floor":1},{"not_picked":["Bane","Underhanded Strike"],"picked":"Dagger Throw","floor":2},{"not_picked":["Eviscerate","Riddle With Holes"],"picked":"Footwork","floor":5},{"not_picked":["Predator","Dagger Spray"],"picked":"Tactician","floor":6},{"not_picked":["Acrobatics","Bane"],"picked":"Heel Hook","floor":8},{"not_picked":["Deflect","Eviscerate"],"picked":"Calculated Gamble","floor":12},{"not_picked":["Underhanded Strike","Slice"],"picked":"Deadly Poison","floor":13},{"not_picked":["Malaise","Bullet Time"],"picked":"Corpse Explosion","floor":16},{"not_picked":["Deadly Poison","Blade Dance","Eviscerate"],"picked":"SKIP","floor":18},{"not_picked":["Terror","Cloak And Dagger+1","Sucker Punch"],"picked":"SKIP","floor":21},{"not_picked":["Predator","Deflect","Poisoned Stab"],"picked":"SKIP","floor":24},{"not_picked":["Backflip+1","Bane+1"],"picked":"Adrenaline","floor":25}],"player_experience":140098,"relics_obtained":[{"floor":6,"key":"WingedGreaves"},{"floor":9,"key":"Matryoshka"},{"floor":12,"key":"Oddly Smooth Stone"},{"floor":24,"key":"Thread and Needle"},{"floor":26,"key":"Gremlin Horn"},{"floor":26,"key":"Question Card"},{"floor":27,"key":"PreservedInsect"},{"floor":27,"key":"Centennial Puzzle"},{"floor":30,"key":"Necronomicon"}],"event_choices":[{"damage_healed":0,"gold_gain":75,"player_choice":"Gather Gold","damage_taken":11,"max_hp_gain":0,"max_hp_loss":0,"event_name":"World of Goop","floor":3,"gold_loss":0},{"cards_removed":["Strike_G"],"damage_healed":0,"gold_gain":0,"player_choice":"Card Removal","damage_taken":0,"max_hp_gain":0,"max_hp_loss":0,"event_name":"The Cleric","floor":4,"gold_loss":50},{"damage_healed":0,"gold_gain":275,"player_choice":"Desecrate","damage_taken":0,"max_hp_gain":0,"max_hp_loss":0,"event_name":"Golden Shrine","floor":19,"gold_loss":0,"cards_obtained":["Regret"]},{"damage_healed":0,"gold_gain":0,"player_choice":"Inject Mutagens","damage_taken":0,"relics_obtained":["MutagenicStrength"],"max_hp_gain":0,"max_hp_loss":0,"event_name":"Drug Dealer","floor":22,"gold_loss":0},{"damage_healed":0,"gold_gain":0,"player_choice":"Paid Fearfully","damage_taken":0,"max_hp_gain":0,"max_hp_loss":0,"event_name":"Masked Bandits","floor":28,"gold_loss":261},{"damage_healed":0,"gold_gain":0,"player_choice":"Obtained Book","damage_taken":16,"max_hp_gain":0,"max_hp_loss":0,"event_name":"Cursed Tome","floor":30,"gold_loss":0}],"is_beta":false,"boss_relics":[{"not_picked":["Snecko Eye","Coffee Dripper"],"picked":"Empty Cage"}],"items_purged_floors":[11,14,20],"is_endless":false,"potions_floor_spawned":[2,6,12,16,21],"killed_by":"Automaton","ascension_level":5}