{"gold_per_floor":[112,112,112,130,55,85,97,125,151,163,163,163,190,190,190,190],"floor_reached":16,"playtime":470,"items_purged":["Pain"],"score":272,"play_id":"e34f01a7-e794-447d-838d-5870ce93807f","local_time":"20190806131908","is_ascension_mode":true,"campfire_choices":[{"floor":11,"key":"REST"},{"floor":15,"key":"REST"}],"neow_cost":"NONE","seed_source_timestamp":14953409432043,"circlet_count":0,"master_deck":["AscendersBane","Strike_B","Strike_B","Strike_B","Strike_B","Defend_B+1","Defend_B","Defend_B","Zap","Dualcast+1","Loop","Reboot","Conserve Battery","Recycle"],"relics":["Cracked Core","NeowsBlessing","WarpedTongs","Lantern","Potion Belt","Strawberry","Pear"],"potions_floor_usage":[10],"damage_taken":[{"damage":0,"enemies":"Small Slimes","floor":1,"turns":1},{"damage":2,"enemies":"2 Louse","floor":4,"turns":1},{"damage":0,"enemies":"Gremlin Nob","floor":6,"turns":1},{"damage":0,"enemies":"Cultist","floor":7,"turns":3},{"damage":9,"enemies":"Lagavulin","floor":8,"turns":7},{"damage":14,"enemies":"3 Louse","floor":10,"turns":2},{"damage":43,"enemies":"3 Sentries","floor":13,"turns":15},{"damage":48,"enemies":"Slime Boss","floor":16,"turns":5}],"seed_played":"878543455862833167","potions_obtained":[{"floor":1,"key":"LiquidBronze"},{"floor":6,"key":"Energy Potion"},{"floor":8,"key":"Energy Potion"}],"is_trial":false,"path_per_floor":["M","?","?","M","$","E","M","E","T","M","R","?","E","?","R","B"],"character_chosen":"DEFECT","items_purchased":[],"campfire_rested":2,"item_purchase_floors":[],"current_hp_per_floor":[64,43,43,41,41,41,41,32,39,25,48,48,15,8,34,0],"gold":190,"neow_bonus":"THREE_ENEMY_KILL","is_prod":false,"is_daily":false,"chose_seed":false,"campfire_upgraded":0,"win_rate":0,"timestamp":1565065148,"path_taken":["M","?","?","M","$","E","?","E","T","M","R","?","E","?","R","BOSS"],"build_version":"2019-07-17","purchased_purges":1,"victory":false,"max_hp_per_floor":[71,71,71,71,71,71,71,71,78,78,78,78,88,88,88,88],"card_choices":[{"not_picked":["Heatsinks","Stack","Compile Driver"],"picked":"SKIP","floor":1},{"not_picked":["Hologram","Coolheaded"],"picked":"Loop","floor":4},{"not_picked":["Sweeping Beam","Fusion","Aggregate"],"picked":"SKIP","floor":6},{"not_picked":["Streamline","Compile Driver"],"picked":"Reboot","floor":7},{"not_picked":["Leap","Hello World"],"picked":"Conserve Battery","floor":8},{"not_picked":["Consume","Fusion","Conserve Battery"],"picked":"SKIP","floor":10},{"not_picked":["Go for the Eyes","Stack"],"picked":"Recycle","floor":13}],"player_experience":255885,"relics_obtained":[{"floor":6,"key":"Lantern"},{"floor":8,"key":"Potion Belt"},{"floor":9,"key":"Strawberry"},{"floor":13,"key":"Pear"}],"event_choices":[{"damage_healed":0,"gold_gain":0,"player_choice":"Entered Light","damage_taken":21,"max_hp_gain":0,"max_hp_loss":0,"event_name":"Shining Light","floor":2,"gold_loss":0,"cards_upgraded":["Defend_B","Dualcast"]},{"damage_healed":0,"gold_gain":0,"player_choice":"Rummage","damage_taken":0,"relics_obtained":["WarpedTongs"],"max_hp_gain":0,"max_hp_loss":0,"event_name":"Accursed Blacksmith","floor":3,"gold_loss":0,"cards_obtained":["Pain"]},{"damage_healed":0,"gold_gain":0,"player_choice":"Ignored","damage_taken":0,"max_hp_gain":0,"max_hp_loss":0,"event_name":"Liars Game","floor":12,"gold_loss":0},{"cards_removed":["Defend_B"],"damage_healed":0,"gold_gain":0,"player_choice":"Card Removal","damage_taken":7,"max_hp_gain":0,"max_hp_loss":0,"event_name":"Golden Wing","floor":14,"gold_loss":0}],"is_beta":false,"boss_relics":[],"items_purged_floors":[5],"is_endless":false,"potions_floor_spawned":[1,6,8],"killed_by":"Slime Boss","ascension_level":18}