{"gold_per_floor":[119,135,4,17,30,30,65,80,105,116,116,150,150,168,168,246,246,257,277,277,295,306,306,334,334,402,89,89,122,72,72,72,146,146,157,157,167,185,17,17],"floor_reached":40,"playtime":1496,"items_purged":["Strike_B","Strike_B+1"],"score":876,"play_id":"4b44138f-4994-4627-a179-c98d19859433","local_time":"20190628015037","is_ascension_mode":true,"campfire_choices":[{"data":"Doom and Gloom","floor":6,"key":"SMITH"},{"data":"Fusion","floor":11,"key":"SMITH"},{"data":"Zap","floor":13,"key":"SMITH"},{"data":"Sweeping Beam","floor":15,"key":"SMITH"},{"floor":23,"key":"REST"},{"floor":25,"key":"REST"},{"floor":32,"key":"REST"}],"neow_cost":"NONE","seed_source_timestamp":484993867157,"circlet_count":0,"master_deck":["AscendersBane","Defend_B+1","Defend_B+1","Defend_B+1","Defend_B+1","Dualcast","Glacier","Compile Driver","Doom and Gloom+1","Fusion+1","Sweeping Beam+1","Genetic Algorithm","Glacier","Ball Lightning","Compile Driver","Electrodynamics","Auto Shields+1","Defragment","Compile Driver","Glacier","Capacitor","Meteor Strike","BootSequence","Biased Cognition","Creative AI","Genetic Algorithm"],"relics":["Cracked Core","DataDisk","Dodecahedron","Dream Catcher","Omamori","Snecko Eye","Strawberry","Smiling Mask","Shuriken","Pantograph","Oddly Smooth Stone","Black Star","PreservedInsect"],"potions_floor_usage":[10,16,24,24,29],"damage_taken":[{"damage":0,"enemies":"Cultist","floor":1,"turns":3},{"damage":0,"enemies":"Small Slimes","floor":2,"turns":4},{"damage":1,"enemies":"2 Louse","floor":4,"turns":2},{"damage":11,"enemies":"Large Slime","floor":5,"turns":7},{"damage":5,"enemies":"Gremlin Nob","floor":7,"turns":4},{"damage":6,"enemies":"Looter","floor":8,"turns":3},{"damage":6,"enemies":"Exordium Thugs","floor":10,"turns":5},{"damage":15,"enemies":"3 Sentries","floor":12,"turns":8},{"damage":0,"enemies":"3 Louse","floor":14,"turns":3},{"damage":33,"enemies":"Hexaghost","floor":16,"turns":9},{"damage":22,"enemies":"2 Thieves","floor":18,"turns":3},{"damage":6,"enemies":"Spheric Guardian","floor":19,"turns":5},{"damage":0,"enemies":"Snecko","floor":21,"turns":7},{"damage":23,"enemies":"Snake Plant","floor":22,"turns":5},{"damage":13,"enemies":"Book of Stabbing","floor":24,"turns":6},{"damage":35,"enemies":"Gremlin Leader","floor":29,"turns":9},{"damage":13,"enemies":"Automaton","floor":33,"turns":8},{"damage":0,"enemies":"3 Shapes","floor":35,"turns":4},{"damage":28,"enemies":"3 Darklings","floor":37,"turns":3},{"damage":38,"enemies":"Writhing Mass","floor":38,"turns":6},{"damage":5,"enemies":"Giant Head","floor":40,"turns":6}],"seed_played":"-2108875351927378229","potions_obtained":[{"floor":2,"key":"Regen Potion"},{"floor":12,"key":"SteroidPotion"},{"floor":16,"key":"Energy Potion"},{"floor":24,"key":"PowerPotion"},{"floor":33,"key":"SpeedPotion"}],"is_trial":false,"path_per_floor":["M","M","$","M","M","R","E","M","T","M","R","E","R","M","R","B",null,"M","M","?","M","M","R","E","R","T","$","?","E","$","?","R","B",null,"M","?","M","M","$","E"],"character_chosen":"DEFECT","items_purchased":["Fire Potion","Doom and Gloom","Pantograph","PreservedInsect"],"campfire_rested":3,"item_purchase_floors":[3,3,27,39],"current_hp_per_floor":[64,64,64,63,52,52,47,41,41,49,49,34,34,34,34,1,54,32,26,33,33,10,33,20,43,43,43,43,8,8,8,31,43,69,69,69,41,3,3,0],"gold":17,"neow_bonus":"RANDOM_COMMON_RELIC","is_prod":false,"is_daily":false,"chose_seed":false,"campfire_upgraded":4,"win_rate":0,"timestamp":1561679437,"path_taken":["M","M","$","M","M","R","E","M","T","M","R","E","R","?","R","BOSS","M","M","?","M","M","R","E","R","T","$","?","E","$","?","R","BOSS","M","?","?","M","$","E"],"build_version":"2019-06-24","purchased_purges":2,"victory":false,"max_hp_per_floor":[71,71,71,71,71,71,71,71,71,71,71,71,71,71,71,71,71,71,71,78,78,78,78,78,78,78,78,78,78,78,78,78,78,78,78,78,78,78,78,78],"card_choices":[{"not_picked":["Leap","Cold Snap"],"picked":"Glacier","floor":1},{"not_picked":["Storm","Reinforced Body"],"picked":"Compile Driver","floor":2},{"not_picked":["Auto Shields","Rebound"],"picked":"Fusion","floor":4},{"not_picked":["Chaos","Beam Cell","Steam Power"],"picked":"SKIP","floor":5},{"not_picked":["Amplify","Storm"],"picked":"Sweeping Beam","floor":7},{"not_picked":["Glacier","Auto Shields"],"picked":"Genetic Algorithm","floor":8},{"not_picked":["Cold Snap","Go for the Eyes"],"picked":"Glacier","floor":10},{"not_picked":["Turbo","Coolheaded"],"picked":"Ball Lightning","floor":12},{"not_picked":["Stack","Conserve Battery"],"picked":"Compile Driver","floor":14},{"not_picked":["Rainbow","Buffer"],"picked":"Electrodynamics","floor":16},{"not_picked":["Rip and Tear","Hologram"],"picked":"Auto Shields+1","floor":18},{"not_picked":["Beam Cell+1","Turbo"],"picked":"Defragment","floor":19},{"not_picked":["Sweeping Beam","Stack"],"picked":"Compile Driver","floor":21},{"not_picked":["Chaos","Melter","Leap"],"picked":"SKIP","floor":22},{"not_picked":["Chaos","Loop"],"picked":"Glacier","floor":23},{"not_picked":["Cold Snap","Streamline"],"picked":"Capacitor","floor":24},{"not_picked":["Hologram","Barrage","Rebound"],"picked":"SKIP","floor":29},{"not_picked":["Genetic Algorithm","Leap"],"picked":"Biased Cognition","floor":32},{"not_picked":["Rainbow","Electrodynamics"],"picked":"Creative AI","floor":33},{"not_picked":["Conserve Battery","Stack","FTL+1"],"picked":"SKIP","floor":35},{"not_picked":["Darkness+1","Hello World"],"picked":"Genetic Algorithm","floor":37},{"not_picked":["Compile Driver","White Noise","Sunder"],"picked":"SKIP","floor":38}],"player_experience":1778714,"relics_obtained":[{"floor":7,"key":"Dodecahedron"},{"floor":9,"key":"Dream Catcher"},{"floor":12,"key":"Omamori"},{"floor":24,"key":"Smiling Mask"},{"floor":26,"key":"Shuriken"},{"floor":29,"key":"Oddly Smooth Stone"}],"event_choices":[{"damage_healed":0,"gold_gain":0,"player_choice":"Opened","damage_taken":0,"relics_obtained":["Strawberry"],"max_hp_gain":0,"max_hp_loss":0,"event_name":"The Mausoleum","floor":20,"gold_loss":0,"cards_obtained":["Writhe"]},{"damage_healed":0,"gold_gain":0,"player_choice":"Simplicity","damage_taken":0,"max_hp_gain":0,"max_hp_loss":0,"event_name":"Back to Basics","floor":28,"gold_loss":0,"cards_upgraded":["Strike_B","Strike_B","Strike_B","Defend_B","Defend_B","Defend_B","Defend_B"]},{"damage_healed":0,"gold_gain":0,"cards_transformed":["Strike_B","Strike_B"],"player_choice":"Became Test Subject","damage_taken":0,"max_hp_gain":0,"max_hp_loss":0,"event_name":"Drug Dealer","floor":31,"gold_loss":0,"cards_obtained":["Meteor Strike","BootSequence"]},{"cards_removed":["Zap"],"damage_healed":0,"gold_gain":0,"player_choice":"Offered Basic","damage_taken":0,"max_hp_gain":0,"max_hp_loss":0,"event_name":"Bonfire Elementals","floor":36,"gold_loss":0}],"is_beta":true,"boss_relics":[{"not_picked":["Coffee Dripper","Eternal Feather"],"picked":"Snecko Eye"},{"not_picked":["Runic Pyramid","Empty Cage"],"picked":"Black Star"}],"items_purged_floors":[27,30],"is_endless":false,"potions_floor_spawned":[2,4,7,8,12,16,19,21,24,33],"killed_by":"Giant Head","ascension_level":20}