{"gold_per_floor":[16,31,31,106,122,122,152,189,249,261,307,335,365,16,16,89,89,108,122,122,37,87,117,117,147,147,164,196,206,162,182,182,254,254,271,289,289,212,227,255,255,285,336,355,455,455,455,472,472,472,472,472,472,67,95,95],"floor_reached":57,"playtime":8198,"items_purged":["Decay"],"score":2985,"play_id":"2ec2257f-d815-4242-982b-beb89db04f27","local_time":"20190723151400","is_ascension_mode":true,"campfire_choices":[{"data":"Static Discharge","floor":6.0,"key":"SMITH"},{"floor":10.0,"key":"REST"},{"data":"Zap","floor":15.0,"key":"SMITH"},{"data":"Seek","floor":24.0,"key":"SMITH"},{"data":"Consume","floor":32.0,"key":"SMITH"},{"floor":41.0,"key":"RECALL"},{"data":"Apotheosis","floor":47,"key":"SMITH"},{"data":"1","floor":49,"key":"LIFT"},{"data":"2","floor":53,"key":"LIFT"}],"neow_cost":"NO_GOLD","seed_source_timestamp":310084816458991,"circlet_count":0,"master_deck":["AscendersBane","Zap+1","Dualcast","Defragment+1","Gash","Static Discharge+1","Seek+1","FTL","Steam","Core Surge","Capacitor+1","Biased Cognition+1","Leap","Sweeping Beam","Auto Shields","Core Surge","Machine Learning+1","Echo Form+1","Sweeping Beam","Auto Shields","Hologram+1","Ball Lightning","Glacier","Consume+1","Self Repair+1","Glacier","Steam","Capacitor+1","Rainbow","Cold Snap","Stack+1","Defragment+1","Coolheaded","Coolheaded","Ball Lightning+1","Apotheosis+1","Hologram+1","Heatsinks+1","Cold Snap","Hologram","Force Field"],"special_seed":0,"relics":["Cracked Core","Mango","MawBank","Centennial Puzzle","Bag of Preparation","Frozen Egg 2","Pantograph","Pandora\u0027s Box","Matryoshka","Vajra","Lantern","Art of War","Mercury Hourglass","Bird Faced Urn","Cursed Key","Bronze Scales","Happy Flower","PreservedInsect","Girya","Oddly Smooth Stone"],"potions_floor_usage":[51,54,56],"damage_taken":[{"damage":7.0,"enemies":"Jaw Worm","floor":1.0,"turns":4.0},{"damage":9.0,"enemies":"2 Louse","floor":2.0,"turns":3.0},{"damage":1.0,"enemies":"Cultist","floor":5.0,"turns":3.0},{"damage":25.0,"enemies":"Lagavulin","floor":7.0,"turns":6.0},{"damage":25.0,"enemies":"3 Sentries","floor":11.0,"turns":6.0},{"damage":8.0,"enemies":"Exordium Wildlife","floor":12.0,"turns":4.0},{"damage":6.0,"enemies":"Looter","floor":13.0,"turns":3.0},{"damage":30.0,"enemies":"Slime Boss","floor":16.0,"turns":6.0},{"damage":13.0,"enemies":"2 Thieves","floor":18.0,"turns":3.0},{"damage":3.0,"enemies":"3 Byrds","floor":19.0,"turns":3.0},{"damage":10.0,"enemies":"Book of Stabbing","floor":23.0,"turns":3.0},{"damage":7.0,"enemies":"Gremlin Leader","floor":25.0,"turns":6.0},{"damage":0.0,"enemies":"Cultist and Chosen","floor":27.0,"turns":5.0},{"damage":8.0,"enemies":"Slavers","floor":28.0,"turns":4.0},{"damage":11.0,"enemies":"Shelled Parasite and Fungi","floor":29.0,"turns":7.0},{"damage":3.0,"enemies":"Snecko","floor":31.0,"turns":5.0},{"damage":0.0,"enemies":"Collector","floor":33.0,"turns":9.0},{"damage":0.0,"enemies":"3 Darklings","floor":35.0,"turns":6.0},{"damage":0.0,"enemies":"Orb Walker","floor":36.0,"turns":3.0},{"damage":10.0,"enemies":"Transient","floor":39.0,"turns":6.0},{"damage":23.0,"enemies":"Reptomancer","floor":40.0,"turns":7.0},{"damage":0.0,"enemies":"Giant Head","floor":42.0,"turns":10.0},{"damage":2,"enemies":"Writhing Mass","floor":44,"turns":7},{"damage":11,"enemies":"Mind Bloom Boss Battle","floor":45,"turns":6},{"damage":27,"enemies":"4 Shapes","floor":48,"turns":3},{"damage":24,"enemies":"Time Eater","floor":50,"turns":10},{"damage":0,"enemies":"Donu and Deca","floor":51,"turns":11},{"damage":39,"enemies":"Shield and Spear","floor":55,"turns":8},{"damage":37,"enemies":"The Heart","floor":56,"turns":10}],"seed_played":"3713580099851226602","potions_obtained":[{"floor":1.0,"key":"FearPotion"},{"floor":11.0,"key":"Strength Potion"},{"floor":18.0,"key":"GamblersBrew"},{"floor":19.0,"key":"SkillPotion"},{"floor":25.0,"key":"AttackPotion"},{"floor":31.0,"key":"Energy Potion"},{"floor":42.0,"key":"Block Potion"},{"floor":44,"key":"Regen Potion"},{"floor":48,"key":"Energy Potion"}],"is_trial":false,"path_per_floor":["M","M","?","?","M","R","E","T","T","R","E","M","M","$","R","B",null,"M","M","?","?","?","E","R","E","T","M","E","M","$","M","R","B",null,"M","M","?","$","M","E","R","E","T","M","?","?","R","M","R","B","B",null,"R","$","E","B",null],"character_chosen":"DEFECT","items_purchased":["Capacitor+1","Pantograph","Capacitor+1","Defragment+1","Fruit Juice","Energy Potion","Heatsinks+1","Cold Snap","Hologram"],"campfire_rested":1,"item_purchase_floors":[14,14,30,38,54,54,54,54,54],"current_hp_per_floor":[71,62,62,51,50,50,25,25,25,50,25,17,11,11,11,6,65,52,49,49,49,49,39,39,32,32,32,34,59,59,85,85,85,85,85,85,85,85,85,85,85,85,85,85,85,75,75,76,76,81,85,85,85,90,90,61],"gold":95,"neow_bonus":"ONE_RARE_RELIC","is_prod":false,"is_daily":false,"chose_seed":false,"campfire_upgraded":5,"win_rate":0,"timestamp":1563884040,"path_taken":["M","M","?","?","M","R","E","?","T","R","E","?","M","$","R","BOSS","M","M","?","?","?","E","R","E","T","M","E","M","$","M","R","BOSS","M","M","?","$","M","E","R","E","T","?","?","?","R","M","R","BOSS","BOSS","R","$","E","BOSS"],"build_version":"2019-07-17","purchased_purges":1,"victory":true,"max_hp_per_floor":[85,85,85,85,85,85,85,85,85,85,85,85,85,85,85,85,85,85,85,85,85,85,85,85,85,85,85,85,85,85,85,85,85,85,85,85,85,85,85,85,85,85,85,85,85,85,85,85,85,85,85,85,85,90,90,90],"card_choices":[{"not_picked":["Hologram","Go for the Eyes"],"picked":"Defragment","floor":1.0},{"not_picked":["Chill","Tempest"],"picked":"Gash","floor":2.0},{"not_picked":["Stack","Leap"],"picked":"Static Discharge","floor":5.0},{"not_picked":["Sunder","Coolheaded"],"picked":"Seek","floor":7.0},{"not_picked":["Steam Power","Sweeping Beam"],"picked":"FTL","floor":11.0},{"not_picked":["Streamline","Hello World+1"],"picked":"Steam","floor":12.0},{"not_picked":["Steam Power","Rip and Tear"],"picked":"Core Surge","floor":13.0},{"not_picked":["Core Surge","Echo Form+1"],"picked":"Biased Cognition+1","floor":16.0},{"not_picked":["Rebound+1","Leap"],"picked":"Hologram+1","floor":18.0},{"not_picked":["Scrape","Steam"],"picked":"Ball Lightning","floor":19.0},{"not_picked":["Turbo","Go for the Eyes"],"picked":"Glacier","floor":23.0},{"not_picked":["White Noise","Hologram"],"picked":"Consume","floor":25.0},{"not_picked":["Coolheaded","FTL"],"picked":"Self Repair+1","floor":27.0},{"not_picked":["Cold Snap","Beam Cell"],"picked":"Glacier","floor":28.0},{"not_picked":["Steam","Consume","Doom and Gloom"],"picked":"SKIP","floor":29.0},{"not_picked":["Consume","Doom and Gloom"],"picked":"Steam","floor":29.0},{"not_picked":["Fusion","Redo","Conserve Battery"],"picked":"SKIP","floor":31.0},{"not_picked":["Hyperbeam","Buffer+1"],"picked":"Rainbow","floor":33.0},{"not_picked":["Turbo","Stack"],"picked":"Cold Snap","floor":35.0},{"not_picked":["Lockon","Redo"],"picked":"Stack+1","floor":36.0},{"not_picked":["Cold Snap","Redo"],"picked":"Coolheaded","floor":39.0},{"not_picked":["Sweeping Beam","Tempest+1"],"picked":"Coolheaded","floor":40.0},{"not_picked":["Scrape+1","Reprogram","Static Discharge+1"],"picked":"SKIP","floor":42.0},{"not_picked":["Turbo","FTL"],"picked":"Ball Lightning+1","floor":44},{"not_picked":["Enlightenment","The Bomb"],"picked":"Apotheosis","floor":46},{"not_picked":["Stack","Gash"],"picked":"Hologram+1","floor":48},{"not_picked":["Meteor Strike","Chill"],"picked":"Force Field","floor":55}],"player_experience":909638,"relics_obtained":[{"floor":7.0,"key":"MawBank"},{"floor":8.0,"key":"Centennial Puzzle"},{"floor":9.0,"key":"Bag of Preparation"},{"floor":11.0,"key":"Frozen Egg 2"},{"floor":23.0,"key":"Vajra"},{"floor":25.0,"key":"Lantern"},{"floor":26.0,"key":"Art of War"},{"floor":26.0,"key":"Mercury Hourglass"},{"floor":28.0,"key":"Bird Faced Urn"},{"floor":40.0,"key":"Bronze Scales"},{"floor":42.0,"key":"Happy Flower"},{"floor":43.0,"key":"PreservedInsect"},{"floor":45,"key":"Girya"},{"floor":55,"key":"Oddly Smooth Stone"}],"event_choices":[{"damage_healed":0.0,"max_hp_gain":0.0,"max_hp_loss":0.0,"gold_gain":0.0,"event_name":"Living Wall","player_choice":"Grow","floor":3.0,"gold_loss":0.0,"damage_taken":0.0,"cards_upgraded":["Defragment"]},{"damage_healed":0.0,"max_hp_gain":0.0,"max_hp_loss":0.0,"gold_gain":75.0,"event_name":"World of Goop","player_choice":"Gather Gold","floor":4.0,"gold_loss":0.0,"damage_taken":11.0},{"damage_healed":0.0,"max_hp_gain":0.0,"max_hp_loss":0.0,"gold_gain":0.0,"event_name":"Vampires","player_choice":"Ignored","floor":20.0,"gold_loss":0.0,"damage_taken":0.0},{"damage_healed":0.0,"max_hp_gain":0.0,"max_hp_loss":0.0,"gold_gain":0.0,"event_name":"Addict","player_choice":"Obtained Relic","floor":21.0,"gold_loss":85.0,"damage_taken":0.0,"relics_obtained":["Matryoshka"]},{"damage_healed":0.0,"max_hp_gain":0.0,"max_hp_loss":0.0,"gold_gain":50.0,"event_name":"Nest","player_choice":"Stole From Cult","floor":22.0,"gold_loss":0.0,"damage_taken":0.0},{"damage_healed":0.0,"max_hp_gain":0.0,"max_hp_loss":0.0,"gold_gain":0.0,"event_name":"Lab","player_choice":"Got Potions","floor":37.0,"gold_loss":0.0,"damage_taken":0.0},{"damage_healed":0,"gold_gain":0,"player_choice":"Fight","damage_taken":0,"max_hp_gain":0,"max_hp_loss":0,"event_name":"MindBloom","floor":45,"gold_loss":0},{"damage_healed":0,"gold_gain":0,"player_choice":"Memory 3","damage_taken":10,"max_hp_gain":0,"max_hp_loss":0,"event_name":"SensoryStone","floor":46,"gold_loss":0}],"is_beta":false,"boss_relics":[{"not_picked":["Orrery","Ectoplasm"],"picked":"Pandora\u0027s Box"},{"not_picked":["Runic Dome","Busted Crown"],"picked":"Cursed Key"}],"items_purged_floors":[54],"is_endless":false,"potions_floor_spawned":[1,11,13,18,19,25,31,33,39,42,44,45,48],"ascension_level":20}