{"gold_per_floor":[121,144,156,180,203,215,252,339,351,363,375,398,444,456,468,557,569,595,623,635,647,671,717,729,776,836,848,860,902,925,955,967,979],"floor_reached":33,"playtime":933,"items_purged":[],"score":655,"play_id":"3c7fb959-7151-407e-8583-1d51d260afd9","local_time":"20190803222044","is_ascension_mode":true,"campfire_choices":[{"floor":6.0,"key":"REST"},{"floor":10.0,"key":"REST"},{"data":"Defragment","floor":15.0,"key":"SMITH"},{"floor":24.0,"key":"REST"},{"floor":27.0,"key":"REST"},{"data":"Defragment","floor":32.0,"key":"SMITH"}],"neow_cost":"NONE","seed_source_timestamp":35838126205321,"circlet_count":0,"master_deck":["AscendersBane","Defend_B","Defend_B","Defend_B","Defend_B","Zap","Dualcast","Coolheaded","Ball Lightning","Darkness","Defragment+1","Ball Lightning+1","Steam","Electrodynamics","Leap","Defragment+1","Bite+1","Bite","Bite","Bite","Bite","Defragment+1","Biased Cognition","Hologram","Clumsy","Hologram","Auto Shields"],"special_seed":0,"relics":["Cracked Core","MawBank","Centennial Puzzle","Letter Opener","Mummified Hand","Cursed Key","Anchor","Juzu Bracelet","Art of War","Whetstone","Incense Burner"],"potions_floor_usage":[33],"damage_taken":[{"damage":0.0,"enemies":"Cultist","floor":1.0,"turns":4.0},{"damage":7.0,"enemies":"Small Slimes","floor":2.0,"turns":5.0},{"damage":1.0,"enemies":"2 Louse","floor":4.0,"turns":2.0},{"damage":18.0,"enemies":"Lots of Slimes","floor":5.0,"turns":4.0},{"damage":14.0,"enemies":"Lagavulin","floor":7.0,"turns":7.0},{"damage":4.0,"enemies":"Blue Slaver","floor":12.0,"turns":3.0},{"damage":11.0,"enemies":"3 Sentries","floor":13.0,"turns":6.0},{"damage":6.0,"enemies":"Slime Boss","floor":16.0,"turns":9.0},{"damage":16.0,"enemies":"2 Thieves","floor":18.0,"turns":2.0},{"damage":8.0,"enemies":"Chosen","floor":19.0,"turns":4.0},{"damage":22.0,"enemies":"Snecko","floor":22.0,"turns":4.0},{"damage":31.0,"enemies":"Gremlin Leader","floor":23.0,"turns":6.0},{"damage":23.0,"enemies":"Slavers","floor":25.0,"turns":4.0},{"damage":17.0,"enemies":"Book of Stabbing","floor":29.0,"turns":5.0},{"damage":7.0,"enemies":"Snake Plant","floor":30.0,"turns":3.0},{"damage":0.0,"enemies":"3 Cultists","floor":31.0,"turns":2.0},{"damage":62,"enemies":"Automaton","floor":33,"turns":6}],"seed_played":"-952442678836155034","potions_obtained":[{"floor":1.0,"key":"SkillPotion"},{"floor":5.0,"key":"LiquidBronze"},{"floor":13.0,"key":"Energy Potion"},{"floor":16.0,"key":"Strength Potion"},{"floor":25.0,"key":"SneckoOil"},{"floor":30.0,"key":"Swift Potion"}],"is_trial":false,"path_per_floor":["M","M","?","M","M","R","E","?","T","R","?","M","E","?","R","B",null,"M","M","?","?","M","E","R","E","T","R","?","E","M","M","R","B"],"character_chosen":"DEFECT","items_purchased":[],"campfire_rested":4,"item_purchase_floors":[],"current_hp_per_floor":[64,57,36,35,17,38,24,13,13,34,71,67,56,49,49,43,64,48,40,40,40,28,15,29,10,10,24,24,23,24,24,24,0],"gold":979,"neow_bonus":"RANDOM_COMMON_RELIC","is_prod":false,"is_daily":false,"chose_seed":false,"campfire_upgraded":2,"win_rate":0,"timestamp":1564863644,"path_taken":["M","?","?","M","M","R","E","?","T","R","?","?","E","?","R","BOSS","M","M","?","?","M","E","R","E","T","R","?","E","M","M","R","BOSS"],"build_version":"2019-07-18","purchased_purges":0,"victory":false,"max_hp_per_floor":[71,71,71,71,71,71,71,71,71,71,71,71,71,71,71,71,71,71,71,49,49,49,49,49,49,49,49,49,49,49,49,49,49],"card_choices":[{"not_picked":["Heatsinks","Hologram"],"picked":"Coolheaded","floor":1.0},{"not_picked":["Heatsinks","Hologram"],"picked":"Ball Lightning","floor":2.0},{"not_picked":["BootSequence","Cold Snap"],"picked":"Darkness","floor":4.0},{"not_picked":["Gash","Lockon"],"picked":"Chill","floor":5.0},{"not_picked":["Sweeping Beam","Compile Driver"],"picked":"Defragment","floor":7.0},{"not_picked":["Fusion","Blizzard"],"picked":"Ball Lightning","floor":12.0},{"not_picked":["Barrage","Skim"],"picked":"Steam","floor":13.0},{"not_picked":["Machine Learning","Thunder Strike"],"picked":"Electrodynamics","floor":16.0},{"not_picked":["Barrage","Lockon"],"picked":"Leap","floor":18.0},{"not_picked":["Cold Snap","Redo+1"],"picked":"Defragment","floor":19.0},{"not_picked":["Turbo","Conserve Battery"],"picked":"Defragment","floor":22.0},{"not_picked":["Barrage","Gash"],"picked":"Biased Cognition","floor":23.0},{"not_picked":["Recycle","Lockon"],"picked":"Hologram","floor":25.0},{"not_picked":["Beam Cell","White Noise","Stack"],"picked":"SKIP","floor":29.0},{"not_picked":["Rebound","Force Field"],"picked":"Hologram","floor":30.0},{"not_picked":["Ball Lightning","Blizzard"],"picked":"Auto Shields","floor":31.0}],"player_experience":1952488,"relics_obtained":[{"floor":7.0,"key":"Centennial Puzzle"},{"floor":9.0,"key":"Letter Opener"},{"floor":13.0,"key":"Mummified Hand"},{"floor":23.0,"key":"Juzu Bracelet"},{"floor":25.0,"key":"Art of War"},{"floor":26.0,"key":"Whetstone"},{"floor":29.0,"key":"Incense Burner"}],"event_choices":[{"damage_healed":0.0,"max_hp_gain":0.0,"max_hp_loss":0.0,"gold_gain":0.0,"event_name":"Shining Light","player_choice":"Entered Light","floor":3.0,"gold_loss":0.0,"damage_taken":21.0,"cards_upgraded":["Strike_B","Strike_B"]},{"damage_healed":0.0,"max_hp_gain":0.0,"max_hp_loss":0.0,"gold_gain":75.0,"event_name":"World of Goop","player_choice":"Gather Gold","floor":8.0,"gold_loss":0.0,"damage_taken":11.0},{"cards_removed":["Chill"],"damage_healed":37.0,"max_hp_gain":0.0,"max_hp_loss":0.0,"gold_gain":0.0,"event_name":"Bonfire Elementals","player_choice":"Offered Uncommon","floor":11.0,"gold_loss":0.0,"damage_taken":0.0},{"cards_removed":["Strike_B"],"damage_healed":0.0,"max_hp_gain":0.0,"max_hp_loss":0.0,"gold_gain":0.0,"event_name":"Golden Wing","player_choice":"Card Removal","floor":14.0,"gold_loss":0.0,"damage_taken":7.0},{"damage_healed":0.0,"max_hp_gain":0.0,"max_hp_loss":22.0,"gold_gain":0.0,"event_name":"Vampires","player_choice":"Became a vampire","floor":20.0,"gold_loss":0.0,"damage_taken":0.0,"cards_obtained":["Bite","Bite","Bite","Bite","Bite"]},{"damage_healed":0.0,"max_hp_gain":0.0,"max_hp_loss":0.0,"gold_gain":0.0,"event_name":"WeMeetAgain","player_choice":"Gave Potion","floor":21.0,"gold_loss":0.0,"damage_taken":0.0,"relics_obtained":["Anchor"]},{"damage_healed":0.0,"max_hp_gain":0.0,"max_hp_loss":0.0,"gold_gain":0.0,"event_name":"Upgrade Shrine","player_choice":"Upgraded","floor":28.0,"gold_loss":0.0,"damage_taken":0.0,"cards_upgraded":["Defragment"]}],"is_beta":true,"boss_relics":[{"not_picked":["FrozenCore","Coffee Dripper"],"picked":"Cursed Key"}],"items_purged_floors":[],"is_endless":false,"potions_floor_spawned":[1,5,13,16,18,25,30],"killed_by":"Automaton","ascension_level":20}