{"gold_per_floor":[119,119,44,62,62,92,103,103,103,103,129,129,142,142,142,142],"floor_reached":16,"playtime":454,"items_purged":["Defend_B"],"score":133,"play_id":"8295eaa9-027f-4ef6-983a-3b5d4d74a672","local_time":"20190702220900","is_ascension_mode":false,"campfire_choices":[{"data":"Dualcast","floor":8,"key":"SMITH"},{"data":"Multi-Cast","floor":10,"key":"SMITH"},{"data":"Hologram","floor":12,"key":"SMITH"},{"data":"Zap","floor":15,"key":"SMITH"}],"neow_cost":"NONE","seed_source_timestamp":8651698236556,"circlet_count":0,"master_deck":["Strike_B","Strike_B","Strike_B","Strike_B","Defend_B","Defend_B","Zap+1","Dualcast+1","Auto Shields","Leap","Multi-Cast+1","Hologram+1","Capacitor","Consume"],"relics":["Cracked Core","NeowsBlessing","Ginger","Mummified Hand","PreservedInsect"],"potions_floor_usage":[16,16],"damage_taken":[{"damage":0,"enemies":"Jaw Worm","floor":1,"turns":1},{"damage":0,"enemies":"Small Slimes","floor":4,"turns":1},{"damage":0,"enemies":"Gremlin Nob","floor":6,"turns":1},{"damage":0,"enemies":"Cultist","floor":7,"turns":3},{"damage":25,"enemies":"3 Sentries","floor":11,"turns":11},{"damage":0,"enemies":"3 Louse","floor":13,"turns":4},{"damage":26,"enemies":"The Guardian","floor":16,"turns":7}],"seed_played":"425470322455648611","potions_obtained":[{"floor":1,"key":"SmokeBomb"},{"floor":6,"key":"Weak Potion"},{"floor":11,"key":"SkillPotion"}],"is_trial":false,"path_per_floor":["M","?","$","M","?","E","M","R","T","R","E","R","M","?","R","B"],"character_chosen":"DEFECT","items_purchased":[],"campfire_rested":0,"item_purchase_floors":[],"current_hp_per_floor":[75,50,50,50,50,50,50,50,50,50,25,25,25,25,25,0],"gold":142,"neow_bonus":"THREE_ENEMY_KILL","is_prod":false,"is_daily":false,"chose_seed":false,"campfire_upgraded":4,"win_rate":0,"timestamp":1562072940,"path_taken":["M","?","$","M","?","E","M","R","T","R","E","R","?","?","R","BOSS"],"build_version":"2019-07-01","purchased_purges":1,"victory":false,"max_hp_per_floor":[75,75,75,75,75,75,75,75,75,75,75,75,75,75,75,75],"card_choices":[{"not_picked":["Hologram","Sweeping Beam"],"picked":"Auto Shields","floor":1},{"not_picked":["Darkness","Skim"],"picked":"Leap","floor":4},{"not_picked":["Go for the Eyes","Hologram"],"picked":"Multi-Cast","floor":6},{"not_picked":["Blizzard","Leap"],"picked":"Hologram","floor":7},{"not_picked":["Rebound","Streamline"],"picked":"Capacitor","floor":11},{"not_picked":["Go for the Eyes","Compile Driver"],"picked":"Consume","floor":13}],"player_experience":146570,"relics_obtained":[{"floor":6,"key":"Mummified Hand"},{"floor":11,"key":"PreservedInsect"}],"event_choices":[{"damage_healed":0,"gold_gain":0,"player_choice":"Success","damage_taken":25,"relics_obtained":["Ginger"],"max_hp_gain":0,"max_hp_loss":0,"event_name":"Scrap Ooze","floor":2,"gold_loss":0},{"cards_removed":["Defend_B"],"damage_healed":0,"gold_gain":0,"player_choice":"Purged","damage_taken":0,"max_hp_gain":0,"max_hp_loss":0,"event_name":"Purifier","floor":5,"gold_loss":0},{"damage_healed":0,"gold_gain":0,"player_choice":"Bought 0 Potions","damage_taken":0,"max_hp_gain":0,"max_hp_loss":0,"event_name":"The Woman in Blue","floor":14,"gold_loss":0}],"is_beta":false,"boss_relics":[],"items_purged_floors":[3],"is_endless":false,"potions_floor_spawned":[1,6,11,13],"killed_by":"The Guardian","ascension_level":0}