{"gold_per_floor":[114,39,58,74,74,74,87,103,103,134,134,134,134,159,159,159],"floor_reached":16,"playtime":600,"items_purged":["Strike_B"],"score":160,"play_id":"0a7a71ce-933f-4e41-8683-426b45afe4d4","local_time":"20190801131430","is_ascension_mode":true,"campfire_choices":[{"floor":6,"key":"REST"},{"data":"Scrape","floor":12,"key":"SMITH"},{"data":"Skim","floor":15,"key":"SMITH"}],"neow_cost":"NONE","seed_source_timestamp":208074201554308,"circlet_count":0,"master_deck":["Strike_B","Defend_B","Defend_B","Zap+1","Dualcast+1","Gash","BootSequence","Skim+1","Scrape+1","Gash","Seek","Conserve Battery","Go for the Eyes"],"relics":["Empty Cage","Matryoshka","Symbiotic Virus","Vajra"],"potions_floor_usage":[16],"damage_taken":[{"damage":0,"enemies":"Cultist","floor":1,"turns":4},{"damage":8,"enemies":"Jaw Worm","floor":3,"turns":4},{"damage":0,"enemies":"2 Louse","floor":4,"turns":2},{"damage":0,"enemies":"2 Fungi Beasts","floor":7,"turns":4},{"damage":0,"enemies":"Gremlin Gang","floor":8,"turns":4},{"damage":10,"enemies":"Lagavulin","floor":10,"turns":6},{"damage":7,"enemies":"Gremlin Nob","floor":14,"turns":3},{"damage":54,"enemies":"Slime Boss","floor":16,"turns":6}],"seed_played":"-4653816107984905708","potions_obtained":[{"floor":1,"key":"Ancient Potion"},{"floor":8,"key":"FearPotion"},{"floor":14,"key":"FocusPotion"}],"is_trial":false,"path_per_floor":["M","$","M","M","?","R","M","M","T","E","?","R","?","E","R","B"],"character_chosen":"DEFECT","items_purchased":[],"campfire_rested":1,"item_purchase_floors":[],"current_hp_per_floor":[68,68,60,60,45,67,67,67,67,57,57,57,57,50,50,0],"gold":159,"neow_bonus":"BOSS_RELIC","is_prod":false,"is_daily":false,"chose_seed":false,"campfire_upgraded":2,"win_rate":0,"timestamp":1564632870,"path_taken":["M","$","?","M","?","R","M","M","T","E","?","R","?","E","R","BOSS"],"build_version":"2019-07-17","purchased_purges":1,"victory":false,"max_hp_per_floor":[75,75,75,75,75,75,75,75,75,75,75,75,75,75,75,75],"card_choices":[{"not_picked":["Sunder","Go for the Eyes"],"picked":"Gash","floor":1},{"not_picked":["Melter","White Noise"],"picked":"BootSequence","floor":3},{"not_picked":["Coolheaded","Leap"],"picked":"Skim","floor":4},{"not_picked":["BootSequence","White Noise"],"picked":"Scrape","floor":7},{"not_picked":["Coolheaded","Beam Cell"],"picked":"Gash","floor":8},{"not_picked":["Consume","Double Energy"],"picked":"Seek","floor":10},{"not_picked":["Ball Lightning","Coolheaded"],"picked":"Go for the Eyes","floor":14}],"player_experience":181334,"relics_obtained":[{"floor":9,"key":"Matryoshka"},{"floor":10,"key":"Symbiotic Virus"},{"floor":14,"key":"Vajra"}],"event_choices":[{"damage_healed":0,"gold_gain":0,"player_choice":"Entered Light","damage_taken":15,"max_hp_gain":0,"max_hp_loss":0,"event_name":"Shining Light","floor":5,"gold_loss":0,"cards_upgraded":["Dualcast","Zap"]},{"cards_removed":["Defend_B"],"damage_healed":0,"gold_gain":0,"player_choice":"Forget","damage_taken":0,"max_hp_gain":0,"max_hp_loss":0,"event_name":"Living Wall","floor":11,"gold_loss":0},{"damage_healed":0,"gold_gain":0,"cards_transformed":["Defend_B"],"player_choice":"Transformed","damage_taken":0,"max_hp_gain":0,"max_hp_loss":0,"event_name":"Transmorgrifier","floor":13,"gold_loss":0,"cards_obtained":["Conserve Battery"]}],"is_beta":false,"boss_relics":[],"items_purged_floors":[2],"is_endless":false,"potions_floor_spawned":[1,8,14],"killed_by":"Slime Boss","ascension_level":9}