{"gold_per_floor":[110,110,122,122,2,2,58,58,107,127,127,139,151,31,31,135,135,145,244,256,270,280,280],"floor_reached":23,"playtime":1033,"items_purged":["Strike_B"],"score":218,"play_id":"c1441472-09b3-43e4-a72d-0279d7e4550c","local_time":"20190702190753","is_ascension_mode":false,"campfire_choices":[{"data":"Defragment","floor":6,"key":"SMITH"},{"data":"Go for the Eyes","floor":11,"key":"SMITH"},{"data":"Dualcast","floor":15,"key":"SMITH"}],"neow_cost":"NONE","seed_source_timestamp":50346363096217,"circlet_count":0,"master_deck":["Strike_B","Strike_B","Strike_B","Defend_B","Defend_B","Defend_B","Zap","Dualcast+1","Cold Snap","Defragment+1","Coolheaded","Go for the Eyes+1","Steam+1","Conserve Battery+1","Double Energy+1","Capacitor","Buffer","Go for the Eyes+1","Conserve Battery+1","Hologram+1"],"relics":["Cracked Core","NeowsBlessing","Meat on the Bone","Tiny Chest","Toxic Egg 2","Smiling Mask","Lizard Tail"],"potions_floor_usage":[12,23,23],"damage_taken":[{"damage":0,"enemies":"2 Louse","floor":1,"turns":1},{"damage":0,"enemies":"Cultist","floor":3,"turns":1},{"damage":0,"enemies":"3 Sentries","floor":7,"turns":1},{"damage":1,"enemies":"Jaw Worm","floor":10,"turns":3},{"damage":27,"enemies":"Gremlin Gang","floor":12,"turns":6},{"damage":6,"enemies":"Exordium Thugs","floor":13,"turns":6},{"damage":2,"enemies":"Hexaghost","floor":16,"turns":13},{"damage":11,"enemies":"Spheric Guardian","floor":18,"turns":6},{"damage":7,"enemies":"3 Byrds","floor":20,"turns":6},{"damage":11,"enemies":"Snecko","floor":21,"turns":7},{"damage":4,"enemies":"Snake Plant","floor":22,"turns":7},{"damage":34,"enemies":"Gremlin Leader","floor":23,"turns":4}],"seed_played":"-3162928964795567748","potions_obtained":[{"floor":7,"key":"EssenceOfSteel"},{"floor":12,"key":"Regen Potion"},{"floor":16,"key":"Dexterity Potion"},{"floor":21,"key":"SkillPotion"}],"is_trial":false,"path_per_floor":["M","?","M","?","$","R","E","T","T","M","R","M","M","$","R","B",null,"M","?","M","M","M","E"],"character_chosen":"DEFECT","items_purchased":["Defragment","Coolheaded","Capacitor"],"campfire_rested":0,"item_purchase_floors":[5,5,14],"current_hp_per_floor":[75,75,75,75,75,75,75,75,75,74,74,47,41,41,41,39,75,64,64,57,46,42,17],"gold":280,"neow_bonus":"THREE_ENEMY_KILL","is_prod":false,"is_daily":false,"chose_seed":false,"campfire_upgraded":3,"win_rate":0,"timestamp":1562062073,"path_taken":["M","?","?","?","$","R","E","?","T","M","R","M","?","?","R","BOSS","M","?","M","M","M","E"],"build_version":"2019-07-01","purchased_purges":1,"victory":false,"max_hp_per_floor":[75,75,75,75,75,75,75,75,75,75,75,75,75,75,75,75,75,75,75,75,75,75,75],"card_choices":[{"not_picked":["Ball Lightning","Gash"],"picked":"Barrage","floor":1},{"not_picked":["Rebound","Skim"],"picked":"Cold Snap","floor":3},{"not_picked":["Cold Snap","Sunder"],"picked":"Go for the Eyes","floor":7},{"not_picked":["Reprogram+1","Leap+1"],"picked":"Steam+1","floor":10},{"not_picked":["Barrage","Sweeping Beam"],"picked":"Conserve Battery+1","floor":12},{"not_picked":["Genetic Algorithm+1","FTL"],"picked":"Double Energy+1","floor":13},{"not_picked":["Fission+1","Meteor Strike"],"picked":"Buffer","floor":16},{"not_picked":["Aggregate+1","Recycle+1"],"picked":"Go for the Eyes+1","floor":18},{"not_picked":["Steam Power+1","Undo+1","Stack+1"],"picked":"SKIP","floor":20},{"not_picked":["Sweeping Beam+1","Steam+1"],"picked":"Conserve Battery+1","floor":21},{"not_picked":["Conserve Battery+1","Sunder"],"picked":"Hologram+1","floor":22}],"player_experience":144159,"relics_obtained":[{"floor":7,"key":"Tiny Chest"},{"floor":8,"key":"Toxic Egg 2"},{"floor":9,"key":"Smiling Mask"}],"event_choices":[{"cards_removed":["Barrage"],"damage_healed":0,"gold_gain":0,"player_choice":"Gave Card","damage_taken":0,"relics_obtained":["Meat on the Bone"],"max_hp_gain":0,"max_hp_loss":0,"event_name":"WeMeetAgain","floor":2,"gold_loss":0},{"cards_removed":["Defend_B"],"damage_healed":0,"gold_gain":0,"player_choice":"Forget","damage_taken":0,"max_hp_gain":0,"max_hp_loss":0,"event_name":"Living Wall","floor":4,"gold_loss":0},{"damage_healed":0,"gold_gain":99,"player_choice":"Stole From Cult","damage_taken":0,"max_hp_gain":0,"max_hp_loss":0,"event_name":"Nest","floor":19,"gold_loss":0}],"is_beta":false,"boss_relics":[{"not_picked":["Orrery","White Beast Statue"],"picked":"Lizard Tail"}],"items_purged_floors":[14],"is_endless":false,"potions_floor_spawned":[7,12,16,21],"killed_by":"Gremlin Leader","ascension_level":0}