{"gold_per_floor":[114,214,224,243,86,86,121,121,147,179,209,284,296,307,307,410,410,421,201,213,213],"floor_reached":21,"playtime":607,"items_purged":["Defend_B","Strike_B"],"score":198,"play_id":"ee46b1ab-adfb-4eb1-b4ec-661f310016d6","local_time":"20190808154937","is_ascension_mode":true,"campfire_choices":[{"data":"Hyperbeam","floor":6.0,"key":"SMITH"},{"data":"Hyperbeam","floor":8,"key":"SMITH"},{"data":"Defragment","floor":15,"key":"SMITH"}],"neow_cost":"NONE","seed_source_timestamp":84466113169077,"circlet_count":0,"master_deck":["Strike_B","Strike_B","Strike_B","Defend_B","Defend_B","Defend_B","Zap","Dualcast","Hologram","Hologram","Coolheaded","Hyperbeam+1","Hyperbeam+1","Electrodynamics","Barrage","Defragment+1","Biased Cognition","Barrage","Self Repair","Go for the Eyes","Conserve Battery"],"special_seed":0,"relics":["Inserter"],"potions_floor_usage":[10,16,21,21,21],"damage_taken":[{"damage":2.0,"enemies":"Small Slimes","floor":1.0,"turns":3.0},{"damage":1.0,"enemies":"Cultist","floor":3.0,"turns":4.0},{"damage":0.0,"enemies":"2 Louse","floor":4.0,"turns":2.0},{"damage":4.0,"enemies":"3 Sentries","floor":7.0,"turns":3.0},{"damage":6,"enemies":"Gremlin Nob","floor":10,"turns":3},{"damage":0,"enemies":"2 Fungi Beasts","floor":13,"turns":1},{"damage":15,"enemies":"Large Slime","floor":14,"turns":3},{"damage":12,"enemies":"Hexaghost","floor":16,"turns":9},{"damage":21,"enemies":"Shell Parasite","floor":18,"turns":4},{"damage":29,"enemies":"Spheric Guardian","floor":20,"turns":5},{"damage":34,"enemies":"Snake Plant","floor":21,"turns":4}],"seed_played":"7570332080764360857","potions_obtained":[{"floor":1.0,"key":"Block Potion"},{"floor":4.0,"key":"SteroidPotion"},{"floor":7,"key":"Swift Potion"},{"floor":13,"key":"AttackPotion"},{"floor":20,"key":"Poison Potion"}],"is_trial":false,"path_per_floor":["M","?","M","M","$","R","E","R","T","E","?","?","M","M","R","B",null,"M","$","M","M"],"character_chosen":"DEFECT","items_purchased":["Hyperbeam","Self Repair","Go for the Eyes"],"campfire_rested":0,"item_purchase_floors":[5,19,19],"current_hp_per_floor":[73,73,72,72,72,72,68,68,68,62,62,51,51,36,36,24,75,54,54,32,0],"gold":213,"neow_bonus":"BOSS_RELIC","is_prod":false,"is_daily":false,"chose_seed":false,"campfire_upgraded":3,"win_rate":0,"timestamp":1565246977,"path_taken":["M","?","?","M","$","R","E","R","T","E","?","?","M","M","R","BOSS","M","$","M","M"],"build_version":"2019-07-17","purchased_purges":2,"victory":false,"max_hp_per_floor":[75,75,75,75,75,75,75,75,75,75,75,75,75,75,75,75,75,75,75,75,75],"card_choices":[{"not_picked":["Rip and Tear","Compile Driver"],"picked":"Hologram","floor":1.0},{"not_picked":["Turbo","Compile Driver"],"picked":"Hologram","floor":3.0},{"not_picked":["Conserve Battery","Steam Power"],"picked":"Coolheaded","floor":4.0},{"not_picked":["Storm","Hello World"],"picked":"Hyperbeam","floor":7},{"not_picked":["Cold Snap","Ball Lightning"],"picked":"Electrodynamics","floor":10},{"not_picked":["Sweeping Beam","Fusion"],"picked":"Barrage","floor":13},{"not_picked":["Gash","Scrape"],"picked":"Defragment","floor":14},{"not_picked":["Core Surge","Thunder Strike"],"picked":"Biased Cognition","floor":16},{"not_picked":["Streamline","Aggregate"],"picked":"Barrage","floor":18},{"not_picked":["Darkness+1","Redo"],"picked":"Conserve Battery","floor":20}],"player_experience":305057,"relics_obtained":[],"event_choices":[{"damage_healed":0.0,"max_hp_gain":0.0,"max_hp_loss":0.0,"gold_gain":100.0,"event_name":"Golden Shrine","player_choice":"Pray","floor":2.0,"gold_loss":0.0,"damage_taken":0.0},{"damage_healed":0,"gold_gain":30,"player_choice":"Searched \u00272\u0027 times","damage_taken":0,"max_hp_gain":0,"max_hp_loss":0,"event_name":"Dead Adventurer","floor":11,"gold_loss":0},{"damage_healed":0,"gold_gain":75,"player_choice":"Gather Gold","damage_taken":11,"max_hp_gain":0,"max_hp_loss":0,"event_name":"World of Goop","floor":12,"gold_loss":0}],"is_beta":false,"boss_relics":[{"not_picked":["Cursed Key","Coffee Dripper","Lizard Tail"]}],"items_purged_floors":[5,19],"is_endless":false,"potions_floor_spawned":[1,4,7,13,20],"killed_by":"Snake Plant","ascension_level":1}