{"gold_per_floor":[119,137,212,177,41,69,69,98,125,125,145,178,178,195,195,271,271,282,39,58,58,75,105,119,119,119,169,180,215,215,233,233,311,311,329,346,346,363,380,380,391,410,434,459,89,105,105,117,117,117,117,117,117,17,49,49],"floor_reached":56,"playtime":7749,"items_purged":["Strike_G","Strike_G"],"score":2007,"play_id":"f9f027cb-a549-4bf9-bf03-3e34014761da","local_time":"20190803062631","is_ascension_mode":true,"campfire_choices":[{"floor":10.0,"key":"REST"},{"data":"Neutralize","floor":13.0,"key":"SMITH"},{"data":"A Thousand Cuts","floor":15.0,"key":"SMITH"},{"floor":25.0,"key":"REST"},{"floor":32.0,"key":"REST"},{"floor":40.0,"key":"RECALL"},{"floor":47.0,"key":"REST"},{"floor":49,"key":"REST"},{"floor":53,"key":"REST"}],"neow_cost":"TEN_PERCENT_HP_LOSS","seed_source_timestamp":0,"circlet_count":0,"master_deck":["AscendersBane","Strike_G","Defend_G","Defend_G","Defend_G","Defend_G","Defend_G","Survivor","Neutralize+1","Noxious Fumes+1","Dash","Quick Slash+1","Backstab+1","Deflect","A Thousand Cuts+1","Poisoned Stab","Malaise","Noxious Fumes","Well Laid Plans","Catalyst","Deadly Poison","Expertise","Leg Sweep","Tools of the Trade","Acrobatics+1","Backflip","After Image+1","Leg Sweep","Dodge and Roll","Dash","Backflip+1","Deflect+1","Acrobatics+1","Crippling Poison","Well Laid Plans+1","Deadly Poison"],"special_seed":0,"relics":["Ring of the Snake","Gambling Chip","Regal Pillow","Vajra","Snake Skull","Strawberry","Philosopher\u0027s Stone","Orichalcum","Frozen Egg 2","Blue Candle","Fusion Hammer","PreservedInsect","Chemical X","Whetstone"],"potions_floor_usage":[],"damage_taken":[{"damage":0.0,"enemies":"2 Louse","floor":1.0,"turns":2.0},{"damage":3.0,"enemies":"Jaw Worm","floor":2.0,"turns":6.0},{"damage":28.0,"enemies":"Lagavulin","floor":6.0,"turns":7.0},{"damage":16.0,"enemies":"Gremlin Nob","floor":8.0,"turns":4.0},{"damage":0.0,"enemies":"Small Slimes","floor":11.0,"turns":3.0},{"damage":15.0,"enemies":"3 Sentries","floor":12.0,"turns":7.0},{"damage":0.0,"enemies":"Red Slaver","floor":14.0,"turns":4.0},{"damage":12.0,"enemies":"The Guardian","floor":16.0,"turns":11.0},{"damage":8.0,"enemies":"2 Thieves","floor":18.0,"turns":4.0},{"damage":3.0,"enemies":"3 Byrds","floor":20.0,"turns":4.0},{"damage":8.0,"enemies":"Snake Plant","floor":22.0,"turns":4.0},{"damage":19.0,"enemies":"Slavers","floor":23.0,"turns":4.0},{"damage":12.0,"enemies":"Sentry and Sphere","floor":24.0,"turns":5.0},{"damage":8.0,"enemies":"Centurion and Healer","floor":28.0,"turns":6.0},{"damage":29.0,"enemies":"Book of Stabbing","floor":29.0,"turns":5.0},{"damage":3.0,"enemies":"Snake Plant","floor":31.0,"turns":5.0},{"damage":27.0,"enemies":"Collector","floor":33.0,"turns":6.0},{"damage":0.0,"enemies":"3 Shapes","floor":35.0,"turns":7.0},{"damage":0.0,"enemies":"Orb Walker","floor":36.0,"turns":3.0},{"damage":4.0,"enemies":"4 Shapes","floor":38.0,"turns":5.0},{"damage":15.0,"enemies":"Transient","floor":39.0,"turns":6.0},{"damage":2.0,"enemies":"Jaw Worm Horde","floor":41.0,"turns":4.0},{"damage":25.0,"enemies":"3 Darklings","floor":42.0,"turns":4.0},{"damage":20.0,"enemies":"Reptomancer","floor":44.0,"turns":7.0},{"damage":1.0,"enemies":"Writhing Mass","floor":46.0,"turns":6.0},{"damage":6,"enemies":"Transient","floor":48,"turns":6},{"damage":12,"enemies":"Donu and Deca","floor":50,"turns":12},{"damage":0,"enemies":"Time Eater","floor":51,"turns":10},{"damage":38,"enemies":"Shield and Spear","floor":55,"turns":8},{"damage":62,"enemies":"The Heart","floor":56,"turns":2}],"seed_played":"-2914507805327313670","potions_obtained":[{"floor":1.0,"key":"Poison Potion"},{"floor":6.0,"key":"Energy Potion"},{"floor":16.0,"key":"Energy Potion"},{"floor":22.0,"key":"PowerPotion"},{"floor":23.0,"key":"PowerPotion"},{"floor":24.0,"key":"SkillPotion"},{"floor":33.0,"key":"Weak Potion"},{"floor":36.0,"key":"PowerPotion"},{"floor":39.0,"key":"Dexterity Potion"},{"floor":48,"key":"Fire Potion"},{"floor":55,"key":"SteroidPotion"}],"is_trial":false,"path_per_floor":["M","M","?","?","$","E","?","E","T","R","M","E","R","M","R","B",null,"M","$","M","?","M","E","M","R","T","?","M","E","?","M","R","B",null,"M","M","?","M","M","R","M","M","T","E","$","M","R","M","R","B","B",null,"R","$","E","B"],"character_chosen":"THE_SILENT","items_purchased":["Dash","Quick Slash","Well Laid Plans","Catalyst","Weak Potion","Chemical X","Energy Potion","Crippling Poison"],"campfire_rested":6,"item_purchase_floors":[5,5,19,19,19,45,45,45],"current_hp_per_floor":[59,56,45,60,60,32,32,16,16,49,49,41,41,41,41,29,58,50,50,47,47,39,20,8,43,43,43,35,6,6,3,38,11,53,53,53,77,73,58,58,56,31,31,11,11,10,48,42,77,65,65,74,77,77,39,0],"gold":49,"neow_bonus":"ONE_RARE_RELIC","is_prod":false,"is_daily":false,"chose_seed":false,"campfire_upgraded":2,"win_rate":0,"timestamp":1564838791,"path_taken":["M","M","?","?","$","E","?","E","T","R","M","E","R","M","R","BOSS","M","$","M","?","?","E","M","R","T","?","M","E","?","?","R","BOSS","M","M","?","M","M","R","M","M","T","E","$","M","R","?","R","BOSS","BOSS","R","$","E","BOSS"],"build_version":"2019-07-17","purchased_purges":2,"victory":false,"max_hp_per_floor":[60,60,60,60,60,60,60,60,60,60,60,67,67,67,67,67,67,67,67,67,67,67,67,67,67,67,67,67,67,67,67,67,67,67,67,67,77,77,77,77,77,77,77,77,77,77,77,77,77,77,77,77,77,77,77,77],"card_choices":[{"not_picked":["Setup","Expertise","Outmaneuver"],"picked":"SKIP","floor":1.0},{"not_picked":["Prepared","PiercingWail"],"picked":"Noxious Fumes","floor":2.0},{"not_picked":["Dagger Spray","Poisoned Stab"],"picked":"Backstab","floor":6.0},{"not_picked":["Slice","Prepared"],"picked":"Deflect","floor":8.0},{"not_picked":["Blade Dance","Bane"],"picked":"A Thousand Cuts","floor":11.0},{"not_picked":["Cloak And Dagger","Bane"],"picked":"Poisoned Stab","floor":12.0},{"not_picked":["Caltrops","Slice"],"picked":"Bullet Time","floor":14.0},{"not_picked":["Unload","Die Die Die"],"picked":"Malaise","floor":16.0},{"not_picked":["Flechettes+1","Flying Knee"],"picked":"Noxious Fumes","floor":18.0},{"not_picked":["Outmaneuver","Blade Dance"],"picked":"Deadly Poison","floor":20.0},{"not_picked":["Calculated Gamble","Cloak And Dagger"],"picked":"Leg Sweep","floor":22.0},{"not_picked":["Predator","Setup"],"picked":"Tools of the Trade","floor":23.0},{"not_picked":["Bane","Choke"],"picked":"Acrobatics+1","floor":24.0},{"not_picked":["Poisoned Stab","Quick Slash","Flying Knee"],"picked":"SKIP","floor":28.0},{"not_picked":["Glass Knife","Slice","Outmaneuver+1"],"picked":"SKIP","floor":29.0},{"not_picked":["Deadly Poison","Blade Dance"],"picked":"Backflip","floor":31.0},{"not_picked":["Malaise","A Thousand Cuts+1"],"picked":"After Image+1","floor":33.0},{"not_picked":["Dagger Throw","Caltrops+1"],"picked":"Leg Sweep","floor":35.0},{"not_picked":["Flying Knee","Outmaneuver"],"picked":"Dodge and Roll","floor":36.0},{"not_picked":["Dash","Dagger Throw","Dagger Spray"],"picked":"SKIP","floor":38.0},{"not_picked":["Dagger Throw","Dagger Spray"],"picked":"Dash","floor":38.0},{"not_picked":["Outmaneuver","Glass Knife","Flying Knee"],"picked":"SKIP","floor":39.0},{"not_picked":["Bane","Choke"],"picked":"Backflip+1","floor":41.0},{"not_picked":["Prepared","Grand Finale"],"picked":"Deflect+1","floor":42.0},{"not_picked":["Setup","Infinite Blades+1"],"picked":"Acrobatics+1","floor":44.0},{"not_picked":["Dagger Spray","Poisoned Stab+1","Underhanded Strike"],"picked":"SKIP","floor":46.0},{"not_picked":["Poisoned Stab","Deflect"],"picked":"Well Laid Plans+1","floor":48},{"not_picked":["Dash","Tactician"],"picked":"Deadly Poison","floor":55}],"player_experience":1179826,"relics_obtained":[{"floor":6.0,"key":"Regal Pillow"},{"floor":8.0,"key":"Vajra"},{"floor":9.0,"key":"Snake Skull"},{"floor":12.0,"key":"Strawberry"},{"floor":23.0,"key":"Orichalcum"},{"floor":26.0,"key":"Frozen Egg 2"},{"floor":29.0,"key":"Blue Candle"},{"floor":44.0,"key":"PreservedInsect"},{"floor":55,"key":"Whetstone"}],"event_choices":[{"damage_healed":0.0,"max_hp_gain":0.0,"max_hp_loss":0.0,"gold_gain":75.0,"event_name":"World of Goop","player_choice":"Gather Gold","floor":3.0,"gold_loss":0.0,"damage_taken":11.0},{"damage_healed":15.0,"max_hp_gain":0.0,"max_hp_loss":0.0,"gold_gain":0.0,"event_name":"The Cleric","player_choice":"Healed","floor":4.0,"gold_loss":35.0,"damage_taken":0.0},{"damage_healed":0.0,"max_hp_gain":0.0,"max_hp_loss":0.0,"gold_gain":0.0,"event_name":"Living Wall","player_choice":"Grow","floor":7.0,"gold_loss":0.0,"damage_taken":0.0,"cards_upgraded":["Noxious Fumes"]},{"damage_healed":0.0,"max_hp_gain":0.0,"max_hp_loss":0.0,"gold_gain":0.0,"cards_transformed":["Strike_G"],"event_name":"Transmorgrifier","player_choice":"Transformed","floor":21.0,"gold_loss":0.0,"damage_taken":0.0,"cards_obtained":["Expertise"]},{"damage_healed":0.0,"max_hp_gain":0.0,"max_hp_loss":0.0,"gold_gain":50.0,"event_name":"Nest","player_choice":"Stole From Cult","floor":27.0,"gold_loss":0.0,"damage_taken":0.0},{"cards_removed":["Strike_G"],"damage_healed":0.0,"max_hp_gain":0.0,"max_hp_loss":0.0,"gold_gain":0.0,"event_name":"Wheel of Change","player_choice":"Card Removal","floor":30.0,"gold_loss":0.0,"damage_taken":0.0},{"cards_removed":["Bullet Time"],"damage_healed":14.0,"max_hp_gain":10.0,"max_hp_loss":0.0,"gold_gain":0.0,"event_name":"Bonfire Elementals","player_choice":"Offered Rare","floor":37.0,"gold_loss":0.0,"damage_taken":0.0}],"is_beta":false,"boss_relics":[{"not_picked":["Orrery","Coffee Dripper"],"picked":"Philosopher\u0027s Stone"},{"not_picked":["Tiny House","Velvet Choker"],"picked":"Fusion Hammer"}],"items_purged_floors":[19,54],"is_endless":false,"potions_floor_spawned":[1,6,16,22,23,24,33,36,39,48,55],"killed_by":"The Heart","ascension_level":20}