{"gold_per_floor":[215,226,242,242,86,86,99,163,163,163,163,178,178,189,189,284,334,345,8,19,19,36,36,48,48,101,116,116,128,128,161,161,261,261,273,283,27,27,47,47,77,77,77,96,96,96,106,9,9,9],"floor_reached":51,"playtime":8196,"items_purged":["Strike_G","Bite"],"score":747,"play_id":"43cca45a-89c5-4dfc-89af-76a745b2a3d6","local_time":"20190805002921","is_ascension_mode":true,"campfire_choices":[{"data":"Footwork","floor":6,"key":"SMITH"},{"floor":10,"key":"REST"},{"data":"Backflip","floor":13,"key":"SMITH"},{"floor":15,"key":"REST"},{"data":"Dodge and Roll","floor":25,"key":"SMITH"},{"data":"Bullet Time","floor":28,"key":"SMITH"},{"data":"Adrenaline","floor":30,"key":"SMITH"},{"data":"Calculated Gamble","floor":32,"key":"SMITH"},{"data":"Acrobatics","floor":40,"key":"SMITH"},{"data":"Catalyst","floor":42,"key":"SMITH"},{"data":"Bouncing Flask","floor":45,"key":"SMITH"},{"data":"Acrobatics","floor":46,"key":"SMITH"},{"data":"Envenom","floor":49,"key":"SMITH"}],"neow_cost":"NONE","seed_source_timestamp":281980691753400,"circlet_count":0,"master_deck":["Defend_G","Defend_G","Defend_G","Defend_G","Defend_G","Survivor+1","Neutralize+1","Deadly Poison+1","PiercingWail","Poisoned Stab","Footwork+1","Bullet Time+1","Backflip+1","Acrobatics+1","Backstab","Bouncing Flask+1","Adrenaline+1","Flying Knee","Outmaneuver+1","Panache","Infinite Blades","Acrobatics+1","Bite","Bite","Bite","Bite","Dodge and Roll+1","Escape Plan","Calculated Gamble+1","Envenom+1","Catalyst+1","Leg Sweep+1","Panacea","Well Laid Plans+1","Backflip+1","Slice+1","Corpse Explosion"],"relics":["Ring of the Snake","The Specimen","WingedGreaves","Ninja Scroll","Tiny House","Blood Vial","Anchor","Coffee Dripper","Membership Card","Nunchaku","Smiling Mask"],"potions_floor_usage":[7,22,24,24,33,33,50,50],"damage_taken":[{"damage":2,"enemies":"2 Louse","floor":1,"turns":4},{"damage":0,"enemies":"Small Slimes","floor":2,"turns":4},{"damage":6,"enemies":"Jaw Worm","floor":3,"turns":3},{"damage":0,"enemies":"Large Slime","floor":7,"turns":5},{"damage":27,"enemies":"Gremlin Nob","floor":8,"turns":5},{"damage":0,"enemies":"3 Louse","floor":12,"turns":2},{"damage":0,"enemies":"Exordium Wildlife","floor":14,"turns":4},{"damage":18,"enemies":"Slime Boss","floor":16,"turns":13},{"damage":0,"enemies":"3 Byrds","floor":18,"turns":5},{"damage":0,"enemies":"Chosen","floor":20,"turns":4},{"damage":0,"enemies":"Snake Plant","floor":22,"turns":3},{"damage":6,"enemies":"Snecko","floor":24,"turns":4},{"damage":12,"enemies":"Chosen and Byrds","floor":27,"turns":7},{"damage":28,"enemies":"Snake Plant","floor":29,"turns":4},{"damage":0,"enemies":"Gremlin Leader","floor":31,"turns":7},{"damage":56,"enemies":"Champ","floor":33,"turns":15},{"damage":9,"enemies":"3 Shapes","floor":35,"turns":5},{"damage":0,"enemies":"Orb Walker","floor":36,"turns":3},{"damage":22,"enemies":"Sphere and 2 Shapes","floor":39,"turns":7},{"damage":12,"enemies":"Nemesis","floor":41,"turns":7},{"damage":0,"enemies":"Maw","floor":44,"turns":6},{"damage":0,"enemies":"4 Shapes","floor":47,"turns":5},{"damage":1,"enemies":"Donu and Deca","floor":50,"turns":7}],"seed_played":"-3452245113883125438","potions_obtained":[{"floor":3,"key":"GamblersBrew"},{"floor":8,"key":"AttackPotion"},{"floor":14,"key":"AttackPotion"},{"floor":17,"key":"Fruit Juice"},{"floor":18,"key":"GhostInAJar"},{"floor":27,"key":"Weak Potion"},{"floor":29,"key":"AttackPotion"},{"floor":35,"key":"Energy Potion"},{"floor":47,"key":"PowerPotion"}],"is_trial":false,"path_per_floor":["M","M","M","?","$","R","M","?","T","R","?","M","R","M","R","B",null,"M","$","M","?","M","?","M","R","T","M","R","M","R","E","R","B",null,"M","M","$","?","M","R","E","R","T","M","R","R","M","$","R","B",null],"character_chosen":"THE_SILENT","items_purchased":["Footwork","Bullet Time","Panache","Infinite Blades","Membership Card","Corpse Explosion","Poison Potion"],"campfire_rested":2,"item_purchase_floors":[5,5,19,19,37,48,48],"current_hp_per_floor":[68,68,62,48,48,48,48,21,21,42,39,39,39,39,60,42,75,75,75,75,52,52,52,51,51,51,47,47,25,25,47,47,21,57,52,57,57,57,39,39,35,35,35,47,47,47,57,57,57,57],"gold":9,"neow_bonus":"HUNDRED_GOLD","is_prod":false,"is_daily":false,"chose_seed":false,"campfire_upgraded":11,"win_rate":0,"timestamp":1564932561,"path_taken":["M","M","M","?","$","R","M","?","T","R","?","M","R","M","R","BOSS","M","$","M","?","M","?","M","R","T","M","R","M","R","E","R","BOSS","M","M","$","?","M","R","E","R","T","M","R","R","M","$","R","BOSS"],"build_version":"2019-07-17","purchased_purges":2,"victory":true,"max_hp_per_floor":[70,70,70,70,70,70,70,70,70,70,70,70,70,70,70,70,75,75,75,75,52,52,52,57,57,57,57,57,57,57,57,57,57,57,57,57,57,57,57,57,57,57,57,57,57,57,57,57,57,57],"card_choices":[{"not_picked":["Dagger Throw","Sucker Punch"],"picked":"Deadly Poison","floor":1},{"not_picked":["Deadly Poison","Underhanded Strike"],"picked":"PiercingWail","floor":2},{"not_picked":["Heel Hook","Underhanded Strike"],"picked":"Poisoned Stab","floor":3},{"not_picked":["Underhanded Strike","Well Laid Plans"],"picked":"Backflip","floor":7},{"not_picked":["Dash","Quick Slash"],"picked":"Acrobatics","floor":8},{"not_picked":["Sucker Punch","Backflip"],"picked":"Backstab","floor":12},{"not_picked":["Distraction","Calculated Gamble"],"picked":"Bouncing Flask","floor":14},{"not_picked":["Doppelganger","Tools of the Trade"],"picked":"Adrenaline","floor":16},{"not_picked":["Riddle With Holes","Underhanded Strike"],"picked":"Flying Knee","floor":17},{"not_picked":["Escape Plan","Underhanded Strike"],"picked":"Outmaneuver+1","floor":18},{"not_picked":["Eviscerate","Leg Sweep"],"picked":"Acrobatics","floor":20},{"not_picked":["Dagger Throw","Poisoned Stab+1","Sucker Punch+1"],"picked":"SKIP","floor":22},{"not_picked":["Dagger Throw","Poisoned Stab+1","Sucker Punch+1"],"picked":"SKIP","floor":22},{"not_picked":["Dagger Throw","Poisoned Stab+1","Sucker Punch+1"],"picked":"SKIP","floor":22},{"not_picked":["Acrobatics+1","Die Die Die"],"picked":"Dodge and Roll","floor":24},{"not_picked":["Choke","Dodge and Roll"],"picked":"Escape Plan","floor":27},{"not_picked":["Sucker Punch","Slice","Distraction"],"picked":"SKIP","floor":29},{"not_picked":["Dagger Throw+1","Dodge and Roll"],"picked":"Calculated Gamble","floor":31},{"not_picked":["A Thousand Cuts","Phantasmal Killer"],"picked":"Envenom","floor":33},{"not_picked":["Deadly Poison+1","Flying Knee+1"],"picked":"Catalyst","floor":35},{"not_picked":["Sucker Punch+1","Outmaneuver"],"picked":"Leg Sweep+1","floor":36},{"not_picked":["Blind","Forethought"],"picked":"Panacea","floor":38},{"not_picked":["Dagger Spray+1","Heel Hook+1","Dagger Throw"],"picked":"SKIP","floor":39},{"not_picked":["Quick Slash+1","Sucker Punch"],"picked":"Well Laid Plans+1","floor":41},{"not_picked":["Quick Slash+1","Flechettes"],"picked":"Backflip+1","floor":44},{"not_picked":["Calculated Gamble+1","Backflip"],"picked":"Slice+1","floor":47}],"player_experience":132034,"relics_obtained":[{"floor":8,"key":"The Specimen"},{"floor":9,"key":"WingedGreaves"},{"floor":26,"key":"Blood Vial"},{"floor":31,"key":"Anchor"},{"floor":41,"key":"Nunchaku"},{"floor":43,"key":"Smiling Mask"}],"event_choices":[{"damage_healed":0,"gold_gain":0,"player_choice":"Entered Light","damage_taken":14,"max_hp_gain":0,"max_hp_loss":0,"event_name":"Shining Light","floor":4,"gold_loss":0,"cards_upgraded":["Survivor","Neutralize"]},{"damage_healed":0,"gold_gain":0,"player_choice":"Searched \u00271\u0027 times","damage_taken":0,"max_hp_gain":0,"max_hp_loss":0,"event_name":"Dead Adventurer","floor":8,"gold_loss":0},{"damage_healed":0,"gold_gain":0,"player_choice":"Success","damage_taken":3,"relics_obtained":["Ninja Scroll"],"max_hp_gain":0,"max_hp_loss":0,"event_name":"Scrap Ooze","floor":11,"gold_loss":0},{"damage_healed":0,"gold_gain":0,"player_choice":"Became a vampire","damage_taken":0,"max_hp_gain":0,"max_hp_loss":23,"event_name":"Vampires","floor":21,"gold_loss":0,"cards_obtained":["Bite","Bite","Bite","Bite","Bite"]},{"damage_healed":0,"gold_gain":0,"player_choice":"Ignored","damage_taken":0,"max_hp_gain":0,"max_hp_loss":0,"event_name":"Ghosts","floor":23,"gold_loss":0},{"damage_healed":0,"gold_gain":0,"player_choice":"Memory 1","damage_taken":0,"max_hp_gain":0,"max_hp_loss":0,"event_name":"SensoryStone","floor":38,"gold_loss":0}],"is_beta":false,"boss_relics":[{"not_picked":["Black Star","Philosopher\u0027s Stone"],"picked":"Tiny House"},{"not_picked":["Fusion Hammer","Runic Dome"],"picked":"Coffee Dripper"}],"items_purged_floors":[19,37],"is_endless":false,"potions_floor_spawned":[3,8,14,18,27,29,35,47],"ascension_level":1}