{"gold_per_floor":[209,58,0,19,19,49,49,49,49,49,61,61,74,108,108,108],"floor_reached":16,"playtime":613,"items_purged":[],"score":119,"play_id":"73d7bec4-87ab-420f-9724-bae58a1305de","local_time":"20190629013459","is_ascension_mode":true,"campfire_choices":[{"data":"Defragment","floor":7,"key":"SMITH"},{"floor":12,"key":"REST"},{"floor":15,"key":"REST"}],"neow_cost":"NONE","seed_source_timestamp":0,"circlet_count":0,"master_deck":["Strike_B","Strike_B","Strike_B","Defend_B","Defend_B","Defend_B+1","Defend_B","Zap","Dualcast","Gash","Amplify","Loop+1","Defragment+1","Loop","Go for the Eyes"],"special_seed":0,"relics":["Cracked Core","Ancient Tea Set","Question Card","Dead Branch"],"potions_floor_usage":[11,14,16,16],"damage_taken":[{"damage":9,"enemies":"Jaw Worm","floor":1,"turns":4},{"damage":1,"enemies":"Cultist","floor":4,"turns":3},{"damage":41,"enemies":"Lagavulin","floor":6,"turns":7},{"damage":0,"enemies":"2 Louse","floor":11,"turns":2},{"damage":1,"enemies":"Looter","floor":13,"turns":2},{"damage":18,"enemies":"3 Sentries","floor":14,"turns":6},{"damage":35,"enemies":"The Guardian","floor":16,"turns":6}],"seed_played":"-1918034871143429828","potions_obtained":[{"floor":6,"key":"EntropicBrew"}],"is_trial":false,"path_per_floor":["M","$","?","M","$","E","R","?","T","?","M","R","M","E","R","B"],"character_chosen":"DEFECT","items_purchased":["Amplify"],"campfire_rested":2,"item_purchase_floors":[2],"current_hp_per_floor":[66,66,66,65,65,24,24,9,9,9,9,31,30,12,34,0],"gold":108,"neow_bonus":"HUNDRED_GOLD","is_prod":false,"is_daily":false,"chose_seed":false,"campfire_upgraded":1,"win_rate":0,"timestamp":1561739699,"path_taken":["M","$","?","M","?","E","R","?","T","?","M","R","?","E","R","BOSS"],"build_version":"2019-01-23","purchased_purges":0,"victory":false,"max_hp_per_floor":[75,75,75,75,75,75,75,75,75,75,75,75,75,75,75,75],"card_choices":[{"not_picked":["Streamline","Steam"],"picked":"Gash","floor":1},{"not_picked":["Steam","Hologram"],"picked":"Loop","floor":4},{"not_picked":["Coolheaded","Compile Driver"],"picked":"Defragment","floor":6},{"not_picked":["Rebound","Hello World","Gash","Glacier"],"picked":"SKIP","floor":11},{"not_picked":["Hologram","Sunder","Chill"],"picked":"Loop","floor":13},{"not_picked":["Meteor Strike","Turbo","Darkness"],"picked":"Go for the Eyes","floor":14}],"player_experience":66229,"relics_obtained":[{"floor":6,"key":"Question Card"},{"floor":14,"key":"Dead Branch"}],"event_choices":[{"damage_healed":0,"gold_gain":0,"player_choice":"Paid Gold","damage_taken":0,"relics_obtained":["Ancient Tea Set"],"max_hp_gain":0,"max_hp_loss":0,"event_name":"WeMeetAgain","floor":3,"gold_loss":58},{"damage_healed":0,"gold_gain":0,"player_choice":"Entered Light","damage_taken":15,"max_hp_gain":0,"max_hp_loss":0,"event_name":"Shining Light","floor":8,"gold_loss":0,"cards_upgraded":["Loop","Defend_B"]},{"cards_removed":["Strike_B"],"damage_healed":0,"gold_gain":0,"player_choice":"Forget","damage_taken":0,"max_hp_gain":0,"max_hp_loss":0,"event_name":"Living Wall","floor":10,"gold_loss":0}],"is_beta":false,"boss_relics":[],"items_purged_floors":[],"is_endless":false,"potions_floor_spawned":[6,13],"killed_by":"The Guardian","ascension_level":2}