{"gold_per_floor":[114,130,130,141,205,205,275,275,298,329,366,388,325,350,350,446,446,465,480,455,505,569,569,580,435,435,449,449,476,487,487],"floor_reached":31,"playtime":4365,"items_purged":["Defend_G","Defend_G"],"score":271,"play_id":"4532b8c1-ebf2-4b9b-af45-b1dcf16617e3","local_time":"20190717232437","is_ascension_mode":false,"campfire_choices":[{"data":"Backflip","floor":6,"key":"SMITH"},{"data":"Well Laid Plans","floor":8,"key":"SMITH"},{"floor":15,"key":"REST"},{"data":"Footwork","floor":23,"key":"SMITH"},{"floor":28,"key":"REST"}],"neow_cost":"NONE","seed_source_timestamp":9182512239247,"circlet_count":0,"master_deck":["Strike_G","Strike_G","Strike_G","Strike_G","Defend_G","Defend_G","Survivor","Neutralize","Skewer","Dash","Well Laid Plans+1","Backflip+1","Sucker Punch","Acrobatics","Terror","Die Die Die","Footwork+1","Escape Plan+1","Outmaneuver","Backflip"],"relics":["Ring of the Serpent","SsserpentHead","MawBank","Vajra","Ancient Tea Set","Tingsha","Darkstone Periapt"],"potions_floor_usage":[18,19,24],"damage_taken":[{"damage":0,"enemies":"Small Slimes","floor":1,"turns":3},{"damage":0,"enemies":"Cultist","floor":2,"turns":3},{"damage":0,"enemies":"Jaw Worm","floor":4,"turns":4},{"damage":4,"enemies":"3 Louse","floor":5,"turns":4},{"damage":1,"enemies":"Red Slaver","floor":7,"turns":5},{"damage":0,"enemies":"Looter","floor":10,"turns":3},{"damage":18,"enemies":"Lagavulin","floor":11,"turns":10},{"damage":4,"enemies":"Gremlin Gang","floor":12,"turns":5},{"damage":15,"enemies":"3 Sentries","floor":14,"turns":8},{"damage":19,"enemies":"The Guardian","floor":16,"turns":8},{"damage":3,"enemies":"2 Thieves","floor":18,"turns":4},{"damage":1,"enemies":"Spheric Guardian","floor":19,"turns":8},{"damage":19,"enemies":"Snake Plant","floor":22,"turns":5},{"damage":14,"enemies":"Snecko","floor":24,"turns":4},{"damage":5,"enemies":"Shelled Parasite and Fungi","floor":27,"turns":6},{"damage":26,"enemies":"Slavers","floor":29,"turns":6},{"damage":0,"enemies":"Cultist and Chosen","floor":30,"turns":7},{"damage":46,"enemies":"Gremlin Leader","floor":31,"turns":4}],"seed_played":"-6974819868415708915","potions_obtained":[{"floor":1,"key":"Block Potion"},{"floor":4,"key":"Weak Potion"},{"floor":11,"key":"SpeedPotion"},{"floor":18,"key":"Block Potion"},{"floor":21,"key":"Regen Potion"},{"floor":21,"key":"FairyPotion"},{"floor":24,"key":"Poison Potion"}],"is_trial":false,"path_per_floor":["M","M","?","M","M","R","M","R","T","M","E","M","$","E","R","B",null,"M","M","?","?","M","R","M","$","T","M","R","E","M","E"],"character_chosen":"THE_SILENT","items_purchased":["Backflip"],"campfire_rested":2,"item_purchase_floors":[25],"current_hp_per_floor":[70,70,70,70,66,66,65,65,65,65,47,43,43,28,49,30,70,67,66,66,66,47,47,42,42,42,37,58,32,32,0],"gold":487,"neow_bonus":"TRANSFORM_CARD","is_prod":false,"is_daily":false,"chose_seed":false,"campfire_upgraded":3,"win_rate":0.0,"timestamp":1563431077,"path_taken":["M","M","?","M","?","R","?","R","T","M","E","M","$","E","R","BOSS","M","M","?","?","?","R","M","$","T","M","R","E","M","E"],"build_version":"2019-07-05","purchased_purges":2,"victory":false,"max_hp_per_floor":[70,70,70,70,70,70,70,70,70,70,70,70,70,70,70,70,70,70,70,70,70,70,70,70,70,70,70,70,70,70,70],"card_choices":[{"not_picked":["All Out Attack","Deadly Poison"],"picked":"Dash","floor":1},{"not_picked":["PiercingWail","Blur"],"picked":"Well Laid Plans","floor":2},{"not_picked":["Bouncing Flask","Dagger Throw"],"picked":"Backflip","floor":4},{"not_picked":["Dagger Throw","Tactician"],"picked":"Sucker Punch","floor":5},{"not_picked":["PiercingWail","Distraction"],"picked":"Acrobatics","floor":7},{"not_picked":["A Thousand Cuts","Underhanded Strike","Poisoned Stab"],"picked":"SKIP","floor":10},{"not_picked":["PiercingWail","Reflex"],"picked":"Terror","floor":11},{"not_picked":["Sucker Punch","Phantasmal Killer","Underhanded Strike"],"picked":"SKIP","floor":12},{"not_picked":["Dagger Throw","Dodge and Roll","Deadly Poison"],"picked":"SKIP","floor":14},{"not_picked":["A Thousand Cuts","Bullet Time"],"picked":"Die Die Die","floor":16},{"not_picked":["Underhanded Strike","PiercingWail"],"picked":"Footwork","floor":18},{"not_picked":["Riddle With Holes","Dagger Spray"],"picked":"Escape Plan+1","floor":19},{"not_picked":["Flying Knee","Acrobatics","Leg Sweep"],"picked":"SKIP","floor":22},{"not_picked":["Distraction+1","Flechettes"],"picked":"Outmaneuver","floor":24},{"not_picked":["Deadly Poison","Dash","Blade Dance"],"picked":"SKIP","floor":27},{"not_picked":["Riddle With Holes+1","Poisoned Stab","Deadly Poison"],"picked":"SKIP","floor":29},{"not_picked":["Prepared","Blade Dance+1","Infinite Blades"],"picked":"SKIP","floor":30}],"player_experience":15818,"relics_obtained":[{"floor":9,"key":"MawBank"},{"floor":11,"key":"Vajra"},{"floor":14,"key":"Ancient Tea Set"},{"floor":26,"key":"Tingsha"},{"floor":29,"key":"Darkstone Periapt"}],"event_choices":[{"damage_healed":0,"gold_gain":0,"player_choice":"Trade","damage_taken":0,"relics_obtained":["SsserpentHead"],"max_hp_gain":0,"max_hp_loss":0,"event_name":"FaceTrader","floor":3,"gold_loss":0},{"cards_removed":["Defend_G"],"damage_healed":0,"gold_gain":0,"player_choice":"Gave Gold","damage_taken":0,"max_hp_gain":0,"max_hp_loss":0,"event_name":"Beggar","floor":20,"gold_loss":75},{"damage_healed":0,"gold_gain":0,"player_choice":"Got Potions","damage_taken":0,"max_hp_gain":0,"max_hp_loss":0,"event_name":"Lab","floor":21,"gold_loss":0}],"is_beta":false,"boss_relics":[{"not_picked":["Orrery","Snecko Eye"],"picked":"Ring of the Serpent"}],"items_purged_floors":[13,25],"is_endless":false,"potions_floor_spawned":[1,4,11,12,14,18,24,29],"killed_by":"Gremlin Leader","ascension_level":0}