{"gold_per_floor":[110,124,135,145,65,97,62,62,62,62,77,102,121,141,141,215,215,230,250,28,78,92,123,123,151,151,175,200,212,236,259,271,355,367,397,409,1420,961,961,961,973,1000,1024,298,315,347,360,360],"floor_reached":48,"playtime":6867,"items_purged":["Wild Strike"],"score":1267,"play_id":"d36cd090-a5d8-4eec-b702-9ed4665739f8","local_time":"20190727120117","is_ascension_mode":true,"campfire_choices":[{"data":"Flame Barrier","floor":10.0,"key":"SMITH"},{"floor":15.0,"key":"REST"},{"floor":24.0,"key":"REST"},{"floor":29.0,"key":"REST"},{"floor":32,"key":"REST"},{"floor":40,"key":"RECALL"}],"neow_cost":"NONE","seed_source_timestamp":644438591018492,"circlet_count":0,"master_deck":["AscendersBane","Bash","Headbutt","Flame Barrier+1","Pommel Strike","Cleave","Combust","Reaper","Shrug It Off","Thunderclap","Spot Weakness","Immolate","Juggernaut","Reaper","Bludgeon","Headbutt","Reckless Charge","Berserk","Fiend Fire","Body Slam","Feel No Pain","Burning Pact","True Grit+1","Burning Pact+1","Havoc","Armaments","Regret","Inflame","Burning Pact","Exhume","Shrug It Off","Barricade","Doubt","Parasite","Shame","Pummel","Writhe","Normality","Normality","Intimidate","Uppercut","Dark Shackles","Dark Shackles","Flash of Steel","Disarm","Shockwave","Decay","Apotheosis","Ghostly Armor","Headbutt","Ghostly Armor+1"],"special_seed":0,"relics":["Cursed Key","Ancient Tea Set","Bottled Lightning","Pandora\u0027s Box","War Paint","Du-Vu Doll","MawBank","Calling Bell","Juzu Bracelet","Letter Opener","Champion Belt","Strawberry","Bronze Scales","Dream Catcher","Frozen Eye","Centennial Puzzle","Potion Belt"],"potions_floor_usage":[30],"damage_taken":[{"damage":11.0,"enemies":"Small Slimes","floor":1.0,"turns":4.0},{"damage":2.0,"enemies":"Jaw Worm","floor":2.0,"turns":3.0},{"damage":8.0,"enemies":"2 Louse","floor":3.0,"turns":3.0},{"damage":14.0,"enemies":"Lots of Slimes","floor":4.0,"turns":5.0},{"damage":19.0,"enemies":"3 Sentries","floor":6.0,"turns":7.0},{"damage":6.0,"enemies":"Blue Slaver","floor":11.0,"turns":3.0},{"damage":28.0,"enemies":"Gremlin Nob","floor":12.0,"turns":4.0},{"damage":0.0,"enemies":"Looter","floor":13.0,"turns":3.0},{"damage":0.0,"enemies":"3 Louse","floor":14.0,"turns":2.0},{"damage":28.0,"enemies":"The Guardian","floor":16.0,"turns":10.0},{"damage":17.0,"enemies":"2 Thieves","floor":18.0,"turns":3.0},{"damage":0.0,"enemies":"3 Byrds","floor":19.0,"turns":1.0},{"damage":36.0,"enemies":"3 Cultists","floor":22.0,"turns":4.0},{"damage":33.0,"enemies":"Gremlin Leader","floor":23.0,"turns":4.0},{"damage":18.0,"enemies":"Slavers","floor":25.0,"turns":4.0},{"damage":9.0,"enemies":"Snake Plant","floor":27.0,"turns":4.0},{"damage":20.0,"enemies":"Snecko","floor":28.0,"turns":4.0},{"damage":13,"enemies":"Sentry and Sphere","floor":30,"turns":4},{"damage":33,"enemies":"Centurion and Healer","floor":31,"turns":6},{"damage":69,"enemies":"Automaton","floor":33,"turns":9},{"damage":17,"enemies":"Orb Walker","floor":35,"turns":4},{"damage":32,"enemies":"3 Shapes","floor":41,"turns":8},{"damage":24,"enemies":"Reptomancer","floor":42,"turns":6},{"damage":13,"enemies":"Writhing Mass","floor":45,"turns":4},{"damage":47,"enemies":"Nemesis","floor":46,"turns":7},{"damage":46,"enemies":"3 Darklings","floor":47,"turns":4},{"damage":43,"enemies":"Giant Head","floor":48,"turns":5}],"seed_played":"-1927940021932219135","potions_obtained":[{"floor":2.0,"key":"EssenceOfSteel"},{"floor":3.0,"key":"Weak Potion"},{"floor":12.0,"key":"SkillPotion"},{"floor":19.0,"key":"SpeedPotion"},{"floor":23.0,"key":"Block Potion"},{"floor":25.0,"key":"Strength Potion"},{"floor":31,"key":"SpeedPotion"},{"floor":33,"key":"Ancient Potion"},{"floor":35,"key":"Block Potion"},{"floor":46,"key":"Dexterity Potion"}],"is_trial":false,"path_per_floor":["M","M","M","M","$","E","?","?","T","R","M","E","M","M","R","B",null,"M","M","$","?","M","E","R","E","T","M","M","R","M","M","R","B",null,"M","?","?","$","?","R","M","E","T","$","M","E","M","E"],"character_chosen":"IRONCLAD","items_purchased":["Combust","True Grit","Burning Pact","FearPotion","Strawberry","Bronze Scales","Intimidate","Uppercut","Apotheosis","Ghostly Armor","Frozen Eye","Headbutt","Energy Potion","Centennial Puzzle"],"campfire_rested":4,"item_purchase_floors":[5,20,20,20,38,38,38,38,44,44,44,44,44,44],"current_hp_per_floor":[57,55,47,33,33,14,32,32,32,32,29,5,5,5,27,5,58,55,61,61,54,39,6,28,27,27,28,28,50,54,21,43,6,58,65,75,75,82,72,72,68,81,81,81,82,51,5,0],"gold":360,"neow_bonus":"BOSS_RELIC","is_prod":false,"is_daily":false,"chose_seed":false,"campfire_upgraded":1,"win_rate":0,"timestamp":1564218077,"path_taken":["M","M","M","M","$","E","?","?","T","R","M","E","M","M","R","BOSS","M","M","$","?","?","E","R","E","T","M","M","R","M","M","R","BOSS","M","?","?","$","?","R","M","E","T","$","M","E","M","E"],"build_version":"2019-07-17","purchased_purges":1,"victory":false,"max_hp_per_floor":[75,75,75,75,75,75,75,75,75,75,75,75,75,75,75,75,75,75,75,75,75,75,75,75,75,75,75,75,75,75,75,75,75,75,75,75,75,82,82,82,82,82,82,82,82,82,82,82],"card_choices":[{"not_picked":["Armaments","Warcry"],"picked":"Headbutt","floor":1.0},{"not_picked":["Heavy Blade","Headbutt"],"picked":"Flame Barrier","floor":2.0},{"not_picked":["Armaments","Perfected Strike"],"picked":"Pommel Strike","floor":3.0},{"not_picked":["Sword Boomerang","Clash"],"picked":"Cleave","floor":4.0},{"not_picked":["Iron Wave","Dropkick"],"picked":"Reaper","floor":6.0},{"not_picked":["Clash","Entrench"],"picked":"Shrug It Off","floor":11.0},{"not_picked":["Wild Strike","Sentinel"],"picked":"Thunderclap","floor":12.0},{"not_picked":["Headbutt","Dark Embrace"],"picked":"Spot Weakness","floor":13.0},{"not_picked":["Rampage","Cleave","Twin Strike"],"picked":"SKIP","floor":14.0},{"not_picked":["Fiend Fire","Juggernaut"],"picked":"Immolate","floor":16.0},{"not_picked":["Second Wind","Sword Boomerang"],"picked":"Feel No Pain","floor":18.0},{"not_picked":["Blood for Blood","Combust"],"picked":"Burning Pact","floor":19.0},{"not_picked":["Cleave","Reckless Charge","Heavy Blade"],"picked":"SKIP","floor":22.0},{"not_picked":["Pommel Strike","Rampage"],"picked":"Havoc","floor":23.0},{"not_picked":["Inflame","Juggernaut"],"picked":"Armaments","floor":25.0},{"not_picked":["Body Slam","Perfected Strike"],"picked":"Inflame","floor":27.0},{"not_picked":["Body Slam","Clash"],"picked":"Burning Pact","floor":28.0},{"not_picked":["Armaments","Sword Boomerang+1"],"picked":"Exhume","floor":30},{"not_picked":["Uppercut","Carnage+1"],"picked":"Shrug It Off","floor":31},{"not_picked":["Brutality","Bludgeon"],"picked":"Barricade","floor":33},{"not_picked":["Shrug It Off","Rupture"],"picked":"Pummel","floor":35},{"not_picked":["Enlightenment","Impatience"],"picked":"Dark Shackles","floor":39},{"not_picked":["Finesse","Jack Of All Trades"],"picked":"Dark Shackles","floor":39},{"not_picked":["Dramatic Entrance","Good Instincts"],"picked":"Flash of Steel","floor":39},{"not_picked":["Pommel Strike","Intimidate"],"picked":"Disarm","floor":41},{"not_picked":["Iron Wave","Bloodletting"],"picked":"Shockwave","floor":42},{"not_picked":["Clash","Inflame","Warcry"],"picked":"SKIP","floor":45},{"not_picked":["Uppercut","Anger"],"picked":"Ghostly Armor+1","floor":46},{"not_picked":["Clash","Rampage","Rage+1"],"picked":"SKIP","floor":47}],"player_experience":1019508,"relics_obtained":[{"floor":6.0,"key":"Ancient Tea Set"},{"floor":12.0,"key":"Bottled Lightning"},{"floor":23.0,"key":"War Paint"},{"floor":25.0,"key":"Du-Vu Doll"},{"floor":26.0,"key":"MawBank"},{"floor":34,"key":"Juzu Bracelet"},{"floor":34,"key":"Letter Opener"},{"floor":34,"key":"Champion Belt"},{"floor":42,"key":"Dream Catcher"},{"floor":46,"key":"Potion Belt"}],"event_choices":[{"damage_healed":18.0,"max_hp_gain":0.0,"max_hp_loss":0.0,"gold_gain":0.0,"event_name":"The Cleric","player_choice":"Healed","floor":7.0,"gold_loss":35.0,"damage_taken":0.0},{"damage_healed":0.0,"max_hp_gain":0.0,"max_hp_loss":0.0,"gold_gain":0.0,"event_name":"Liars Game","player_choice":"Ignored","floor":8.0,"gold_loss":0.0,"damage_taken":0.0},{"damage_healed":0.0,"max_hp_gain":0.0,"max_hp_loss":0.0,"gold_gain":50.0,"event_name":"FaceTrader","player_choice":"Touch","floor":21.0,"gold_loss":0.0,"damage_taken":7.0},{"damage_healed":15,"gold_gain":0,"player_choice":"Writhe","damage_taken":0,"max_hp_gain":0,"max_hp_loss":0,"event_name":"Winding Halls","floor":36,"gold_loss":0,"cards_obtained":["Writhe"]},{"damage_healed":0,"gold_gain":999,"player_choice":"Gold","damage_taken":0,"max_hp_gain":0,"max_hp_loss":0,"event_name":"MindBloom","floor":37,"gold_loss":0,"cards_obtained":["Normality","Normality"]},{"damage_healed":0,"gold_gain":0,"player_choice":"Memory 3","damage_taken":10,"max_hp_gain":0,"max_hp_loss":0,"event_name":"SensoryStone","floor":39,"gold_loss":0}],"is_beta":false,"boss_relics":[{"not_picked":["Runic Dome","White Beast Statue"],"picked":"Pandora\u0027s Box"},{"not_picked":["Empty Cage","Coffee Dripper"],"picked":"Calling Bell"}],"items_purged_floors":[20],"is_endless":false,"potions_floor_spawned":[2,3,12,13,19,23,25,31,33,35,41,46],"killed_by":"Giant Head","ascension_level":20}