{"gold_per_floor":[111,186,200,200,375,390,390,241,241,261,55,55,55,68,68,165,165,150,161,161,8,8,8,22,22,22,22,22,22,39,39,39,139,139,153,153,163,177,277,309,309,51,51,69,69,69,69,80,80,80],"floor_reached":51,"playtime":1563,"items_purged":["Doubt","Strike_G","Strike_G+1"],"score":815,"play_id":"d0b48f09-16c4-4c50-a738-3390c3eb1470","local_time":"20190807051221","is_ascension_mode":false,"campfire_choices":[{"data":"Deadly Poison","floor":7.0,"key":"SMITH"},{"data":"Acrobatics","floor":12.0,"key":"SMITH"},{"data":"Noxious Fumes","floor":15.0,"key":"SMITH"},{"data":"Well Laid Plans","floor":23.0,"key":"SMITH"},{"data":"Concentrate","floor":25.0,"key":"SMITH"},{"data":"Acrobatics","floor":29.0,"key":"SMITH"},{"data":"Footwork","floor":32.0,"key":"SMITH"},{"data":"Impatience","floor":45,"key":"SMITH"},{"data":"Prepared","floor":47,"key":"SMITH"},{"data":"Grand Finale","floor":49,"key":"SMITH"}],"neow_cost":"NONE","seed_source_timestamp":59792164573911,"circlet_count":0,"master_deck":["Defend_G+1","Defend_G","Defend_G","Defend_G","Defend_G","Survivor","Neutralize","Deadly Poison+1","Noxious Fumes+1","Acrobatics+1","Footwork+1","After Image","Acrobatics+1","Well Laid Plans+1","Accuracy","Footwork","Grand Finale+1","Concentrate+1","Ghostly","Ghostly","Ghostly","Ghostly","Ghostly","Adrenaline+1","Impatience+1","Prepared+1"],"special_seed":0,"relics":["Ring of the Snake"],"potions_floor_usage":[40,50,50],"damage_taken":[{"damage":5.0,"enemies":"Small Slimes","floor":1.0,"turns":3.0},{"damage":0.0,"enemies":"Jaw Worm","floor":3.0,"turns":6.0},{"damage":0.0,"enemies":"2 Louse","floor":6.0,"turns":2.0},{"damage":4.0,"enemies":"Looter","floor":10.0,"turns":3.0},{"damage":3.0,"enemies":"3 Louse","floor":14.0,"turns":4.0},{"damage":40.0,"enemies":"Hexaghost","floor":16.0,"turns":8.0},{"damage":18.0,"enemies":"2 Thieves","floor":18.0,"turns":5.0},{"damage":5.0,"enemies":"Spheric Guardian","floor":19.0,"turns":5.0},{"damage":12.0,"enemies":"Shelled Parasite and Fungi","floor":24.0,"turns":6.0},{"damage":0.0,"enemies":"Centurion and Healer","floor":27.0,"turns":1.0},{"damage":5.0,"enemies":"Snake Plant","floor":30.0,"turns":5.0},{"damage":0.0,"enemies":"Champ","floor":33.0,"turns":10.0},{"damage":9.0,"enemies":"Orb Walker","floor":35.0,"turns":9.0},{"damage":1.0,"enemies":"3 Darklings","floor":37.0,"turns":5.0},{"damage":0.0,"enemies":"Maw","floor":38.0,"turns":7.0},{"damage":0.0,"enemies":"Mind Bloom Boss Battle","floor":39.0,"turns":8.0},{"damage":4,"enemies":"Giant Head","floor":40,"turns":9},{"damage":1,"enemies":"Sphere and 2 Shapes","floor":44,"turns":4},{"damage":0,"enemies":"3 Darklings","floor":48,"turns":4},{"damage":0,"enemies":"Donu and Deca","floor":50,"turns":5}],"seed_played":"5364875691199637132","potions_obtained":[{"floor":6.0,"key":"Weak Potion"},{"floor":14.0,"key":"Regen Potion"},{"floor":24.0,"key":"SmokeBomb"},{"floor":30.0,"key":"Regen Potion"},{"floor":33.0,"key":"SteroidPotion"},{"floor":35.0,"key":"SkillPotion"},{"floor":38.0,"key":"Strength Potion"},{"floor":40,"key":"Energy Potion"}],"is_trial":false,"path_per_floor":["M","?","M","?","?","M","R","$","T","M","$","R","?","M","R","B",null,"M","M","?","$","?","R","M","R","T","M","$","R","M","?","R","B",null,"M","?","M","M","?","E","?","$","T","M","R","?","R","M","R","B",null],"character_chosen":"THE_SILENT","items_purchased":["Noxious Fumes","Acrobatics","Footwork","Grand Finale","Impatience","Prepared"],"campfire_rested":0,"item_purchase_floors":[8,11,11,21,42,42],"current_hp_per_floor":[72,61,61,46,46,46,46,46,46,42,42,42,39,36,36,11,77,59,54,54,54,54,54,42,42,42,42,42,42,37,37,37,37,38,29,29,38,38,38,34,34,34,34,33,33,33,33,33,33,33],"gold":80,"neow_bonus":"TEN_PERCENT_HP_BONUS","is_prod":false,"is_daily":false,"chose_seed":false,"campfire_upgraded":10,"win_rate":0,"timestamp":1565122341,"path_taken":["M","?","M","?","?","M","R","$","T","M","$","R","?","M","R","BOSS","M","M","?","$","?","R","M","R","T","M","$","R","M","?","R","BOSS","M","?","M","?","?","E","?","$","T","M","R","?","R","M","R","BOSS"],"build_version":"2019-07-17","purchased_purges":3,"victory":true,"max_hp_per_floor":[77,77,77,77,77,77,77,77,77,77,77,77,77,77,77,77,77,77,77,77,77,77,77,77,77,77,77,77,77,77,38,38,38,38,38,38,38,38,38,38,38,38,38,38,38,38,38,38,38,38],"card_choices":[{"not_picked":["Cloak And Dagger","Outmaneuver","Riddle With Holes"],"picked":"SKIP","floor":1.0},{"not_picked":["Dash","Deflect","Expertise"],"picked":"SKIP","floor":3.0},{"not_picked":["Backstab","Finisher"],"picked":"Deadly Poison","floor":6.0},{"not_picked":["Slice","Setup","Dagger Throw"],"picked":"SKIP","floor":10.0},{"not_picked":["Finisher","Accuracy","Endless Agony"],"picked":"SKIP","floor":14.0},{"not_picked":["Unload","Venomology"],"picked":"After Image","floor":16.0},{"not_picked":["Underhanded Strike","Setup+1"],"picked":"Acrobatics","floor":18.0},{"not_picked":["Blade Dance","Acrobatics"],"picked":"Well Laid Plans","floor":19.0},{"not_picked":["Cloak And Dagger","Escape Plan"],"picked":"Concentrate","floor":24.0},{"not_picked":["Bouncing Flask","Poisoned Stab+1","Flechettes"],"picked":"SKIP","floor":30.0},{"not_picked":["Wraith Form v2","Tools of the Trade"],"picked":"Adrenaline","floor":33.0},{"not_picked":["Blade Dance+1","Dodge and Roll+1","All Out Attack"],"picked":"SKIP","floor":35.0},{"not_picked":["Dagger Throw","Masterful Stab","Endless Agony+1"],"picked":"SKIP","floor":37.0},{"not_picked":["PiercingWail","Accuracy","Blade Dance+1"],"picked":"SKIP","floor":38.0},{"not_picked":["Underhanded Strike+1","Finisher+1","Endless Agony+1"],"picked":"SKIP","floor":40},{"not_picked":["Skewer","Backflip+1","Acrobatics+1"],"picked":"SKIP","floor":44},{"not_picked":["Backflip+1","Endless Agony+1","Prepared"],"picked":"SKIP","floor":48}],"player_experience":792471,"relics_obtained":[],"event_choices":[{"damage_healed":0.0,"max_hp_gain":0.0,"max_hp_loss":0.0,"gold_gain":75.0,"event_name":"World of Goop","player_choice":"Gather Gold","floor":2.0,"gold_loss":0.0,"damage_taken":11.0},{"damage_healed":0.0,"max_hp_gain":0.0,"max_hp_loss":0.0,"gold_gain":0.0,"event_name":"Shining Light","player_choice":"Entered Light","floor":4.0,"gold_loss":0.0,"damage_taken":15.0,"cards_upgraded":["Strike_G","Defend_G"]},{"damage_healed":0.0,"max_hp_gain":0.0,"max_hp_loss":0.0,"gold_gain":175.0,"event_name":"Liars Game","player_choice":"AGREE","floor":5.0,"gold_loss":0.0,"damage_taken":0.0,"cards_obtained":["Doubt"]},{"damage_healed":0.0,"max_hp_gain":0.0,"max_hp_loss":0.0,"gold_gain":0.0,"event_name":"Scrap Ooze","player_choice":"Fled","floor":13.0,"gold_loss":0.0,"damage_taken":3.0},{"damage_healed":0.0,"max_hp_gain":0.0,"max_hp_loss":0.0,"gold_gain":0.0,"cards_transformed":["Strike_G","Strike_G"],"event_name":"Drug Dealer","player_choice":"Became Test Subject","floor":20.0,"gold_loss":0.0,"damage_taken":0.0,"cards_obtained":["Accuracy","Footwork"]},{"cards_removed":["Strike_G"],"damage_healed":0.0,"max_hp_gain":0.0,"max_hp_loss":0.0,"gold_gain":0.0,"event_name":"Back to Basics","player_choice":"Elegance","floor":22.0,"gold_loss":0.0,"damage_taken":0.0},{"damage_healed":0.0,"max_hp_gain":0.0,"max_hp_loss":39.0,"gold_gain":0.0,"event_name":"Ghosts","player_choice":"Became a Ghost","floor":31.0,"gold_loss":0.0,"damage_taken":0.0,"cards_obtained":["Ghostly","Ghostly","Ghostly","Ghostly","Ghostly"]},{"damage_healed":0.0,"max_hp_gain":0.0,"max_hp_loss":0.0,"gold_gain":0.0,"event_name":"Upgrade Shrine","player_choice":"Upgraded","floor":36.0,"gold_loss":0.0,"damage_taken":0.0,"cards_upgraded":["Adrenaline"]},{"damage_healed":0.0,"max_hp_gain":0.0,"max_hp_loss":0.0,"gold_gain":0.0,"event_name":"MindBloom","player_choice":"Fight","floor":39.0,"gold_loss":0.0,"damage_taken":0.0},{"damage_healed":0,"gold_gain":0,"player_choice":"Ignored","damage_taken":0,"max_hp_gain":0,"max_hp_loss":0,"event_name":"Mysterious Sphere","floor":41,"gold_loss":0},{"damage_healed":0,"gold_gain":0,"player_choice":"Ignored","damage_taken":0,"max_hp_gain":0,"max_hp_loss":0,"event_name":"WeMeetAgain","floor":46,"gold_loss":0}],"is_beta":false,"boss_relics":[{"not_picked":["Runic Pyramid","Snecko Eye","Eternal Feather"]},{"not_picked":["WristBlade","Coffee Dripper","Runic Dome"]}],"items_purged_floors":[8,11,42],"is_endless":false,"potions_floor_spawned":[6,14,24,27,30,33,35,38,40],"ascension_level":0}