{"gold_per_floor":[114,114,124,144,144,144,179,179,179,134,146,146,3,13,13,110,110,120,120,120,130,144,144],"floor_reached":23,"playtime":2009,"items_purged":[],"score":241,"play_id":"2ef7b99c-87ea-4c51-bc05-792c1a2d95c5","local_time":"20190811151420","is_ascension_mode":false,"campfire_choices":[{"data":"WatchCommand","floor":6,"key":"SMITH"},{"data":"TiringSlam","floor":12,"key":"SMITH"},{"data":"SecondHand","floor":15,"key":"SMITH"}],"neow_cost":"TEN_PERCENT_HP_LOSS","seed_source_timestamp":55292074082502,"circlet_count":0,"master_deck":["Strike_Br","Strike_Br","Strike_Br","Strike_Br","Defend_Br","Defend_Br","Defend_Br","Defend_Br","SecondHand+1","PatternShift","LockedBlood","ExoVibe","WatchCommand+1","LockedMercury","ExoVibe","LockedThread","ExoVibe","Echoward","HandsUpB","TiringSlam+1","Flay","Cuckoo","Echonomics","ExoVibe","AlternateTimeline","Decay","TiringSlam","AlternateTimeline+1"],"relics":["Chronometer","Prayer Wheel","IceCream?","Girya","Regal Pillow","Incense Burner","Sozu"],"potions_floor_usage":[10],"damage_taken":[{"damage":2,"enemies":"Jaw Worm","floor":1,"turns":6},{"damage":0,"enemies":"2 Louse","floor":3,"turns":4},{"damage":0,"enemies":"Small Slimes","floor":4,"turns":6},{"damage":6,"enemies":"Gremlin Nob","floor":7,"turns":15},{"damage":0,"enemies":"Looter","floor":10,"turns":5},{"damage":0,"enemies":"2 Fungi Beasts","floor":11,"turns":6},{"damage":11,"enemies":"Large Slime","floor":14,"turns":9},{"damage":10,"enemies":"Hexaghost","floor":16,"turns":11},{"damage":0,"enemies":"Spheric Guardian","floor":18,"turns":11},{"damage":47,"enemies":"3 Byrds","floor":21,"turns":8},{"damage":5,"enemies":"Centurion and Healer","floor":22,"turns":11},{"damage":31,"enemies":"Book of Stabbing","floor":23,"turns":8}],"seed_played":"-7334537104245540362","potions_obtained":[{"floor":1,"key":"Swift Potion"}],"is_trial":false,"path_per_floor":["M","?","M","M","?","R","E","?","T","M","M","R","$","M","R","B",null,"M","?","?","M","M","E"],"character_chosen":"CHRONO_CLASS","items_purchased":["Flay"],"campfire_rested":0,"item_purchase_floors":[13],"current_hp_per_floor":[57,57,59,59,56,56,56,56,56,59,59,59,59,54,54,50,59,59,59,59,18,25,0],"gold":144,"neow_bonus":"ONE_RARE_RELIC","is_prod":false,"is_daily":false,"chose_seed":false,"campfire_upgraded":3,"win_rate":0.0,"timestamp":1565504060,"path_taken":["M","?","M","M","?","R","E","?","T","M","M","R","?","M","R","BOSS","M","?","?","M","?","E"],"build_version":"2019-07-17","purchased_purges":0,"victory":false,"max_hp_per_floor":[59,59,59,59,59,59,59,59,59,59,59,59,59,59,59,59,59,59,59,59,59,59,59],"card_choices":[{"not_picked":["LockedMawBank","Parity"],"picked":"LockedBlood","floor":1},{"not_picked":["Recurrance","LockedMedicine"],"picked":"ExoVibe","floor":1},{"not_picked":["Engulf","CrunchTime"],"picked":"WatchCommand","floor":3},{"not_picked":["OverTime","LockedMercury","LockedMawBank"],"picked":"SKIP","floor":3},{"not_picked":["OverTime","LockedMawBank"],"picked":"LockedMercury","floor":3},{"not_picked":["Backlash","PrimeTime"],"picked":"ExoVibe","floor":4},{"not_picked":["BlueShift","BiteCommand"],"picked":"LockedThread","floor":4},{"not_picked":["Recurrance","Tempo"],"picked":"ExoVibe","floor":7},{"not_picked":["ReapSow","LockedUrn"],"picked":"Echoward","floor":10},{"not_picked":["Stagnate","Recurrance"],"picked":"HandsUpB","floor":10},{"not_picked":["AlternateTimeline","Keepsakes"],"picked":"TiringSlam","floor":11},{"not_picked":["LockedWhetstone","PrimeTime","LockedAnchor"],"picked":"SKIP","floor":11},{"not_picked":["HandsUpC","LockedLightning"],"picked":"Cuckoo","floor":14},{"not_picked":["LockedMedicine","Break","Facsimile"],"picked":"SKIP","floor":14},{"not_picked":["LockedCalendar","Fragmentalize"],"picked":"Echonomics","floor":16},{"not_picked":["LockedTornado+1","BlueShift"],"picked":"ExoVibe","floor":18},{"not_picked":["Break","HandsUpB","Accruing"],"picked":"SKIP","floor":18},{"not_picked":["OracleForm","ExoVibe"],"picked":"TiringSlam","floor":21},{"not_picked":["Parity","LockedMedicine","LockedScales"],"picked":"SKIP","floor":21},{"not_picked":["LockedAnchor+1","LockedScales"],"picked":"AlternateTimeline+1","floor":22},{"not_picked":["Parity+1","LockedPlans","WakeUpCall+1"],"picked":"SKIP","floor":22}],"player_experience":371088,"relics_obtained":[{"floor":7,"key":"Regal Pillow"},{"floor":9,"key":"Incense Burner"}],"event_choices":[{"damage_healed":0,"gold_gain":0,"player_choice":"Success","damage_taken":3,"relics_obtained":["Girya"],"max_hp_gain":0,"max_hp_loss":0,"event_name":"Scrap Ooze","floor":5,"gold_loss":0},{"damage_healed":0,"gold_gain":0,"player_choice":"Ignored","damage_taken":0,"max_hp_gain":0,"max_hp_loss":0,"event_name":"Liars Game","floor":8,"gold_loss":0},{"damage_healed":0,"gold_gain":0,"player_choice":"Read","damage_taken":0,"max_hp_gain":0,"max_hp_loss":0,"event_name":"The Library","floor":19,"gold_loss":0,"cards_obtained":["AlternateTimeline"]},{"damage_healed":0,"gold_gain":0,"player_choice":"Cursed","damage_taken":0,"max_hp_gain":0,"max_hp_loss":0,"event_name":"Wheel of Change","floor":20,"gold_loss":0,"cards_obtained":["Decay"]}],"is_beta":false,"boss_relics":[{"not_picked":["Philosopher\u0027s Stone","Ectoplasm"],"picked":"Sozu"}],"items_purged_floors":[],"is_endless":false,"potions_floor_spawned":[1,22],"killed_by":"Book of Stabbing","ascension_level":0}