{"gold_per_floor":[112,112,126,17,17,17,43,60,128,138,138,169,169,186,186,262,262,281,293,293,80,98,128,128,128],"floor_reached":25,"playtime":782,"items_purged":[],"score":512,"play_id":"62f973f9-56a6-4549-91e3-b435dc526ece","local_time":"20190614002543","is_ascension_mode":true,"campfire_choices":[{"data":"Go for the Eyes","floor":6.0,"key":"SMITH"},{"floor":11.0,"key":"REST"},{"floor":15.0,"key":"REST"},{"floor":24,"key":"REST"}],"neow_cost":"NONE","seed_source_timestamp":19880973257919,"circlet_count":0,"master_deck":["AscendersBane","Defend_B+1","Defend_B","Defend_B","Dualcast","Darkness+1","Reinforced Body","Cold Snap","Go for the Eyes+1","Echo Form","Sweeping Beam","Sweeping Beam","Leap","Hologram","Buffer","Reprogram+1","Doom and Gloom+1","Skim+1","BootSequence","Multi-Cast"],"special_seed":0,"relics":["Cracked Core","NeowsBlessing","Art of War","Pear","Mercury Hourglass","Astrolabe","Membership Card","Anchor"],"potions_floor_usage":[19,25,25],"damage_taken":[{"damage":0.0,"enemies":"Cultist","floor":1.0,"turns":1.0},{"damage":0.0,"enemies":"Small Slimes","floor":3.0,"turns":1.0},{"damage":0.0,"enemies":"3 Sentries","floor":7.0,"turns":1.0},{"damage":0.0,"enemies":"Jaw Worm","floor":8.0,"turns":5.0},{"damage":32.0,"enemies":"Lots of Slimes","floor":10.0,"turns":4.0},{"damage":32.0,"enemies":"Gremlin Nob","floor":12.0,"turns":5.0},{"damage":5.0,"enemies":"Exordium Thugs","floor":14.0,"turns":4.0},{"damage":8.0,"enemies":"Hexaghost","floor":16.0,"turns":10.0},{"damage":4,"enemies":"Shell Parasite","floor":18,"turns":7},{"damage":9,"enemies":"3 Byrds","floor":19,"turns":3},{"damage":13,"enemies":"Snake Plant","floor":22,"turns":5},{"damage":24,"enemies":"Gremlin Leader","floor":23,"turns":6},{"damage":45,"enemies":"Slavers","floor":25,"turns":4}],"seed_played":"5103766168689470815","potions_obtained":[{"floor":3.0,"key":"Swift Potion"},{"floor":10.0,"key":"Ancient Potion"},{"floor":12.0,"key":"Ancient Potion"},{"floor":18,"key":"Fire Potion"},{"floor":19,"key":"FearPotion"}],"is_trial":false,"path_per_floor":["M","?","M","$","?","R","E","M","T","M","R","E","?","M","R","B",null,"M","M","?","$","M","E","R","E"],"character_chosen":"DEFECT","items_purchased":["Cold Snap","Go for the Eyes","Membership Card"],"campfire_rested":3,"item_purchase_floors":[4,4,21],"current_hp_per_floor":[64,43,43,43,43,43,43,43,53,21,45,13,13,8,32,24,67,63,54,54,54,41,17,41,0],"gold":128,"neow_bonus":"THREE_ENEMY_KILL","is_prod":false,"is_daily":false,"chose_seed":false,"campfire_upgraded":1,"win_rate":0,"timestamp":1560464743,"path_taken":["M","?","M","$","?","R","E","M","T","?","R","E","?","?","R","BOSS","M","M","?","$","M","E","R","E"],"build_version":"2019-06-12","purchased_purges":0,"victory":false,"max_hp_per_floor":[71,71,71,71,71,71,71,71,81,81,81,81,81,81,81,81,81,81,81,81,81,81,81,81,81],"card_choices":[{"not_picked":["Compile Driver","Steam"],"picked":"Darkness","floor":1.0},{"not_picked":["Chaos","Cold Snap"],"picked":"Reinforced Body","floor":3.0},{"not_picked":["Hello World","Static Discharge"],"picked":"Echo Form","floor":7.0},{"not_picked":["Darkness","Skim"],"picked":"Sweeping Beam","floor":8.0},{"not_picked":["Static Discharge","Barrage"],"picked":"Sweeping Beam","floor":10.0},{"not_picked":["Storm","Melter"],"picked":"Leap","floor":12.0},{"not_picked":["Cold Snap","Double Energy"],"picked":"Hologram","floor":14.0},{"not_picked":["Meteor Strike","Machine Learning"],"picked":"Buffer","floor":16.0},{"not_picked":["Leap","Streamline","Cold Snap"],"picked":"SKIP","floor":18},{"not_picked":["Leap","Melter+1"],"picked":"BootSequence","floor":19},{"not_picked":["Scrape","Steam Power","Gash"],"picked":"SKIP","floor":22},{"not_picked":["Scrape","Steam Power","Gash"],"picked":"SKIP","floor":22},{"not_picked":["Streamline","Beam Cell"],"picked":"Multi-Cast","floor":23}],"player_experience":1715012,"relics_obtained":[{"floor":7.0,"key":"Art of War"},{"floor":9.0,"key":"Pear"},{"floor":12.0,"key":"Mercury Hourglass"},{"floor":23,"key":"Anchor"}],"event_choices":[{"damage_healed":0.0,"max_hp_gain":0.0,"max_hp_loss":0.0,"gold_gain":0.0,"event_name":"Shining Light","player_choice":"Entered Light","floor":2.0,"gold_loss":0.0,"damage_taken":21.0,"cards_upgraded":["Defend_B","Darkness"]},{"cards_removed":["Strike_B"],"damage_healed":0.0,"max_hp_gain":0.0,"max_hp_loss":0.0,"gold_gain":0.0,"event_name":"Bonfire Elementals","player_choice":"Offered Basic","floor":5.0,"gold_loss":0.0,"damage_taken":0.0},{"cards_removed":["Strike_B"],"damage_healed":0.0,"max_hp_gain":0.0,"max_hp_loss":0.0,"gold_gain":0.0,"event_name":"Wheel of Change","player_choice":"Card Removal","floor":13.0,"gold_loss":0.0,"damage_taken":0.0},{"cards_removed":["Zap"],"damage_healed":0,"gold_gain":0,"player_choice":"Purged","damage_taken":0,"max_hp_gain":0,"max_hp_loss":0,"event_name":"Purifier","floor":20,"gold_loss":0}],"is_beta":true,"boss_relics":[{"not_picked":["Eternal Feather","Inserter"],"picked":"Astrolabe"}],"items_purged_floors":[],"is_endless":false,"potions_floor_spawned":[3,10,12,16,18,19,22],"killed_by":"Slavers","ascension_level":20}