{"gold_per_floor":[110,110,34,34,53,53,5,17,43,43,43,43,83,99,99,220,220,234,234,259,7,28,28,64,64],"floor_reached":25,"playtime":1159,"items_purged":[],"score":383,"play_id":"82b8a82d-9c56-43f7-b028-12c99fee8b37","local_time":"20190712223242","is_ascension_mode":true,"campfire_choices":[{"data":"Doom and Gloom","floor":6,"key":"SMITH"},{"data":"Dualcast","floor":12,"key":"SMITH"},{"floor":15,"key":"REST"},{"floor":23,"key":"REST"}],"neow_cost":"","seed_source_timestamp":114727641499200,"circlet_count":0,"master_deck":["Strike_B","Defend_B","Defend_B+1","Defend_B","Defend_B+1","Zap+1","Dualcast+1","Doom and Gloom+1","Self Repair+1","Conserve Battery","Static Discharge+1","Reboot","Amplify+1","Double Energy+1","Amplify+1","Defragment+1","Leap","Defragment+1","Steam"],"relics":["Cracked Core","Frozen Egg 2","Juzu Bracelet","Golden Idol","Ice Cream","Astrolabe","Bottled Lightning","Anchor"],"potions_floor_usage":[16,24,24],"damage_taken":[{"damage":7,"enemies":"Small Slimes","floor":1,"turns":3},{"damage":7,"enemies":"Jaw Worm","floor":5,"turns":3},{"damage":4,"enemies":"2 Louse","floor":8,"turns":3},{"damage":42,"enemies":"Gremlin Nob","floor":13,"turns":5},{"damage":13,"enemies":"Large Slime","floor":14,"turns":5},{"damage":36,"enemies":"The Guardian","floor":16,"turns":9},{"damage":23,"enemies":"3 Byrds","floor":18,"turns":4},{"damage":12,"enemies":"Shell Parasite","floor":20,"turns":3},{"damage":15,"enemies":"Shelled Parasite and Fungi","floor":22,"turns":3},{"damage":51,"enemies":"Slavers","floor":24,"turns":5},{"damage":16,"enemies":"Sentry and Sphere","floor":25,"turns":2}],"seed_played":"-4473620475223097946","potions_obtained":[{"floor":1,"key":"EssenceOfSteel"},{"floor":18,"key":"AttackPotion"},{"floor":22,"key":"SkillPotion"}],"is_trial":false,"path_per_floor":["M","?","$","?","M","R","$","M","T","?","?","R","E","M","R","B",null,"M","?","M","$","M","R","E","M"],"character_chosen":"DEFECT","items_purchased":["Frozen Egg 2","Self Repair+1","Conserve Battery","Bottled Lightning"],"campfire_rested":2,"item_purchase_floors":[0,3,7,21],"current_hp_per_floor":[60,45,45,70,73,73,73,75,75,57,57,57,25,22,44,18,75,62,62,50,50,45,67,16,0],"gold":64,"neow_bonus":"","is_prod":false,"is_daily":false,"chose_seed":false,"campfire_upgraded":2,"win_rate":0,"timestamp":1562988762,"path_taken":["M","?","$","?","M","R","$","?","T","?","?","R","E","M","R","BOSS","M","?","M","$","M","R","E","M"],"build_version":"2019-07-05","purchased_purges":0,"victory":false,"max_hp_per_floor":[75,75,75,75,75,75,75,75,75,75,75,75,75,75,75,75,75,75,75,75,75,75,75,75,75],"card_choices":[{"not_picked":["Loop+1","Rebound"],"picked":"Doom and Gloom","floor":1},{"not_picked":["Storm+1","Steam","Cold Snap"],"picked":"SKIP","floor":5},{"not_picked":["Compile Driver","Blizzard","Stack"],"picked":"SKIP","floor":8},{"not_picked":["Turbo","Beam Cell","Skim"],"picked":"SKIP","floor":13},{"not_picked":["Turbo","Hyperbeam"],"picked":"Static Discharge+1","floor":14},{"not_picked":["Thunder Strike","All For One"],"picked":"Reboot","floor":16},{"not_picked":["Sunder","Self Repair+1"],"picked":"Defragment+1","floor":18},{"not_picked":["Conserve Battery","Go for the Eyes"],"picked":"Leap","floor":20},{"not_picked":["Compile Driver","Capacitor+1"],"picked":"Defragment+1","floor":22},{"not_picked":["Stack","Hologram"],"picked":"Steam","floor":24}],"player_experience":401747,"relics_obtained":[{"floor":9,"key":"Juzu Bracelet"},{"floor":13,"key":"Ice Cream"},{"floor":24,"key":"Anchor"}],"event_choices":[{"damage_healed":0,"gold_gain":0,"player_choice":"Entered Light","damage_taken":15,"max_hp_gain":0,"max_hp_loss":0,"event_name":"Shining Light","floor":2,"gold_loss":0,"cards_upgraded":["Defend_B","Defend_B"]},{"damage_healed":25,"gold_gain":0,"player_choice":"Banana","damage_taken":0,"max_hp_gain":0,"max_hp_loss":0,"event_name":"Big Fish","floor":4,"gold_loss":0},{"damage_healed":0,"gold_gain":0,"player_choice":"Take Damage","damage_taken":18,"relics_obtained":["Golden Idol"],"max_hp_gain":0,"max_hp_loss":0,"event_name":"Golden Idol","floor":10,"gold_loss":0},{"damage_healed":0,"gold_gain":0,"player_choice":"Grow","damage_taken":0,"max_hp_gain":0,"max_hp_loss":0,"event_name":"Living Wall","floor":11,"gold_loss":0,"cards_upgraded":["Zap"]},{"damage_healed":0,"gold_gain":0,"player_choice":"Ignored","damage_taken":0,"max_hp_gain":0,"max_hp_loss":0,"event_name":"Ghosts","floor":19,"gold_loss":0}],"is_beta":false,"boss_relics":[{"not_picked":["Coffee Dripper","Runic Dome"],"picked":"Astrolabe"}],"items_purged_floors":[],"is_endless":false,"potions_floor_spawned":[1,18,22],"killed_by":"Sentry and Sphere","ascension_level":4}