{"gold_per_floor":[219,76,176,195,213,39,69,169,218,218,246,246,262,295,295,398,398,418,405,423,433,532,562,562,562,586,599,6,18,31,31,31,135,135,146,146,160,208,10,40,59,59,59,59,75,75,75,86,86,86],"floor_reached":50,"playtime":3350,"items_purged":["Strike_R","Strike_R","Strike_R","Strike_R"],"score":678,"play_id":"c5a0bf04-3a36-4269-962e-b4afcc573ce7","local_time":"20190808014715","is_ascension_mode":true,"campfire_choices":[{"data":"Bash","floor":10,"key":"SMITH"},{"data":"Shockwave","floor":12,"key":"SMITH"},{"floor":15,"key":"REST"},{"floor":24,"key":"REST"},{"floor":32,"key":"DIG"},{"floor":40,"key":"DIG"},{"floor":42,"key":"DIG"},{"floor":44,"key":"DIG"},{"floor":46,"key":"DIG"},{"floor":49,"key":"REST"}],"neow_cost":"NONE","seed_source_timestamp":182714894879090,"circlet_count":0,"master_deck":["Strike_R","Defend_R","Defend_R","Defend_R","Defend_R","Bash+1","Flex","Shockwave+1","Dropkick+1","Cleave+1","Ghostly Armor","Warcry","Armaments","Immolate","Seeing Red","Shrug It Off","Evolve+1","Flex","Metallicize+1","Necronomicurse","Heavy Blade","Limit Break","Thinking Ahead","Rampage"],"relics":["Burning Blood","Bag of Marbles","Orichalcum","Oddly Smooth Stone","Centennial Puzzle","Lizard Tail","Shovel","Necronomicon","Whetstone","Vajra","Du-Vu Doll","Bottled Tornado","Philosopher\u0027s Stone","Nunchaku","Tiny Chest","Pantograph","Ginger","Smiling Mask","Omamori","Self Forming Clay"],"potions_floor_usage":[7,11,18,27,29,30,31,33,38,45,48,50],"damage_taken":[{"damage":12,"enemies":"Jaw Worm","floor":1,"turns":3},{"damage":2,"enemies":"Cultist","floor":4,"turns":4},{"damage":0,"enemies":"2 Louse","floor":5,"turns":4},{"damage":16,"enemies":"Gremlin Nob","floor":7,"turns":5},{"damage":29,"enemies":"Lagavulin","floor":11,"turns":6},{"damage":2,"enemies":"Blue Slaver","floor":13,"turns":3},{"damage":16,"enemies":"Gremlin Nob","floor":14,"turns":4},{"damage":45,"enemies":"The Guardian","floor":16,"turns":16},{"damage":3,"enemies":"Chosen","floor":18,"turns":4},{"damage":16,"enemies":"2 Thieves","floor":19,"turns":4},{"damage":19,"enemies":"Cultist and Chosen","floor":20,"turns":6},{"damage":23,"enemies":"Snecko","floor":21,"turns":7},{"damage":59,"enemies":"Gremlin Leader","floor":23,"turns":6},{"damage":5,"enemies":"Snake Plant","floor":27,"turns":5},{"damage":0,"enemies":"Centurion and Healer","floor":29,"turns":2},{"damage":2,"enemies":"Cultist and Chosen","floor":30,"turns":4},{"damage":0,"enemies":"3 Cultists","floor":31,"turns":1},{"damage":19,"enemies":"Collector","floor":33,"turns":7},{"damage":12,"enemies":"3 Shapes","floor":35,"turns":4},{"damage":7,"enemies":"Orb Walker","floor":37,"turns":3},{"damage":3,"enemies":"2 Orb Walkers","floor":38,"turns":2},{"damage":3,"enemies":"Maw","floor":41,"turns":7},{"damage":26,"enemies":"Transient","floor":45,"turns":5},{"damage":17,"enemies":"Spire Growth","floor":48,"turns":4},{"damage":86,"enemies":"Awakened One","floor":50,"turns":9}],"seed_played":"920071973086533482","potions_obtained":[{"floor":4,"key":"SkillPotion"},{"floor":7,"key":"Regen Potion"},{"floor":14,"key":"FearPotion"},{"floor":23,"key":"EntropicBrew"},{"floor":30,"key":"AttackPotion"},{"floor":33,"key":"SkillPotion"},{"floor":37,"key":"AttackPotion"},{"floor":41,"key":"SkillPotion"}],"is_trial":false,"path_per_floor":["M","$","?","M","M","$","E","?","T","R","E","R","M","E","R","B",null,"M","M","M","M","?","E","R","?","T","M","$","M","M","M","R","B",null,"M","?","M","?","$","R","M","R","T","R","M","R","T","M","R","B"],"character_chosen":"IRONCLAD","items_purchased":["Shockwave","Ghostly Armor","Vajra","Du-Vu Doll","Strength Potion"],"campfire_rested":3,"item_purchase_floors":[2,6,28,28,39],"current_hp_per_floor":[66,66,66,70,76,76,66,66,66,66,58,58,62,52,76,37,69,72,62,49,32,32,22,46,30,30,31,31,42,46,52,52,39,70,64,64,63,66,66,66,69,69,69,69,49,49,49,38,62,0],"gold":86,"neow_bonus":"HUNDRED_GOLD","is_prod":false,"is_daily":false,"chose_seed":false,"campfire_upgraded":2,"win_rate":0,"timestamp":1565254035,"path_taken":["M","$","?","M","?","$","E","?","T","R","E","R","M","E","R","BOSS","M","M","?","M","?","E","R","?","T","M","?","?","M","?","R","BOSS","M","?","M","?","$","R","M","R","T","R","M","R","?","M","R","BOSS"],"build_version":"2019-07-17","purchased_purges":4,"victory":false,"max_hp_per_floor":[80,80,80,80,80,80,80,80,80,80,80,80,80,80,80,80,80,80,80,80,80,80,80,80,80,80,80,80,80,80,80,80,80,80,80,80,80,80,80,80,80,80,80,80,80,80,80,80,80,80],"card_choices":[{"not_picked":["Thunderclap","Clash"],"picked":"Flex","floor":1},{"not_picked":["Fire Breathing","Clothesline"],"picked":"Dropkick","floor":4},{"not_picked":["Shrug It Off","Dark Embrace"],"picked":"Cleave","floor":5},{"not_picked":["Bludgeon","Blood for Blood"],"picked":"Warcry","floor":7},{"not_picked":["True Grit","Anger","Cleave"],"picked":"SKIP","floor":11},{"not_picked":["Body Slam","Corruption","Perfected Strike"],"picked":"SKIP","floor":13},{"not_picked":["Reckless Charge","Headbutt"],"picked":"Armaments","floor":14},{"not_picked":["Feed","Barricade"],"picked":"Immolate","floor":16},{"not_picked":["Clash","Anger"],"picked":"Seeing Red","floor":18},{"not_picked":["Headbutt","Anger"],"picked":"Shrug It Off","floor":19},{"not_picked":["Sentinel","Fire Breathing"],"picked":"Evolve+1","floor":20},{"not_picked":["Heavy Blade+1","Twin Strike"],"picked":"Flex","floor":21},{"not_picked":["Pommel Strike","Clash+1"],"picked":"Metallicize+1","floor":23},{"not_picked":["Fiend Fire","True Grit+1","Anger"],"picked":"SKIP","floor":27},{"not_picked":["Pummel","Shockwave"],"picked":"Heavy Blade","floor":29},{"not_picked":["Cleave","Heavy Blade","Anger+1"],"picked":"SKIP","floor":30},{"not_picked":["Fiend Fire","Juggernaut"],"picked":"Limit Break","floor":33},{"not_picked":["Warcry+1","Sword Boomerang+1","Seeing Red"],"picked":"SKIP","floor":35},{"not_picked":["Good Instincts","Secret Weapon"],"picked":"Thinking Ahead","floor":36},{"not_picked":["Havoc","Iron Wave","Clothesline"],"picked":"SKIP","floor":37},{"not_picked":["Wild Strike+1","Carnage"],"picked":"Rampage","floor":38},{"not_picked":["Rage+1","Sentinel+1","Rampage+1"],"picked":"SKIP","floor":41},{"not_picked":["Whirlwind","Twin Strike+1","Body Slam"],"picked":"SKIP","floor":45},{"not_picked":["Armaments","Thunderclap+1","Pommel Strike+1"],"picked":"SKIP","floor":48}],"player_experience":225187,"relics_obtained":[{"floor":7,"key":"Bag of Marbles"},{"floor":9,"key":"Orichalcum"},{"floor":11,"key":"Oddly Smooth Stone"},{"floor":14,"key":"Centennial Puzzle"},{"floor":23,"key":"Shovel"},{"floor":25,"key":"Necronomicon"},{"floor":26,"key":"Whetstone"},{"floor":32,"key":"Bottled Tornado"},{"floor":38,"key":"Nunchaku"},{"floor":40,"key":"Tiny Chest"},{"floor":42,"key":"Pantograph"},{"floor":43,"key":"Ginger"},{"floor":44,"key":"Smiling Mask"},{"floor":46,"key":"Omamori"},{"floor":47,"key":"Self Forming Clay"}],"event_choices":[{"damage_healed":0,"gold_gain":100,"player_choice":"Gold","damage_taken":0,"max_hp_gain":0,"max_hp_loss":0,"event_name":"Wheel of Change","floor":3,"gold_loss":0},{"damage_healed":0,"gold_gain":100,"player_choice":"Pray","damage_taken":0,"max_hp_gain":0,"max_hp_loss":0,"event_name":"Golden Shrine","floor":8,"gold_loss":0},{"damage_healed":0,"gold_gain":99,"player_choice":"Stole From Cult","damage_taken":0,"max_hp_gain":0,"max_hp_loss":0,"event_name":"Nest","floor":22,"gold_loss":0},{"damage_healed":0,"gold_gain":0,"player_choice":"Obtained Book","damage_taken":16,"max_hp_gain":0,"max_hp_loss":0,"event_name":"Cursed Tome","floor":25,"gold_loss":0},{"damage_healed":0,"gold_gain":0,"player_choice":"Memory 1","damage_taken":0,"max_hp_gain":0,"max_hp_loss":0,"event_name":"SensoryStone","floor":36,"gold_loss":0},{"damage_healed":0,"gold_gain":0,"player_choice":"Fight","damage_taken":0,"max_hp_gain":0,"max_hp_loss":0,"event_name":"Mysterious Sphere","floor":38,"gold_loss":0}],"is_beta":false,"boss_relics":[{"not_picked":["Cursed Key","Busted Crown"],"picked":"Lizard Tail"},{"not_picked":["Eternal Feather","Black Star"],"picked":"Philosopher\u0027s Stone"}],"items_purged_floors":[2,6,28,39],"is_endless":false,"potions_floor_spawned":[4,7,14,23,27,30,31,33,37,41],"killed_by":"Awakened One","ascension_level":7}