{"gold_per_floor":[113,113,36,53,53,53,82,93,161,175,208,208,208],"floor_reached":13,"playtime":239,"items_purged":[],"score":236,"play_id":"b773c243-399e-48be-b501-c56f794d88d5","local_time":"20190803002237","is_ascension_mode":true,"campfire_choices":[{"data":"Bouncing Flask","floor":6.0,"key":"SMITH"},{"data":"Tactician","floor":12.0,"key":"SMITH"}],"neow_cost":"NONE","seed_source_timestamp":454320082738567,"circlet_count":0,"master_deck":["AscendersBane","Strike_G","Strike_G","Strike_G","Strike_G","Strike_G","Defend_G","Defend_G","Defend_G","Defend_G","Defend_G","Survivor","Neutralize","Backstab","Tactician+1","Bouncing Flask+1"],"special_seed":0,"relics":["Ring of the Snake","NeowsBlessing","Molten Egg 2","FaceOfCleric","Letter Opener","FossilizedHelix"],"potions_floor_usage":[13,13],"damage_taken":[{"damage":0.0,"enemies":"Cultist","floor":1.0,"turns":1.0},{"damage":0.0,"enemies":"Jaw Worm","floor":4.0,"turns":1.0},{"damage":0.0,"enemies":"Lagavulin","floor":7.0,"turns":1.0},{"damage":0.0,"enemies":"Small Slimes","floor":8.0,"turns":4.0},{"damage":10.0,"enemies":"Gremlin Gang","floor":10.0,"turns":4.0},{"damage":30.0,"enemies":"Gremlin Nob","floor":11.0,"turns":4.0},{"damage":15,"enemies":"3 Sentries","floor":13,"turns":9}],"seed_played":"-4882843904916667760","potions_obtained":[{"floor":4.0,"key":"Strength Potion"},{"floor":7.0,"key":"Poison Potion"},{"floor":10.0,"key":"EssenceOfSteel"},{"floor":11.0,"key":"AttackPotion"}],"is_trial":false,"path_per_floor":["M","T","$","M","?","R","E","M","T","M","E","R","E"],"character_chosen":"THE_SILENT","items_purchased":["Tactician"],"campfire_rested":0,"item_purchase_floors":[3],"current_hp_per_floor":[59,59,59,59,59,59,60,61,61,52,23,23,8],"gold":208,"neow_bonus":"THREE_ENEMY_KILL","is_prod":false,"is_daily":false,"chose_seed":false,"campfire_upgraded":2,"win_rate":0,"timestamp":1564759357,"path_taken":["M","?","$","M","?","R","E","M","T","M","E","R","E"],"build_version":"2019-07-17","purchased_purges":0,"victory":false,"max_hp_per_floor":[66,66,66,66,66,66,67,68,68,69,70,70,70],"card_choices":[{"not_picked":["Blade Dance","Slice"],"picked":"Backstab","floor":1.0},{"not_picked":["Backflip","Flying Knee+1"],"picked":"Bouncing Flask","floor":4.0},{"not_picked":["Dagger Throw+1","Skewer+1","Tactician"],"picked":"SKIP","floor":7.0},{"not_picked":["Flying Knee+1","Cloak And Dagger","Backstab+1"],"picked":"SKIP","floor":8.0},{"not_picked":["Flying Knee+1","Dodge and Roll","Tactician"],"picked":"SKIP","floor":10.0},{"not_picked":["Terror","Riddle With Holes+1","Choke+1"],"picked":"SKIP","floor":11.0},{"not_picked":["Terror","Riddle With Holes+1","Choke+1"],"picked":"SKIP","floor":11.0}],"player_experience":739915,"relics_obtained":[{"floor":2.0,"key":"Molten Egg 2"},{"floor":7.0,"key":"Letter Opener"},{"floor":11.0,"key":"FossilizedHelix"}],"event_choices":[{"damage_healed":0.0,"max_hp_gain":0.0,"max_hp_loss":0.0,"gold_gain":0.0,"event_name":"FaceTrader","player_choice":"Trade","floor":5.0,"gold_loss":0.0,"damage_taken":0.0,"relics_obtained":["FaceOfCleric"]}],"is_beta":false,"boss_relics":[],"items_purged_floors":[],"is_endless":false,"potions_floor_spawned":[4,7,10,11],"killed_by":"3 Sentries","ascension_level":20}