{"gold_per_floor":[116,135,135,146,158,158,188,200,227,243,23,23,23,37,37,112,112,132,49,65,76,76,76,76,76,76,99,145,76,116,143,155,167],"floor_reached":33,"playtime":1103,"items_purged":["Pain"],"score":578,"play_id":"3e5730a3-93ea-41e6-8bc5-b973d461ee3f","local_time":"20190724175805","is_ascension_mode":true,"campfire_choices":[{"floor":6.0,"key":"REST"},{"floor":12.0,"key":"REST"},{"data":"Defragment","floor":15.0,"key":"SMITH"},{"data":"Redo","floor":23.0,"key":"SMITH"},{"floor":25.0,"key":"REST"},{"floor":32,"key":"REST"}],"neow_cost":"NONE","seed_source_timestamp":1342827576142,"circlet_count":0,"master_deck":["AscendersBane","Strike_B+1","Strike_B+1","Defend_B+1","Defend_B+1","Defend_B+1","Defend_B+1","Zap","Dualcast","Sweeping Beam","Coolheaded+1","Ball Lightning","Darkness","Conserve Battery","Cold Snap","BootSequence","Defragment+1","Static Discharge","Multi-Cast","Reinforced Body","Glacier","Compile Driver","Redo+1","Turbo+1","Chill","Undo"],"special_seed":0,"relics":["Cracked Core","WarpedTongs","Mercury Hourglass","War Paint","Philosopher\u0027s Stone","MawBank","Pen Nib","Omamori","Blue Candle"],"potions_floor_usage":[33,33],"damage_taken":[{"damage":2.0,"enemies":"Jaw Worm","floor":1.0,"turns":4.0},{"damage":0.0,"enemies":"Cultist","floor":2.0,"turns":3.0},{"damage":22.0,"enemies":"2 Louse","floor":4.0,"turns":3.0},{"damage":12.0,"enemies":"2 Fungi Beasts","floor":5.0,"turns":3.0},{"damage":21.0,"enemies":"3 Sentries","floor":7.0,"turns":5.0},{"damage":1.0,"enemies":"Red Slaver","floor":8.0,"turns":3.0},{"damage":11.0,"enemies":"Blue Slaver","floor":10.0,"turns":3.0},{"damage":2.0,"enemies":"Lots of Slimes","floor":14.0,"turns":3.0},{"damage":22.0,"enemies":"Hexaghost","floor":16.0,"turns":8.0},{"damage":2.0,"enemies":"Chosen","floor":18.0,"turns":5.0},{"damage":5.0,"enemies":"Shell Parasite","floor":20.0,"turns":7.0},{"damage":10.0,"enemies":"3 Cultists","floor":21.0,"turns":5.0},{"damage":8.0,"enemies":"Snake Plant","floor":27.0,"turns":4.0},{"damage":41.0,"enemies":"Gremlin Leader","floor":28.0,"turns":7.0},{"damage":27,"enemies":"Slavers","floor":30,"turns":6},{"damage":0,"enemies":"Centurion and Healer","floor":31,"turns":9},{"damage":31,"enemies":"Collector","floor":33,"turns":3}],"seed_played":"2113965061477464227","potions_obtained":[{"floor":2.0,"key":"AttackPotion"},{"floor":7.0,"key":"SteroidPotion"},{"floor":20.0,"key":"FairyPotion"},{"floor":24.0,"key":"Regen Potion"},{"floor":27.0,"key":"SpeedPotion"},{"floor":30,"key":"Ancient Potion"}],"is_trial":false,"path_per_floor":["M","M","?","M","M","R","E","M","T","M","$","R","?","M","R","B",null,"M","$","M","M","?","R","?","R","T","M","E","?","E","M","R","B"],"character_chosen":"DEFECT","items_purchased":["Defragment","Fire Potion","Glacier"],"campfire_rested":4,"item_purchase_floors":[11,11,19],"current_hp_per_floor":[62,62,62,40,28,49,28,27,27,16,16,37,30,28,28,6,55,53,53,48,38,38,38,38,59,59,63,22,22,4,4,25,0],"gold":167,"neow_bonus":"REMOVE_CARD","is_prod":false,"is_daily":false,"chose_seed":false,"campfire_upgraded":2,"win_rate":0,"timestamp":1563983885,"path_taken":["M","M","?","M","?","R","E","M","T","M","$","R","?","M","R","BOSS","M","$","M","M","?","R","?","R","T","?","E","?","E","?","R","BOSS"],"build_version":"2019-07-18","purchased_purges":1,"victory":false,"max_hp_per_floor":[71,71,71,71,71,71,71,71,71,71,71,71,71,71,71,71,71,71,71,71,71,71,71,71,71,71,71,71,71,71,71,71,71],"card_choices":[{"not_picked":["Steam Power","Rebound"],"picked":"Sweeping Beam","floor":1.0},{"not_picked":["Steam","Barrage"],"picked":"Coolheaded","floor":2.0},{"not_picked":["Doom and Gloom","Leap"],"picked":"Ball Lightning","floor":4.0},{"not_picked":["Heatsinks","Chaos"],"picked":"Darkness","floor":5.0},{"not_picked":["Hologram","Skim"],"picked":"Conserve Battery","floor":7.0},{"not_picked":["Ball Lightning","Rebound"],"picked":"Cold Snap","floor":8.0},{"not_picked":["Go for the Eyes","Lockon"],"picked":"BootSequence","floor":10.0},{"not_picked":["Coolheaded","Seek"],"picked":"Static Discharge","floor":14.0},{"not_picked":["Reboot","Echo Form"],"picked":"Multi-Cast","floor":16.0},{"not_picked":["Rebound","Coolheaded"],"picked":"Reinforced Body","floor":18.0},{"not_picked":["Cold Snap","Barrage+1"],"picked":"Compile Driver","floor":20.0},{"not_picked":["Barrage","Stack"],"picked":"Redo","floor":21.0},{"not_picked":["Gash","Redo"],"picked":"Turbo+1","floor":27.0},{"not_picked":["Rip and Tear","Melter"],"picked":"Chill","floor":28.0},{"not_picked":["Sunder","Redo"],"picked":"Undo","floor":30},{"not_picked":["Redo","Beam Cell","Conserve Battery"],"picked":"SKIP","floor":31}],"player_experience":1914599,"relics_obtained":[{"floor":7.0,"key":"Mercury Hourglass"},{"floor":9.0,"key":"War Paint"},{"floor":26.0,"key":"MawBank"},{"floor":28.0,"key":"Pen Nib"},{"floor":30,"key":"Blue Candle"}],"event_choices":[{"damage_healed":0.0,"max_hp_gain":0.0,"max_hp_loss":0.0,"gold_gain":0.0,"event_name":"Accursed Blacksmith","player_choice":"Rummage","floor":3.0,"gold_loss":0.0,"damage_taken":0.0,"relics_obtained":["WarpedTongs"],"cards_obtained":["Pain"]},{"cards_removed":["Strike_B"],"damage_healed":0.0,"max_hp_gain":0.0,"max_hp_loss":0.0,"gold_gain":0.0,"event_name":"Golden Wing","player_choice":"Card Removal","floor":13.0,"gold_loss":0.0,"damage_taken":7.0},{"damage_healed":0.0,"max_hp_gain":0.0,"max_hp_loss":0.0,"gold_gain":0.0,"event_name":"Back to Basics","player_choice":"Simplicity","floor":22.0,"gold_loss":0.0,"damage_taken":0.0,"cards_upgraded":["Strike_B","Strike_B","Defend_B","Defend_B","Defend_B"]},{"damage_healed":0.0,"max_hp_gain":0.0,"max_hp_loss":0.0,"gold_gain":0.0,"event_name":"Lab","player_choice":"Got Potions","floor":24.0,"gold_loss":0.0,"damage_taken":0.0},{"damage_healed":0.0,"max_hp_gain":0.0,"max_hp_loss":0.0,"gold_gain":0.0,"event_name":"WeMeetAgain","player_choice":"Paid Gold","floor":29.0,"gold_loss":81.0,"damage_taken":0.0,"relics_obtained":["Omamori"]}],"is_beta":true,"boss_relics":[{"not_picked":["Coffee Dripper","Calling Bell"],"picked":"Philosopher\u0027s Stone"}],"items_purged_floors":[11],"is_endless":false,"potions_floor_spawned":[2,7,16,20,27,30,31],"killed_by":"Collector","ascension_level":20}