{"gold_per_floor":[112,132,132,149,160,160,192,204,204,204,204,31,48,83,83,157,157,172,198,198,43,43,43,75,90,90,105,430,430,443,476,476,547,547,558,558,206,206,27,27,60,60,60,95,110,110,120,131,131,131,131],"floor_reached":52,"playtime":1911,"items_purged":["Strike_B","Strike_B","Writhe"],"score":2010,"play_id":"5c34895f-1b05-47aa-976a-d404ab731498","local_time":"20190619053102","is_ascension_mode":true,"campfire_choices":[{"data":"Darkness","floor":6.0,"key":"SMITH"},{"floor":11.0,"key":"REST"},{"floor":15.0,"key":"REST"},{"floor":23.0,"key":"REST"},{"floor":32.0,"key":"REST"},{"data":"Fusion","floor":40.0,"key":"SMITH"},{"floor":42.0,"key":"REST"},{"data":"Multi-Cast","floor":46.0,"key":"SMITH"},{"data":"Buffer","floor":49.0,"key":"SMITH"}],"neow_cost":"NONE","seed_source_timestamp":2457440483343,"circlet_count":0,"master_deck":["AscendersBane","Strike_B","Strike_B","Defend_B","Defend_B","Defend_B","Defend_B","Zap","Dualcast","Darkness+1","Doom and Gloom","Steam","BootSequence","Loop+1","Gash","Compile Driver","Buffer+1","Compile Driver","Hologram+1","Doom and Gloom","Gash","Conserve Battery","Fusion+1","White Noise","Meteor Strike","Multi-Cast+1","BootSequence+1","Stack","Redo+1","Recycle+1"],"special_seed":0,"relics":["Black Star","Bronze Scales","Darkstone Periapt","Mercury Hourglass","Anchor","PreservedInsect","Potion Belt","Runic Pyramid","Red Mask","Question Card","Lantern","Shuriken","Old Coin","Bag of Marbles","Pear","Bottled Tornado","Busted Crown","Pen Nib","Cables","Bottled Lightning","Toxic Egg 2","Kunai","Meat on the Bone"],"potions_floor_usage":[50,50,51,51],"damage_taken":[{"damage":4.0,"enemies":"Jaw Worm","floor":1.0,"turns":5.0},{"damage":0.0,"enemies":"Cultist","floor":2.0,"turns":4.0},{"damage":8.0,"enemies":"Small Slimes","floor":4.0,"turns":6.0},{"damage":8.0,"enemies":"2 Fungi Beasts","floor":5.0,"turns":4.0},{"damage":22.0,"enemies":"3 Sentries","floor":7.0,"turns":6.0},{"damage":14.0,"enemies":"Lots of Slimes","floor":8.0,"turns":3.0},{"damage":8.0,"enemies":"Exordium Wildlife","floor":13.0,"turns":4.0},{"damage":16.0,"enemies":"Gremlin Nob","floor":14.0,"turns":6.0},{"damage":1.0,"enemies":"Hexaghost","floor":16.0,"turns":9.0},{"damage":10.0,"enemies":"Shell Parasite","floor":18.0,"turns":5.0},{"damage":13.0,"enemies":"Masked Bandits","floor":19.0,"turns":5.0},{"damage":11.0,"enemies":"Colosseum Slavers","floor":20.0,"turns":4.0},{"damage":6.0,"enemies":"Gremlin Leader","floor":24.0,"turns":8.0},{"damage":0.0,"enemies":"3 Byrds","floor":25.0,"turns":2.0},{"damage":5.0,"enemies":"Centurion and Healer","floor":27.0,"turns":5.0},{"damage":6.0,"enemies":"Book of Stabbing","floor":28.0,"turns":3.0},{"damage":0.0,"enemies":"Shelled Parasite and Fungi","floor":29.0,"turns":1.0},{"damage":16.0,"enemies":"Snake Plant","floor":30.0,"turns":5.0},{"damage":0.0,"enemies":"Slavers","floor":31.0,"turns":2.0},{"damage":35.0,"enemies":"Collector","floor":33.0,"turns":8.0},{"damage":8.0,"enemies":"3 Darklings","floor":35.0,"turns":4.0},{"damage":45.0,"enemies":"Giant Head","floor":41.0,"turns":6.0},{"damage":28.0,"enemies":"Reptomancer","floor":44.0,"turns":6.0},{"damage":0.0,"enemies":"3 Shapes","floor":45.0,"turns":3.0},{"damage":0.0,"enemies":"Sphere and 2 Shapes","floor":47.0,"turns":3.0},{"damage":12.0,"enemies":"4 Shapes","floor":48.0,"turns":4.0},{"damage":8,"enemies":"Awakened One","floor":50,"turns":7},{"damage":37,"enemies":"Time Eater","floor":51,"turns":4}],"seed_played":"1933325211296156668","potions_obtained":[{"floor":2.0,"key":"Ancient Potion"},{"floor":4.0,"key":"Weak Potion"},{"floor":14.0,"key":"Fire Potion"},{"floor":19.0,"key":"Swift Potion"},{"floor":25.0,"key":"SpeedPotion"},{"floor":27.0,"key":"SmokeBomb"},{"floor":28.0,"key":"PowerPotion"},{"floor":47.0,"key":"SteroidPotion"},{"floor":48.0,"key":"FocusPotion"}],"is_trial":false,"path_per_floor":["M","M","?","M","M","R","E","M","T","?","R","$","M","E","R","B",null,"M","?","?","$","?","R","E","M","T","M","E","M","M","E","R","B",null,"M","?","$","?","$","R","E","R","T","E","M","R","M","M","R","B","B",null],"character_chosen":"DEFECT","items_purchased":["Anchor","LiquidBronze","GamblersBrew","Pen Nib","SteroidPotion"],"campfire_rested":5,"item_purchase_floors":[12,21,37,37,39],"current_hp_per_floor":[60,60,60,52,44,44,22,8,8,8,29,29,21,5,26,25,60,50,37,26,26,26,47,41,41,41,36,30,30,14,24,48,13,64,56,56,56,78,78,78,33,59,59,31,43,43,55,55,55,47,22],"gold":131,"neow_bonus":"BOSS_RELIC","is_prod":false,"is_daily":false,"chose_seed":false,"campfire_upgraded":4,"win_rate":0,"timestamp":1560915062,"path_taken":["M","M","?","M","M","R","E","?","T","?","R","$","M","E","R","BOSS","M","?","?","$","?","R","E","M","T","M","E","M","?","E","R","BOSS","M","?","$","?","$","R","E","R","T","E","M","R","M","M","R","BOSS","BOSS"],"build_version":"2019-06-17v2","purchased_purges":3,"victory":true,"max_hp_per_floor":[71,71,71,71,71,71,71,71,71,71,71,71,71,71,71,71,71,71,71,71,71,71,71,71,71,71,71,71,71,71,81,81,81,81,81,81,81,87,87,87,87,87,87,87,87,87,87,87,87,87,87],"card_choices":[{"not_picked":["Rebound","Coolheaded"],"picked":"Darkness","floor":1.0},{"not_picked":["Gash","Sweeping Beam"],"picked":"Cold Snap","floor":2.0},{"not_picked":["Hologram","Ball Lightning"],"picked":"Doom and Gloom","floor":4.0},{"not_picked":["Turbo","Redo"],"picked":"Steam","floor":5.0},{"not_picked":["Hologram","Consume"],"picked":"BootSequence","floor":7.0},{"not_picked":["Coolheaded","Go for the Eyes"],"picked":"Loop","floor":8.0},{"not_picked":["FTL","Go for the Eyes"],"picked":"Gash","floor":13.0},{"not_picked":["Melter","Storm"],"picked":"Compile Driver","floor":14.0},{"not_picked":["Machine Learning","Rainbow"],"picked":"Buffer","floor":16.0},{"not_picked":["FTL","Ball Lightning"],"picked":"Compile Driver","floor":18.0},{"not_picked":["Streamline","Static Discharge"],"picked":"Hologram+1","floor":19.0},{"not_picked":["Amplify","Go for the Eyes+1"],"picked":"Gash","floor":24.0},{"not_picked":["Ball Lightning","Barrage","Force Field+1"],"picked":"Conserve Battery","floor":25.0},{"not_picked":["Coolheaded","Gash","Cold Snap"],"picked":"Fusion","floor":27.0},{"not_picked":["Sweeping Beam","Darkness","Streamline"],"picked":"White Noise","floor":28.0},{"not_picked":["Heatsinks","Coolheaded","Streamline+1","Loop"],"picked":"SKIP","floor":30.0},{"not_picked":["Cold Snap","Sunder","Consume"],"picked":"Meteor Strike","floor":31.0},{"not_picked":["Creative AI","Thunder Strike","Electrodynamics"],"picked":"Multi-Cast","floor":33.0},{"not_picked":["Conserve Battery+1"],"picked":"BootSequence+1","floor":35.0},{"not_picked":["FTL"],"picked":"Stack","floor":41.0},{"not_picked":["Darkness+1"],"picked":"Redo+1","floor":44.0},{"not_picked":["Cold Snap"],"picked":"Recycle+1","floor":45.0},{"not_picked":["Ball Lightning+1","Self Repair"],"picked":"SKIP","floor":47.0},{"not_picked":["Aggregate+1","Rebound+1"],"picked":"SKIP","floor":48.0}],"player_experience":1729074,"relics_obtained":[{"floor":7.0,"key":"Bronze Scales"},{"floor":7.0,"key":"Darkstone Periapt"},{"floor":9.0,"key":"Mercury Hourglass"},{"floor":14.0,"key":"PreservedInsect"},{"floor":14.0,"key":"Potion Belt"},{"floor":19.0,"key":"Red Mask"},{"floor":24.0,"key":"Question Card"},{"floor":24.0,"key":"Lantern"},{"floor":26.0,"key":"Shuriken"},{"floor":28.0,"key":"Old Coin"},{"floor":28.0,"key":"Bag of Marbles"},{"floor":31.0,"key":"Pear"},{"floor":31.0,"key":"Bottled Tornado"},{"floor":41.0,"key":"Cables"},{"floor":41.0,"key":"Bottled Lightning"},{"floor":43.0,"key":"Toxic Egg 2"},{"floor":44.0,"key":"Kunai"},{"floor":44.0,"key":"Meat on the Bone"}],"event_choices":[{"damage_healed":0.0,"max_hp_gain":0.0,"max_hp_loss":0.0,"gold_gain":0.0,"event_name":"Match and Keep!","player_choice":"0 cards matched","floor":3.0,"gold_loss":0.0,"damage_taken":0.0,"cards_obtained":[]},{"damage_healed":0.0,"max_hp_gain":0.0,"max_hp_loss":0.0,"gold_gain":0.0,"event_name":"Living Wall","player_choice":"Grow","floor":10.0,"gold_loss":0.0,"damage_taken":0.0,"cards_upgraded":["Loop"]},{"damage_healed":0.0,"max_hp_gain":0.0,"max_hp_loss":0.0,"gold_gain":0.0,"event_name":"Masked Bandits","player_choice":"Fought Bandits","floor":19.0,"gold_loss":0.0,"damage_taken":0.0},{"damage_healed":0.0,"max_hp_gain":0.0,"max_hp_loss":0.0,"gold_gain":0.0,"event_name":"Colosseum","player_choice":"Fight","floor":20.0,"gold_loss":0.0,"damage_taken":0.0},{"damage_healed":0.0,"max_hp_gain":0.0,"max_hp_loss":0.0,"gold_gain":0.0,"event_name":"Colosseum","player_choice":"Fled From Nobs","floor":20.0,"gold_loss":0.0,"damage_taken":0.0},{"damage_healed":0.0,"max_hp_gain":0.0,"max_hp_loss":0.0,"gold_gain":0.0,"event_name":"Duplicator","player_choice":"Copied","floor":22.0,"gold_loss":0.0,"damage_taken":0.0,"cards_obtained":["Doom and Gloom"]},{"cards_removed":["Cold Snap"],"damage_healed":0.0,"max_hp_gain":0.0,"max_hp_loss":0.0,"gold_gain":0.0,"event_name":"Falling","player_choice":"Removed Attack","floor":36.0,"gold_loss":0.0,"damage_taken":0.0},{"damage_healed":16.0,"max_hp_gain":0.0,"max_hp_loss":0.0,"gold_gain":0.0,"event_name":"Winding Halls","player_choice":"Writhe","floor":38.0,"gold_loss":0.0,"damage_taken":0.0,"cards_obtained":["Writhe"]}],"is_beta":true,"boss_relics":[{"not_picked":["Empty Cage","Orrery"],"picked":"Runic Pyramid"},{"not_picked":["Pandora\u0027s Box","Astrolabe"],"picked":"Busted Crown"}],"items_purged_floors":[21,37,39],"is_endless":false,"potions_floor_spawned":[2,4,13,14,19,20,25,27,28,47,48],"ascension_level":20}