{"gold_per_floor":[113,113,129,145,145,145,175,175,175,222,234,274,305,380,392,499,561,573],"floor_reached":18,"playtime":1357,"items_purged":[],"score":305,"play_id":"bffbf33b-f3b4-41b2-859a-02bd6cf0c653","local_time":"20190723225716","daily_mods":["SealedDeck","Green Cards","Heirloom","Elite Swarm","Uncertain Future"],"is_ascension_mode":true,"campfire_choices":[{"data":"Armaments","floor":6.0,"key":"SMITH"},{"data":"Berserk","floor":8.0,"key":"SMITH"},{"data":"Noxious Fumes","floor":15.0,"key":"SMITH"}],"neow_cost":"","seed_source_timestamp":0,"circlet_count":0,"master_deck":["AscendersBane","Headbutt","Cleave+1","Flying Knee","Clothesline","Armaments+1","Shrug It Off","Blur","Shrug It Off+1","Ghostly Armor+1","Noxious Fumes+1","Well Laid Plans","Berserk+1","Venomology","Backstab","Metallicize","Barricade"],"special_seed":0,"relics":["Burning Blood","Incense Burner","Pantograph","MawBank","War Paint","Shuriken","Oddly Smooth Stone","Tiny House"],"potions_floor_usage":[18],"damage_taken":[{"damage":0.0,"enemies":"Small Slimes","floor":1.0,"turns":4.0},{"damage":1.0,"enemies":"2 Louse","floor":3.0,"turns":3.0},{"damage":2.0,"enemies":"Jaw Worm","floor":4.0,"turns":4.0},{"damage":21.0,"enemies":"Gremlin Nob","floor":7.0,"turns":4.0},{"damage":5.0,"enemies":"3 Sentries","floor":10.0,"turns":6.0},{"damage":0.0,"enemies":"Lagavulin","floor":12.0,"turns":6.0},{"damage":11.0,"enemies":"Looter","floor":13.0,"turns":3.0},{"damage":1.0,"enemies":"Lagavulin Event","floor":14.0,"turns":5.0},{"damage":3.0,"enemies":"The Guardian","floor":16.0,"turns":10.0},{"damage":6,"enemies":"3 Byrds","floor":18,"turns":5}],"seed_played":"-2129694110929747798","potions_obtained":[{"floor":1.0,"key":"Explosive Potion"},{"floor":4.0,"key":"Strength Potion"},{"floor":10.0,"key":"Ancient Potion"},{"floor":17,"key":"Energy Potion"}],"is_trial":true,"path_per_floor":["M","?","M","M","?","R","E","R","T","E","$","E","M","?","R","B",null,"M"],"character_chosen":"IRONCLAD","items_purchased":[],"campfire_rested":0,"item_purchase_floors":[],"current_hp_per_floor":[78,78,80,80,85,85,70,70,70,71,71,77,72,77,77,85,90,84],"gold":573,"neow_bonus":"","is_prod":false,"is_daily":false,"chose_seed":false,"campfire_upgraded":3,"win_rate":0,"timestamp":1563940636,"path_taken":["M","?","M","M","?","R","E","R","T","E","$","E","M","?","R","BOSS","M"],"build_version":"2019-07-17","purchased_purges":0,"victory":false,"max_hp_per_floor":[80,80,80,80,85,85,85,85,85,85,85,85,85,85,85,85,90,90],"card_choices":[{"not_picked":["Heavy Blade","Prepared"],"picked":"Well Laid Plans","floor":1.0},{"not_picked":["Corruption","Calculated Gamble","Cloak And Dagger"],"picked":"SKIP","floor":3.0},{"not_picked":["Warcry","Body Slam","Dagger Throw"],"picked":"SKIP","floor":4.0},{"not_picked":["A Thousand Cuts","Impervious"],"picked":"Berserk","floor":7.0},{"not_picked":["Glass Knife","Demon Form"],"picked":"Venomology","floor":10.0},{"not_picked":["Brutality","After Image","Limit Break"],"picked":"SKIP","floor":12.0},{"not_picked":["Acrobatics","Fire Breathing"],"picked":"Backstab","floor":13.0},{"not_picked":["Predator","Flying Knee"],"picked":"Metallicize","floor":14.0},{"not_picked":["Dark Embrace","Bullet Time"],"picked":"Barricade","floor":16.0}],"player_experience":422459,"relics_obtained":[{"floor":7.0,"key":"Pantograph"},{"floor":9.0,"key":"MawBank"},{"floor":10.0,"key":"War Paint"},{"floor":12.0,"key":"Shuriken"},{"floor":14.0,"key":"Oddly Smooth Stone"}],"event_choices":[{"damage_healed":0.0,"max_hp_gain":0.0,"max_hp_loss":0.0,"gold_gain":0.0,"event_name":"The Cleric","player_choice":"Leave","floor":2.0,"gold_loss":0.0,"damage_taken":0.0},{"damage_healed":0.0,"max_hp_gain":5.0,"max_hp_loss":0.0,"gold_gain":0.0,"event_name":"Big Fish","player_choice":"Donut","floor":5.0,"gold_loss":0.0,"damage_taken":0.0},{"damage_healed":0.0,"max_hp_gain":0.0,"max_hp_loss":0.0,"gold_gain":30.0,"event_name":"Dead Adventurer","player_choice":"Searched \u00272\u0027 times","floor":14.0,"gold_loss":0.0,"damage_taken":0.0}],"is_beta":false,"boss_relics":[{"not_picked":["Ectoplasm","Empty Cage"],"picked":"Tiny House"}],"items_purged_floors":[],"is_endless":false,"potions_floor_spawned":[1,4,10],"killed_by":"3 Byrds","ascension_level":10}