{"gold_per_floor":[115,40,54,54,66,66,76,111,111,121,121,131,141,155,155,253,253,253,253,26,26,26],"floor_reached":22,"playtime":999,"items_purged":["Strike_B"],"score":266,"play_id":"0cff408f-dd03-479e-8288-b2b8b0b05b3b","local_time":"20190801062954","is_ascension_mode":true,"campfire_choices":[{"data":"Zap","floor":6,"key":"SMITH"},{"data":"Tempest","floor":11,"key":"SMITH"},{"data":"Redo","floor":15,"key":"SMITH"}],"neow_cost":"NONE","seed_source_timestamp":183397704968740,"circlet_count":0,"master_deck":["Strike_B","Strike_B","Strike_B","Defend_B","Defend_B","Zap+1","Dualcast","Thunder Strike","Ball Lightning","BootSequence","Redo+1","Conserve Battery","Tempest+1","Echo Form","Go for the Eyes","Turbo","BootSequence","Biased Cognition","Hello World+1","Glacier","Apotheosis"],"relics":["Cracked Core","Boot","The Courier","Ectoplasm","Membership Card"],"potions_floor_usage":[8],"damage_taken":[{"damage":0,"enemies":"Cultist","floor":1,"turns":4},{"damage":0,"enemies":"2 Louse","floor":3,"turns":2},{"damage":0,"enemies":"Jaw Worm","floor":5,"turns":2},{"damage":8,"enemies":"Blue Slaver","floor":7,"turns":3},{"damage":19,"enemies":"3 Sentries","floor":8,"turns":5},{"damage":3,"enemies":"Gremlin Gang","floor":10,"turns":4},{"damage":3,"enemies":"2 Fungi Beasts","floor":12,"turns":3},{"damage":1,"enemies":"Looter","floor":13,"turns":2},{"damage":1,"enemies":"Lots of Slimes","floor":14,"turns":3},{"damage":22,"enemies":"Slime Boss","floor":16,"turns":6},{"damage":0,"enemies":"3 Byrds","floor":18,"turns":3},{"damage":0,"enemies":"Spheric Guardian","floor":21,"turns":3},{"damage":77,"enemies":"Masked Bandits","floor":22,"turns":4}],"seed_played":"7426832370704156272","potions_obtained":[{"floor":5,"key":"Fire Potion"},{"floor":7,"key":"Dexterity Potion"},{"floor":13,"key":"SpeedPotion"},{"floor":14,"key":"FairyPotion"},{"floor":16,"key":"EssenceOfSteel"},{"floor":18,"key":"Weak Potion"}],"is_trial":false,"path_per_floor":["M","$","M","?","M","R","M","E","T","M","R","M","M","M","R","B",null,"M","?","$","M","?"],"character_chosen":"DEFECT","items_purchased":["Membership Card","Apotheosis"],"campfire_rested":0,"item_purchase_floors":[20,20],"current_hp_per_floor":[68,68,68,68,68,68,60,41,41,38,38,35,34,33,33,11,59,59,59,59,59,0],"gold":26,"neow_bonus":"ONE_RANDOM_RARE_CARD","is_prod":false,"is_daily":false,"chose_seed":false,"campfire_upgraded":3,"win_rate":0,"timestamp":1564608594,"path_taken":["M","$","M","?","M","R","?","E","T","M","R","M","M","M","R","BOSS","M","?","$","?","?"],"build_version":"2019-07-17","purchased_purges":1,"victory":false,"max_hp_per_floor":[75,75,75,75,75,75,75,75,75,75,75,75,75,75,75,75,75,75,75,75,75,75],"card_choices":[{"not_picked":["Cold Snap","Go for the Eyes"],"picked":"Ball Lightning","floor":1},{"not_picked":["Hologram","Streamline"],"picked":"BootSequence","floor":3},{"not_picked":["Streamline","Undo","Leap"],"picked":"SKIP","floor":5},{"not_picked":["Redo","Steam"],"picked":"Conserve Battery","floor":7},{"not_picked":["Blizzard","Rebound"],"picked":"Tempest","floor":8},{"not_picked":["Streamline","Stack"],"picked":"Echo Form","floor":10},{"not_picked":["Tempest","Barrage"],"picked":"Go for the Eyes","floor":12},{"not_picked":["Force Field","Go for the Eyes"],"picked":"Turbo","floor":13},{"not_picked":["Chill","Steam"],"picked":"BootSequence","floor":14},{"not_picked":["All For One","Rainbow"],"picked":"Biased Cognition","floor":16},{"not_picked":["Streamline","Ball Lightning"],"picked":"Hello World+1","floor":18},{"not_picked":["Doom and Gloom+1","Auto Shields","Conserve Battery"],"picked":"SKIP","floor":21}],"player_experience":171945,"relics_obtained":[{"floor":8,"key":"Boot"},{"floor":9,"key":"The Courier"}],"event_choices":[{"damage_healed":0,"gold_gain":0,"cards_transformed":["Defend_B"],"player_choice":"Transformed","damage_taken":0,"max_hp_gain":0,"max_hp_loss":0,"event_name":"Transmorgrifier","floor":4,"gold_loss":0,"cards_obtained":["Redo"]},{"damage_healed":0,"gold_gain":0,"cards_transformed":["Defend_B"],"player_choice":"Transformed","damage_taken":0,"max_hp_gain":0,"max_hp_loss":0,"event_name":"Transmorgrifier","floor":19,"gold_loss":0,"cards_obtained":["Glacier"]},{"damage_healed":0,"gold_gain":0,"player_choice":"Fought Bandits","damage_taken":0,"max_hp_gain":0,"max_hp_loss":0,"event_name":"Masked Bandits","floor":22,"gold_loss":0}],"is_beta":false,"boss_relics":[{"not_picked":["Tiny House","Calling Bell"],"picked":"Ectoplasm"}],"items_purged_floors":[2],"is_endless":false,"potions_floor_spawned":[5,7,13,14,16,18],"killed_by":"Masked Bandits","ascension_level":8}