{"gold_per_floor":[113,129,141,141,141,141,173,173,173,219,231,283,308,280,292,304],"floor_reached":16,"playtime":788,"items_purged":[],"score":224,"play_id":"674c3d92-bd75-49c4-bb7f-626c02df4301","local_time":"20190806133847","is_ascension_mode":true,"campfire_choices":[{"data":"Streamline","floor":6,"key":"SMITH"},{"floor":11,"key":"REST"},{"floor":15,"key":"REST"}],"neow_cost":"NONE","seed_source_timestamp":15812605544339,"circlet_count":0,"master_deck":["AscendersBane","Strike_B","Strike_B","Strike_B","Strike_B","Defend_B","Defend_B","Defend_B","Zap","Dualcast","Streamline+1","Glacier","BootSequence","Coolheaded","Reprogram","Buffer","Coolheaded"],"relics":["Cracked Core","Sundial","Golden Idol","MawBank","Happy Flower","Art of War"],"potions_floor_usage":[7,10,10],"damage_taken":[{"damage":4,"enemies":"2 Louse","floor":1,"turns":2},{"damage":7,"enemies":"Jaw Worm","floor":2,"turns":3},{"damage":14,"enemies":"Small Slimes","floor":3,"turns":3},{"damage":8,"enemies":"Lagavulin","floor":7,"turns":7},{"damage":11,"enemies":"3 Sentries","floor":10,"turns":8},{"damage":22,"enemies":"Lagavulin","floor":12,"turns":7},{"damage":18,"enemies":"Exordium Thugs","floor":13,"turns":6},{"damage":0,"enemies":"Looter","floor":14,"turns":4},{"damage":30,"enemies":"The Guardian","floor":16,"turns":14}],"seed_played":"-4691730417431452903","potions_obtained":[{"floor":2,"key":"Dexterity Potion"},{"floor":3,"key":"Poison Potion"},{"floor":7,"key":"FearPotion"}],"is_trial":false,"path_per_floor":["M","M","M","?","?","R","E","?","T","E","R","E","M","M","R","B"],"character_chosen":"DEFECT","items_purchased":[],"campfire_rested":2,"item_purchase_floors":[],"current_hp_per_floor":[67,60,46,51,44,44,36,36,36,25,47,25,7,7,29,0],"gold":304,"neow_bonus":"TEN_PERCENT_HP_BONUS","is_prod":false,"is_daily":false,"chose_seed":false,"campfire_upgraded":1,"win_rate":0,"timestamp":1565066327,"path_taken":["M","M","M","?","?","R","E","?","T","E","R","E","M","M","R","BOSS"],"build_version":"2019-07-17","purchased_purges":0,"victory":false,"max_hp_per_floor":[78,78,78,83,83,83,83,75,75,75,75,75,75,75,75,75],"card_choices":[{"not_picked":["Conserve Battery","Consume"],"picked":"Streamline","floor":1},{"not_picked":["Compile Driver","Turbo"],"picked":"Glacier","floor":2},{"not_picked":["Ball Lightning","Self Repair"],"picked":"BootSequence","floor":3},{"not_picked":["Chaos","Stack"],"picked":"Coolheaded","floor":7},{"not_picked":["Redo","Fusion"],"picked":"Reprogram","floor":10},{"not_picked":["Compile Driver","Storm"],"picked":"Buffer","floor":12},{"not_picked":["Reprogram","Sweeping Beam","Barrage"],"picked":"SKIP","floor":13},{"not_picked":["Hello World","All For One"],"picked":"Coolheaded","floor":14}],"player_experience":256363,"relics_obtained":[{"floor":7,"key":"Sundial"},{"floor":9,"key":"MawBank"},{"floor":10,"key":"Happy Flower"},{"floor":12,"key":"Art of War"}],"event_choices":[{"damage_healed":0,"gold_gain":0,"player_choice":"Donut","damage_taken":0,"max_hp_gain":5,"max_hp_loss":0,"event_name":"Big Fish","floor":4,"gold_loss":0},{"cards_removed":["Defend_B"],"damage_healed":0,"gold_gain":0,"player_choice":"Card Removal","damage_taken":7,"max_hp_gain":0,"max_hp_loss":0,"event_name":"Golden Wing","floor":5,"gold_loss":0},{"damage_healed":0,"gold_gain":0,"player_choice":"Lose Max HP","damage_taken":0,"relics_obtained":["Golden Idol"],"max_hp_gain":0,"max_hp_loss":8,"event_name":"Golden Idol","floor":8,"gold_loss":0}],"is_beta":false,"boss_relics":[],"items_purged_floors":[],"is_endless":false,"potions_floor_spawned":[2,3,7],"killed_by":"The Guardian","ascension_level":18}