{"gold_per_floor":[118,128,128,303,131,174,195,233,233,233,257,296,317,337,337,458,458,476,401,425,253,253,253,286,306,352,373,373,14,14,45,45,169,169,188,188,206,56,56,56,91,91,91,124,124,124,124,145,145,145,145,145,10,44,44],"floor_reached":55,"playtime":6629,"items_purged":["Doubt","Pain","Strike_R","Defend_R"],"score":909,"play_id":"fd00db77-342e-4629-a53b-ed93d45c861d","local_time":"20190807114838","is_ascension_mode":true,"campfire_choices":[{"data":"Bash","floor":15,"key":"SMITH"},{"data":"Demon Form","floor":23,"key":"SMITH"},{"data":"Flex","floor":28,"key":"SMITH"},{"floor":32,"key":"REST"},{"data":"Mayhem","floor":40,"key":"SMITH"},{"data":"Heavy Blade","floor":42,"key":"SMITH"},{"floor":45,"key":"REST"},{"floor":49,"key":"RECALL"},{"data":"Sword Boomerang","floor":52,"key":"SMITH"}],"neow_cost":"NONE","seed_source_timestamp":194197837943600,"circlet_count":0,"master_deck":["Strike_R","Strike_R","Defend_R+1","Defend_R+1","Bash+1","Spot Weakness","Twin Strike","Shrug It Off","Clothesline","Flex+1","Fiend Fire","Pummel","Sword Boomerang+1","Inflame","Flex+1","Demon Form+1","Burning Pact+1","Shrug It Off+1","Shrug It Off+1","Combust+1","Heavy Blade+1","Shockwave+1","Limit Break+1","Inflame","Fiend Fire","Rage+1","Intimidate+1","Metamorphosis+1","Mayhem+1","Seeing Red+1","Warcry+1","Madness+1","Madness+1","Bloodletting+1","PanicButton+1","Warcry+1"],"relics":["Burning Blood","NeowsBlessing","Golden Idol","Bag of Marbles","Ginger","Toxic Egg 2","WarpedTongs","Red Skull","Runic Cube","Regal Pillow","Torii","Happy Flower","PreservedInsect","Oddly Smooth Stone","Empty Cage","Vajra","Bottled Tornado","War Paint"],"potions_floor_usage":[8,18,24,31,33,41,44,44,50,55],"damage_taken":[{"damage":0,"enemies":"Small Slimes","floor":1,"turns":1},{"damage":0,"enemies":"2 Louse","floor":2,"turns":1},{"damage":0,"enemies":"Gremlin Nob","floor":6,"turns":1},{"damage":1,"enemies":"Cultist","floor":7,"turns":3},{"damage":28,"enemies":"Lagavulin","floor":8,"turns":5},{"damage":2,"enemies":"Blue Slaver","floor":11,"turns":3},{"damage":15,"enemies":"Gremlin Nob","floor":12,"turns":3},{"damage":7,"enemies":"Exordium Wildlife","floor":13,"turns":2},{"damage":0,"enemies":"2 Fungi Beasts","floor":14,"turns":2},{"damage":32,"enemies":"Hexaghost","floor":16,"turns":7},{"damage":6,"enemies":"Spheric Guardian","floor":18,"turns":3},{"damage":18,"enemies":"2 Thieves","floor":20,"turns":4},{"damage":5,"enemies":"Book of Stabbing","floor":24,"turns":3},{"damage":30,"enemies":"Sentry and Sphere","floor":25,"turns":5},{"damage":2,"enemies":"Cultist and Chosen","floor":27,"turns":5},{"damage":1,"enemies":"Slavers","floor":31,"turns":3},{"damage":27,"enemies":"Automaton","floor":33,"turns":6},{"damage":12,"enemies":"3 Darklings","floor":35,"turns":5},{"damage":10,"enemies":"3 Shapes","floor":37,"turns":6},{"damage":18,"enemies":"Reptomancer","floor":41,"turns":3},{"damage":27,"enemies":"Giant Head","floor":44,"turns":6},{"damage":26,"enemies":"3 Darklings","floor":48,"turns":7},{"damage":48,"enemies":"Time Eater","floor":50,"turns":5},{"damage":28,"enemies":"Shield and Spear","floor":54,"turns":4},{"damage":59,"enemies":"The Heart","floor":55,"turns":3}],"seed_played":"-4169879539166860467","potions_obtained":[{"floor":1,"key":"Strength Potion"},{"floor":11,"key":"Fire Potion"},{"floor":12,"key":"Fire Potion"},{"floor":14,"key":"Regen Potion"},{"floor":25,"key":"SpeedPotion"},{"floor":31,"key":"SkillPotion"},{"floor":33,"key":"Explosive Potion"},{"floor":35,"key":"AttackPotion"},{"floor":41,"key":"Strength Potion"},{"floor":44,"key":"LiquidBronze"},{"floor":54,"key":"Fire Potion"}],"is_trial":false,"path_per_floor":["M","M","?","?","$","E","M","E","T","?","M","E","M","M","R","B",null,"M","?","M","$","?","R","E","M","T","M","R","$","?","E","R","B",null,"M","?","M","$","?","R","E","R","T","E","R","?","?","M","R","B",null,"R","$","E","B"],"character_chosen":"IRONCLAD","items_purchased":["Shrug It Off","Clothesline","Shrug It Off+1","Block Potion","Limit Break+1","PreservedInsect","Swift Potion","PanicButton+1"],"campfire_rested":2,"item_purchase_floors":[5,5,21,21,29,29,53,53],"current_hp_per_floor":[80,80,80,80,80,80,80,58,58,58,62,53,52,58,58,32,80,80,80,68,68,68,68,69,45,45,49,49,49,49,54,80,59,80,74,74,70,70,65,65,53,53,53,32,71,61,61,41,41,13,80,80,80,58,0],"gold":44,"neow_bonus":"THREE_ENEMY_KILL","is_prod":false,"is_daily":false,"chose_seed":false,"campfire_upgraded":6,"win_rate":0,"timestamp":1565146118,"path_taken":["M","M","?","?","$","E","M","E","T","?","M","E","M","?","R","BOSS","M","?","M","$","?","R","E","M","T","M","R","$","?","E","R","BOSS","M","?","M","$","?","R","E","R","T","E","R","?","?","?","R","BOSS","R","$","E","BOSS"],"build_version":"2019-07-17","purchased_purges":4,"victory":false,"max_hp_per_floor":[80,80,80,80,80,80,80,80,80,80,80,80,80,80,80,80,80,80,80,80,80,80,80,80,80,80,80,80,80,80,80,80,80,80,80,80,80,80,80,80,80,80,80,80,80,80,80,80,80,80,80,80,80,80,80],"card_choices":[{"not_picked":["Metallicize","Headbutt"],"picked":"Spot Weakness","floor":1},{"not_picked":["Iron Wave","Hemokinesis"],"picked":"Twin Strike","floor":2},{"not_picked":["Wild Strike","Warcry"],"picked":"Flex","floor":6},{"not_picked":["Havoc","Headbutt"],"picked":"Fiend Fire","floor":7},{"not_picked":["Flame Barrier","Bludgeon"],"picked":"Pummel","floor":8},{"not_picked":["Anger","Havoc+1"],"picked":"Sword Boomerang","floor":11},{"not_picked":["Blood for Blood","Iron Wave"],"picked":"Inflame","floor":12},{"not_picked":["Pommel Strike","Clash","Iron Wave"],"picked":"SKIP","floor":13},{"not_picked":["Heavy Blade","Havoc+1"],"picked":"Flex+1","floor":14},{"not_picked":["Bludgeon","Impervious+1"],"picked":"Demon Form","floor":16},{"not_picked":["Cleave","Wild Strike"],"picked":"Burning Pact+1","floor":18},{"not_picked":["Thunderclap","Carnage"],"picked":"Shrug It Off+1","floor":20},{"not_picked":["Sever Soul","Perfected Strike"],"picked":"Combust+1","floor":24},{"not_picked":["Sword Boomerang","Headbutt"],"picked":"Heavy Blade","floor":25},{"not_picked":["Iron Wave+1","Blood for Blood"],"picked":"Shockwave+1","floor":27},{"not_picked":["Dark Embrace","Spot Weakness+1"],"picked":"Inflame","floor":31},{"not_picked":["Immolate","Barricade"],"picked":"Fiend Fire","floor":33},{"not_picked":["Armaments+1","Body Slam"],"picked":"Rage+1","floor":35},{"not_picked":["Body Slam","Entrench+1"],"picked":"Intimidate+1","floor":37},{"not_picked":["Finesse+1","Forethought+1"],"picked":"Metamorphosis+1","floor":39},{"not_picked":["Discovery+1","Violence+1"],"picked":"Mayhem","floor":39},{"not_picked":["Blood for Blood","Immolate"],"picked":"Seeing Red+1","floor":41},{"not_picked":["Sever Soul","Headbutt+1"],"picked":"Warcry+1","floor":44},{"not_picked":["Burning Pact+1","Entrench+1"],"picked":"Bloodletting+1","floor":48},{"not_picked":["Pommel Strike+1","Armaments+1"],"picked":"Warcry+1","floor":54}],"player_experience":205993,"relics_obtained":[{"floor":6,"key":"Bag of Marbles"},{"floor":8,"key":"Ginger"},{"floor":9,"key":"Toxic Egg 2"},{"floor":12,"key":"Red Skull"},{"floor":24,"key":"Torii"},{"floor":26,"key":"Happy Flower"},{"floor":31,"key":"Oddly Smooth Stone"},{"floor":41,"key":"Vajra"},{"floor":44,"key":"Bottled Tornado"},{"floor":54,"key":"War Paint"}],"event_choices":[{"damage_healed":0,"gold_gain":0,"player_choice":"Take Wound","damage_taken":0,"relics_obtained":["Golden Idol"],"max_hp_gain":0,"max_hp_loss":0,"event_name":"Golden Idol","floor":3,"gold_loss":0,"cards_obtained":["Injury"]},{"damage_healed":0,"gold_gain":175,"player_choice":"AGREE","damage_taken":0,"max_hp_gain":0,"max_hp_loss":0,"event_name":"Liars Game","floor":4,"gold_loss":0,"cards_obtained":["Doubt"]},{"damage_healed":0,"gold_gain":0,"player_choice":"Rummage","damage_taken":0,"relics_obtained":["WarpedTongs"],"max_hp_gain":0,"max_hp_loss":0,"event_name":"Accursed Blacksmith","floor":10,"gold_loss":0,"cards_obtained":["Pain"]},{"cards_removed":["Injury"],"damage_healed":0,"gold_gain":0,"player_choice":"Gave Gold","damage_taken":0,"max_hp_gain":0,"max_hp_loss":0,"event_name":"Beggar","floor":19,"gold_loss":75},{"damage_healed":0,"gold_gain":0,"player_choice":"Opened","damage_taken":0,"relics_obtained":["Regal Pillow"],"max_hp_gain":0,"max_hp_loss":0,"event_name":"The Mausoleum","floor":22,"gold_loss":0},{"damage_healed":0,"gold_gain":0,"player_choice":"Ignored","damage_taken":0,"max_hp_gain":0,"max_hp_loss":0,"event_name":"Ghosts","floor":30,"gold_loss":0},{"damage_healed":0,"gold_gain":0,"player_choice":"Ignored","damage_taken":0,"max_hp_gain":0,"max_hp_loss":0,"event_name":"Tomb of Lord Red Mask","floor":36,"gold_loss":0},{"damage_healed":0,"gold_gain":0,"player_choice":"Memory 2","damage_taken":5,"max_hp_gain":0,"max_hp_loss":0,"event_name":"SensoryStone","floor":39,"gold_loss":0},{"damage_healed":0,"gold_gain":0,"player_choice":"Embrace Madness","damage_taken":10,"max_hp_gain":0,"max_hp_loss":0,"event_name":"Winding Halls","floor":46,"gold_loss":0,"cards_obtained":["Madness","Madness"]},{"cards_removed":["Strike_R"],"damage_healed":0,"gold_gain":0,"player_choice":"Purged","damage_taken":0,"max_hp_gain":0,"max_hp_loss":0,"event_name":"Purifier","floor":47,"gold_loss":0}],"is_beta":false,"boss_relics":[{"not_picked":["Runic Pyramid","Tiny House"],"picked":"Runic Cube"},{"not_picked":["Calling Bell","Orrery"],"picked":"Empty Cage"}],"items_purged_floors":[5,21,29,38],"is_endless":false,"potions_floor_spawned":[1,11,12,14,25,27,31,33,35,41,44,54],"killed_by":"The Heart","ascension_level":2}