{"gold_per_floor":[19,34,34,53,71,71,133,21,21,21,53,70,70,396,396,470,470,488,183,196,13,63,96,120,166,178,190,213,242,254,109,109,181,181,201,201,301,301,316,316,349,349,349,374,374,390,240,65,65,65,65],"floor_reached":52,"playtime":1627,"items_purged":["Strike_B","Strike_B","Strike_B","Decay","Decay"],"score":1987,"play_id":"0069342b-611b-4b57-83ed-5bf95d6ae856","local_time":"20190720232427","is_ascension_mode":true,"campfire_choices":[{"data":"Zap","floor":6,"key":"SMITH"},{"data":"1","floor":13,"key":"LIFT"},{"data":"2","floor":15,"key":"LIFT"},{"data":"3","floor":27,"key":"LIFT"},{"data":"Fusion","floor":30,"key":"SMITH"},{"data":"Loop","floor":32,"key":"SMITH"},{"data":"Fission","floor":40,"key":"SMITH"},{"data":"Seek","floor":42,"key":"SMITH"},{"data":"Turbo","floor":49,"key":"SMITH"}],"neow_cost":"NO_GOLD","seed_source_timestamp":31448724757766,"circlet_count":0,"master_deck":["AscendersBane","Defend_B","Defend_B","Defend_B","Zap+1","Dualcast","Cold Snap","Ball Lightning","Auto Shields","Ball Lightning","Glacier","Electrodynamics","Genetic Algorithm","Cold Snap","Biased Cognition","Self Repair","Ball Lightning+1","Auto Shields","Compile Driver","Conserve Battery","Thunder Strike+1","Fusion+1","Loop+1","Master of Strategy","Turbo+1","Capacitor","Barrage+1","Static Discharge+1","Beam Cell+1","Self Repair+1","Seek+1","Fission+1","Capacitor","Coolheaded+1","Double Energy+1","Tempest"],"relics":["Cracked Core","Prayer Wheel","Girya","Mango","Matryoshka","Old Coin","Runic Pyramid","MawBank","Sundial","Question Card","DataDisk","Bag of Preparation","Cursed Key","Bird Faced Urn","Whetstone","Lantern","StoneCalendar","Pear"],"potions_floor_usage":[7,25,50,51],"damage_taken":[{"damage":0,"enemies":"Cultist","floor":1,"turns":3},{"damage":7,"enemies":"2 Louse","floor":2,"turns":3},{"damage":0,"enemies":"Small Slimes","floor":4,"turns":2},{"damage":0,"enemies":"3 Louse","floor":5,"turns":1},{"damage":3,"enemies":"Gremlin Nob","floor":7,"turns":4},{"damage":4,"enemies":"3 Sentries","floor":11,"turns":3},{"damage":0,"enemies":"Lots of Slimes","floor":12,"turns":1},{"damage":17,"enemies":"Lagavulin","floor":14,"turns":5},{"damage":15,"enemies":"The Guardian","floor":16,"turns":9},{"damage":5,"enemies":"Shell Parasite","floor":18,"turns":6},{"damage":2,"enemies":"3 Byrds","floor":20,"turns":3},{"damage":13,"enemies":"Gremlin Leader","floor":23,"turns":5},{"damage":18,"enemies":"Centurion and Healer","floor":24,"turns":6},{"damage":13,"enemies":"Slavers","floor":25,"turns":2},{"damage":9,"enemies":"Cultist and Chosen","floor":28,"turns":5},{"damage":14,"enemies":"Snake Plant","floor":29,"turns":4},{"damage":18,"enemies":"Automaton","floor":33,"turns":8},{"damage":0,"enemies":"3 Shapes","floor":35,"turns":2},{"damage":0,"enemies":"Mind Bloom Boss Battle","floor":37,"turns":6},{"damage":0,"enemies":"3 Darklings","floor":39,"turns":3},{"damage":20,"enemies":"Giant Head","floor":41,"turns":7},{"damage":0,"enemies":"Nemesis","floor":44,"turns":7},{"damage":0,"enemies":"Sphere and 2 Shapes","floor":46,"turns":3},{"damage":2,"enemies":"Awakened One","floor":50,"turns":6},{"damage":27,"enemies":"Time Eater","floor":51,"turns":5}],"seed_played":"3829101410414994009","potions_obtained":[{"floor":2,"key":"PowerPotion"},{"floor":12,"key":"FocusPotion"},{"floor":14,"key":"EssenceOfSteel"},{"floor":18,"key":"PowerPotion"},{"floor":29,"key":"Fire Potion"},{"floor":33,"key":"FocusPotion"}],"is_trial":false,"path_per_floor":["M","M","?","M","M","R","?","$","T","?","E","M","R","E","R","B",null,"M","$","M","$","?","E","M","E","T","R","M","M","R","$","R","B",null,"M","?","?","?","M","R","E","R","T","E","?","M","$","$","R","B","B",null],"character_chosen":"DEFECT","items_purchased":["Self Repair","Master of Strategy","Turbo","Bag of Preparation"],"campfire_rested":0,"item_purchase_floors":[8,19,21,31],"current_hp_per_floor":[64,57,57,57,57,57,54,54,68,68,64,64,64,54,54,46,75,77,77,75,75,75,69,58,52,52,52,50,53,53,53,53,52,77,85,85,85,85,85,85,82,82,82,95,95,95,95,95,95,95,78],"gold":65,"neow_bonus":"ONE_RARE_RELIC","is_prod":false,"is_daily":false,"chose_seed":false,"campfire_upgraded":6,"win_rate":0,"timestamp":1563657867,"path_taken":["M","?","?","M","M","R","?","$","T","?","E","M","R","E","R","BOSS","M","$","M","?","?","E","M","E","T","R","M","M","R","$","R","BOSS","M","?","?","?","?","R","E","R","T","E","?","M","?","$","R","BOSS","BOSS"],"build_version":"2019-07-18","purchased_purges":5,"victory":true,"max_hp_per_floor":[71,71,71,71,71,71,71,71,85,85,85,85,85,85,85,85,85,85,85,85,85,85,85,85,85,85,85,85,85,85,85,85,85,85,85,85,85,85,85,85,85,85,85,95,95,95,95,95,95,95,95],"card_choices":[{"not_picked":["Steam Power","Streamline"],"picked":"Cold Snap","floor":1},{"not_picked":["Turbo","Compile Driver"],"picked":"Ball Lightning","floor":1},{"not_picked":["Turbo","Redo"],"picked":"Auto Shields","floor":2},{"not_picked":["Aggregate","Streamline"],"picked":"Ball Lightning","floor":2},{"not_picked":["Barrage","Undo"],"picked":"Glacier","floor":4},{"not_picked":["Reinforced Body","Turbo"],"picked":"Electrodynamics","floor":4},{"not_picked":["Rebound","Redo"],"picked":"Genetic Algorithm","floor":5},{"not_picked":["Recycle","Cold Snap","Stack"],"picked":"SKIP","floor":5},{"not_picked":["Recycle","Stack"],"picked":"Cold Snap","floor":5},{"not_picked":["Beam Cell","Scrape"],"picked":"Biased Cognition","floor":7},{"not_picked":["Redo","Ball Lightning"],"picked":"Auto Shields","floor":11},{"not_picked":["Beam Cell","Cold Snap"],"picked":"Compile Driver","floor":12},{"not_picked":["Rebound","Storm","Barrage"],"picked":"SKIP","floor":12},{"not_picked":["Leap","Sunder"],"picked":"Conserve Battery","floor":14},{"not_picked":["Reboot","Amplify"],"picked":"Thunder Strike","floor":16},{"not_picked":["Conserve Battery","Genetic Algorithm"],"picked":"Fusion","floor":18},{"not_picked":["Conserve Battery","Recycle","Loop"],"picked":"SKIP","floor":18},{"not_picked":["Conserve Battery","Recycle"],"picked":"Loop","floor":18},{"not_picked":["Steam","Beam Cell","Gash"],"picked":"SKIP","floor":20},{"not_picked":["Blizzard","Redo","Rebound"],"picked":"SKIP","floor":20},{"not_picked":["Conserve Battery","Turbo"],"picked":"Capacitor","floor":23},{"not_picked":["Leap","Redo"],"picked":"Barrage+1","floor":24},{"not_picked":["Streamline","Coolheaded"],"picked":"Static Discharge+1","floor":24},{"not_picked":["Rebound","Tempest","Auto Shields"],"picked":"SKIP","floor":25},{"not_picked":["Creative AI","Ball Lightning","Steam"],"picked":"Beam Cell+1","floor":28},{"not_picked":["Cold Snap+1","Beam Cell","Sweeping Beam+1"],"picked":"Self Repair+1","floor":28},{"not_picked":["Sweeping Beam","Go for the Eyes","Self Repair"],"picked":"Seek","floor":29},{"not_picked":["Compile Driver","FTL","Reinforced Body","Undo"],"picked":"SKIP","floor":29},{"not_picked":["All For One","Machine Learning","Reboot"],"picked":"Fission","floor":33},{"not_picked":["Skim","Stack","Coolheaded","Genetic Algorithm"],"picked":"SKIP","floor":35},{"not_picked":["Double Energy","Streamline","Sweeping Beam","Undo+1"],"picked":"SKIP","floor":35},{"not_picked":["Stack","Defragment","Leap"],"picked":"Capacitor","floor":37},{"not_picked":["Steam","Tempest","Turbo"],"picked":"Coolheaded","floor":39},{"not_picked":["Heatsinks","Sweeping Beam","Gash","Storm"],"picked":"SKIP","floor":39},{"not_picked":["Amplify","Sunder","Compile Driver"],"picked":"Double Energy+1","floor":41},{"not_picked":["Hologram","Lockon+1","Barrage"],"picked":"Tempest","floor":44},{"not_picked":["Sunder","Conserve Battery","Beam Cell","Defragment+1"],"picked":"SKIP","floor":46},{"not_picked":["Go for the Eyes","Storm","Barrage+1","Skim+1"],"picked":"SKIP","floor":46}],"player_experience":1907742,"relics_obtained":[{"floor":7,"key":"Girya"},{"floor":9,"key":"Mango"},{"floor":11,"key":"Matryoshka"},{"floor":14,"key":"Old Coin"},{"floor":23,"key":"MawBank"},{"floor":25,"key":"Sundial"},{"floor":26,"key":"Question Card"},{"floor":26,"key":"DataDisk"},{"floor":37,"key":"Bird Faced Urn"},{"floor":41,"key":"Whetstone"},{"floor":43,"key":"Lantern"},{"floor":43,"key":"StoneCalendar"},{"floor":44,"key":"Pear"}],"event_choices":[{"cards_removed":["Strike_B"],"damage_healed":0,"gold_gain":0,"player_choice":"Forget","damage_taken":0,"max_hp_gain":0,"max_hp_loss":0,"event_name":"Living Wall","floor":3,"gold_loss":0},{"damage_healed":0,"gold_gain":0,"player_choice":"Searched \u00271\u0027 times","damage_taken":0,"max_hp_gain":0,"max_hp_loss":0,"event_name":"Dead Adventurer","floor":7,"gold_loss":0},{"damage_healed":0,"gold_gain":0,"player_choice":"1 cards matched","damage_taken":0,"max_hp_gain":0,"max_hp_loss":0,"event_name":"Match and Keep!","floor":10,"gold_loss":0,"cards_obtained":["Ball Lightning"]},{"damage_healed":0,"gold_gain":50,"player_choice":"Stole From Cult","damage_taken":0,"max_hp_gain":0,"max_hp_loss":0,"event_name":"Nest","floor":22,"gold_loss":0},{"cards_removed":["Defend_B"],"damage_healed":0,"gold_gain":0,"player_choice":"Removed Skill","damage_taken":0,"max_hp_gain":0,"max_hp_loss":0,"event_name":"Falling","floor":36,"gold_loss":0},{"damage_healed":0,"gold_gain":0,"player_choice":"Fight","damage_taken":0,"max_hp_gain":0,"max_hp_loss":0,"event_name":"MindBloom","floor":37,"gold_loss":0},{"damage_healed":0,"gold_gain":0,"player_choice":"Cursed","damage_taken":0,"max_hp_gain":0,"max_hp_loss":0,"event_name":"Wheel of Change","floor":38,"gold_loss":0,"cards_obtained":["Decay"]},{"damage_healed":0,"gold_gain":0,"player_choice":"Forge","damage_taken":0,"max_hp_gain":0,"max_hp_loss":0,"event_name":"Accursed Blacksmith","floor":45,"gold_loss":0,"cards_upgraded":["Coolheaded"]}],"is_beta":true,"boss_relics":[{"not_picked":["Calling Bell","Coffee Dripper"],"picked":"Runic Pyramid"},{"not_picked":["Astrolabe","Philosopher\u0027s Stone"],"picked":"Cursed Key"}],"items_purged_floors":[8,19,21,47,48],"is_endless":false,"potions_floor_spawned":[2,12,14,18,29,33,39,41,44,46],"ascension_level":20}