{"gold_per_floor":[216,235,235,245,245,245,245,7,7,38,53,53,96,114,114,114],"floor_reached":16,"playtime":385,"items_purged":["Regret"],"score":220,"play_id":"2222677d-d901-4529-84eb-15a792fd7775","local_time":"20190614003215","is_ascension_mode":true,"campfire_choices":[{"data":"Zap","floor":6,"key":"SMITH"},{"floor":12,"key":"REST"},{"floor":15,"key":"REST"}],"neow_cost":"NONE","seed_source_timestamp":20730631267187,"circlet_count":0,"master_deck":["AscendersBane","Strike_B","Strike_B","Strike_B","Strike_B","Defend_B","Defend_B","Defend_B","Defend_B","Zap+1","Dualcast","Ball Lightning","Cold Snap","Seek","Reinforced Body","Glacier","Capacitor","Self Repair"],"relics":["Cracked Core","Question Card","Boot","Golden Idol","Pear","Thread and Needle","Mercury Hourglass"],"potions_floor_usage":[11,11],"damage_taken":[{"damage":1,"enemies":"Cultist","floor":1,"turns":4},{"damage":5,"enemies":"2 Louse","floor":2,"turns":3},{"damage":7,"enemies":"Jaw Worm","floor":4,"turns":3},{"damage":60,"enemies":"Gremlin Nob","floor":10,"turns":5},{"damage":0,"enemies":"Large Slime","floor":11,"turns":4},{"damage":15,"enemies":"Lagavulin","floor":13,"turns":7},{"damage":0,"enemies":"Blue Slaver","floor":14,"turns":3},{"damage":31,"enemies":"Hexaghost","floor":16,"turns":9}],"seed_played":"-3568515420125719917","potions_obtained":[{"floor":1,"key":"SkillPotion"},{"floor":4,"key":"Dexterity Potion"}],"is_trial":false,"path_per_floor":["M","M","T","M","?","R","?","$","T","E","M","R","E","M","R","B"],"character_chosen":"DEFECT","items_purchased":["Seek"],"campfire_rested":2,"item_purchase_floors":[8],"current_hp_per_floor":[63,58,58,51,51,51,51,51,61,1,1,23,8,8,30,0],"gold":114,"neow_bonus":"HUNDRED_GOLD","is_prod":false,"is_daily":false,"chose_seed":false,"campfire_upgraded":1,"win_rate":0,"timestamp":1560465135,"path_taken":["M","M","?","M","?","R","?","$","T","E","M","R","E","M","R","BOSS"],"build_version":"2019-06-12","purchased_purges":1,"victory":false,"max_hp_per_floor":[71,71,71,71,71,71,64,64,74,74,74,74,74,74,74,74],"card_choices":[{"not_picked":["Lockon","Coolheaded","Storm"],"picked":"SKIP","floor":1},{"not_picked":["Cold Snap","Turbo"],"picked":"Ball Lightning","floor":2},{"not_picked":["Turbo","Darkness","Coolheaded"],"picked":"Cold Snap","floor":4},{"not_picked":["Gash","Coolheaded","Sweeping Beam"],"picked":"Reinforced Body","floor":10},{"not_picked":["Gash","Steam","Redo"],"picked":"Glacier","floor":11},{"not_picked":["Gash","Rebound","Skim"],"picked":"Capacitor","floor":13},{"not_picked":["Turbo","Reboot","Storm"],"picked":"Self Repair","floor":14}],"player_experience":1715794,"relics_obtained":[{"floor":3,"key":"Question Card"},{"floor":9,"key":"Pear"},{"floor":10,"key":"Thread and Needle"},{"floor":13,"key":"Mercury Hourglass"}],"event_choices":[{"damage_healed":0,"gold_gain":0,"player_choice":"Box","damage_taken":0,"relics_obtained":["Boot"],"max_hp_gain":0,"max_hp_loss":0,"event_name":"Big Fish","floor":5,"gold_loss":0,"cards_obtained":["Regret"]},{"damage_healed":0,"gold_gain":0,"player_choice":"Lose Max HP","damage_taken":0,"relics_obtained":["Golden Idol"],"max_hp_gain":0,"max_hp_loss":7,"event_name":"Golden Idol","floor":7,"gold_loss":0}],"is_beta":true,"boss_relics":[],"items_purged_floors":[8],"is_endless":false,"potions_floor_spawned":[1,4],"killed_by":"Hexaghost","ascension_level":20}