{"gold_per_floor":[116,216,236,247,247,247,264,31,84,84,46,46,58,71,71,71],"floor_reached":16,"playtime":841,"items_purged":["Strike_G"],"score":92,"play_id":"7b2d6af3-0577-48f5-8971-72b4d94400c2","local_time":"20190810025247","is_ascension_mode":false,"campfire_choices":[{"data":"Burst","floor":6,"key":"SMITH"},{"data":"Cloak And Dagger","floor":10,"key":"SMITH"},{"data":"Adrenaline","floor":15,"key":"SMITH"}],"neow_cost":"NONE","seed_source_timestamp":88531910734645,"circlet_count":0,"master_deck":["Strike_G","Strike_G","Strike_G","Strike_G","Defend_G","Defend_G","Defend_G","Defend_G","Defend_G","Survivor","Neutralize+1","Burst+1","Sucker Punch","Tactician","Cloak And Dagger+1","Prepared","Adrenaline+1","Escape Plan","Dodge and Roll"],"relics":["Ring of the Snake","Centennial Puzzle"],"potions_floor_usage":[16],"damage_taken":[{"damage":0,"enemies":"Jaw Worm","floor":1,"turns":5},{"damage":1,"enemies":"Cultist","floor":3,"turns":4},{"damage":0,"enemies":"Small Slimes","floor":4,"turns":3},{"damage":3,"enemies":"Looter","floor":7,"turns":4},{"damage":0,"enemies":"3 Louse","floor":13,"turns":4},{"damage":0,"enemies":"Exordium Thugs","floor":14,"turns":5},{"damage":81,"enemies":"Hexaghost","floor":16,"turns":19}],"seed_played":"-7144156673224907519","potions_obtained":[{"floor":13,"key":"Fruit Juice"},{"floor":14,"key":"EssenceOfSteel"}],"is_trial":false,"path_per_floor":["M","?","M","M","?","R","M","$","T","R","$","?","M","M","R","B"],"character_chosen":"THE_SILENT","items_purchased":["Adrenaline","Escape Plan"],"campfire_rested":0,"item_purchase_floors":[8,11],"current_hp_per_floor":[70,70,69,69,69,69,66,66,66,66,66,71,71,71,71,0],"gold":71,"neow_bonus":"ONE_RANDOM_RARE_CARD","is_prod":false,"is_daily":false,"chose_seed":false,"campfire_upgraded":3,"win_rate":0,"timestamp":1565430767,"path_taken":["M","?","?","M","?","R","M","$","T","R","$","?","M","M","R","BOSS"],"build_version":"2019-07-18","purchased_purges":1,"victory":false,"max_hp_per_floor":[70,70,70,70,70,70,70,70,70,70,70,75,75,75,75,80],"card_choices":[{"not_picked":["Sucker Punch","Prepared","Quick Slash"],"picked":"SKIP","floor":1},{"not_picked":["Prepared","Quick Slash"],"picked":"Sucker Punch","floor":1},{"not_picked":["Bane","Prepared"],"picked":"Tactician","floor":3},{"not_picked":["A Thousand Cuts","All Out Attack"],"picked":"Cloak And Dagger","floor":4},{"not_picked":["Expertise","Reflex"],"picked":"Prepared","floor":7},{"not_picked":["Deadly Poison","Skewer","Outmaneuver"],"picked":"SKIP","floor":13},{"not_picked":["Quick Slash","Tactician"],"picked":"Dodge and Roll","floor":14}],"player_experience":421040,"relics_obtained":[{"floor":9,"key":"Centennial Puzzle"}],"event_choices":[{"damage_healed":0,"gold_gain":100,"player_choice":"Pray","damage_taken":0,"max_hp_gain":0,"max_hp_loss":0,"event_name":"Golden Shrine","floor":2,"gold_loss":0},{"damage_healed":0,"gold_gain":0,"player_choice":"Grow","damage_taken":0,"max_hp_gain":0,"max_hp_loss":0,"event_name":"Living Wall","floor":5,"gold_loss":0,"cards_upgraded":["Neutralize"]},{"damage_healed":0,"gold_gain":0,"player_choice":"Donut","damage_taken":0,"max_hp_gain":5,"max_hp_loss":0,"event_name":"Big Fish","floor":12,"gold_loss":0}],"is_beta":true,"boss_relics":[],"items_purged_floors":[8],"is_endless":false,"potions_floor_spawned":[13,14],"killed_by":"Hexaghost","ascension_level":0}