{"gold_per_floor":[114,114,125,125,125,125,160,177,207,207,218,249,265,297,297,400,400,419,407,407],"floor_reached":20,"playtime":1271,"items_purged":[],"score":274,"play_id":"791b1950-c0d0-4de0-ad9b-9cecf910a071","local_time":"20190802142535","is_ascension_mode":true,"campfire_choices":[{"data":"Footwork","floor":6.0,"key":"SMITH"},{"floor":15.0,"key":"REST"}],"neow_cost":"NONE","seed_source_timestamp":240202645349400,"circlet_count":0,"master_deck":["Strike_G","Strike_G","Strike_G","Strike_G","Defend_G","Defend_G","Defend_G+1","Defend_G","Defend_G","Survivor+1","Neutralize+1","Footwork+1","Crippling Poison","Sucker Punch+1","Backflip","Heel Hook+1","Cloak And Dagger","Bouncing Flask","Burst","Bouncing Flask","PiercingWail+1"],"special_seed":0,"relics":["Ring of the Snake","NeowsBlessing","Molten Egg 2","Tiny Chest","Calipers","Blood Vial","White Beast Statue"],"potions_floor_usage":[20],"damage_taken":[{"damage":0.0,"enemies":"Cultist","floor":1.0,"turns":1.0},{"damage":0.0,"enemies":"Small Slimes","floor":3.0,"turns":1.0},{"damage":0.0,"enemies":"3 Sentries","floor":7.0,"turns":1.0},{"damage":0.0,"enemies":"2 Louse","floor":8.0,"turns":3.0},{"damage":7.0,"enemies":"Exordium Thugs","floor":11.0,"turns":5.0},{"damage":26.0,"enemies":"Gremlin Nob","floor":12.0,"turns":5.0},{"damage":1.0,"enemies":"Exordium Wildlife","floor":13.0,"turns":4.0},{"damage":21.0,"enemies":"3 Sentries","floor":14.0,"turns":11.0},{"damage":8.0,"enemies":"Hexaghost","floor":16.0,"turns":10.0},{"damage":10.0,"enemies":"Shell Parasite","floor":18.0,"turns":5.0},{"damage":26.0,"enemies":"2 Thieves","floor":19.0,"turns":5.0},{"damage":29,"enemies":"Cultist and Chosen","floor":20,"turns":5}],"seed_played":"-5419357976445158119","potions_obtained":[{"floor":7.0,"key":"Swift Potion"},{"floor":8.0,"key":"Fire Potion"},{"floor":11.0,"key":"FearPotion"},{"floor":13.0,"key":"SpeedPotion"},{"floor":18.0,"key":"PowerPotion"}],"is_trial":false,"path_per_floor":["M","?","M","?","?","R","E","M","T","?","M","E","M","E","R","B",null,"M","M","M"],"character_chosen":"THE_SILENT","items_purchased":[],"campfire_rested":1,"item_purchase_floors":[],"current_hp_per_floor":[70,70,70,56,56,56,56,56,56,56,49,23,22,1,22,16,57,49,25,0],"gold":407,"neow_bonus":"THREE_ENEMY_KILL","is_prod":false,"is_daily":false,"chose_seed":false,"campfire_upgraded":1,"win_rate":0,"timestamp":1564770335,"path_taken":["M","?","M","?","?","R","E","M","T","?","?","E","M","E","R","BOSS","M","M","M"],"build_version":"2019-07-18","purchased_purges":0,"victory":false,"max_hp_per_floor":[70,70,70,70,70,70,70,70,70,70,70,70,70,70,70,70,70,70,70,70],"card_choices":[{"not_picked":["Underhanded Strike","Dagger Throw"],"picked":"Footwork","floor":1.0},{"not_picked":["Endless Agony","Deflect"],"picked":"Crippling Poison","floor":3.0},{"not_picked":["Envenom","Outmaneuver","Tools of the Trade"],"picked":"SKIP","floor":7.0},{"not_picked":["Slice+1","PiercingWail"],"picked":"Sucker Punch+1","floor":8.0},{"not_picked":["Slice+1","Bane+1"],"picked":"Backflip","floor":11.0},{"not_picked":["Prepared","Dagger Throw+1"],"picked":"Heel Hook+1","floor":12.0},{"not_picked":["Concentrate","Underhanded Strike+1"],"picked":"Cloak And Dagger","floor":13.0},{"not_picked":["Catalyst","Endless Agony+1"],"picked":"Bouncing Flask","floor":14.0},{"not_picked":["Adrenaline","Wraith Form v2"],"picked":"Burst","floor":16.0},{"not_picked":["Prepared","Deadly Poison"],"picked":"Bouncing Flask","floor":18.0},{"not_picked":["Quick Slash+1","Deflect"],"picked":"PiercingWail+1","floor":19.0}],"player_experience":289205,"relics_obtained":[{"floor":7.0,"key":"Molten Egg 2"},{"floor":9.0,"key":"Tiny Chest"},{"floor":12.0,"key":"Calipers"},{"floor":14.0,"key":"Blood Vial"}],"event_choices":[{"damage_healed":0.0,"max_hp_gain":0.0,"max_hp_loss":0.0,"gold_gain":0.0,"event_name":"Living Wall","player_choice":"Grow","floor":2.0,"gold_loss":0.0,"damage_taken":0.0,"cards_upgraded":["Neutralize"]},{"damage_healed":0.0,"max_hp_gain":0.0,"max_hp_loss":0.0,"gold_gain":0.0,"event_name":"Shining Light","player_choice":"Entered Light","floor":4.0,"gold_loss":0.0,"damage_taken":14.0,"cards_upgraded":["Survivor","Defend_G"]},{"damage_healed":0.0,"max_hp_gain":0.0,"max_hp_loss":0.0,"gold_gain":0.0,"event_name":"Liars Game","player_choice":"Ignored","floor":5.0,"gold_loss":0.0,"damage_taken":0.0},{"cards_removed":["Strike_G"],"damage_healed":0.0,"max_hp_gain":0.0,"max_hp_loss":0.0,"gold_gain":0.0,"event_name":"Purifier","player_choice":"Purged","floor":10.0,"gold_loss":0.0,"damage_taken":0.0}],"is_beta":true,"boss_relics":[{"not_picked":["Eternal Feather","Coffee Dripper"],"picked":"White Beast Statue"}],"items_purged_floors":[],"is_endless":false,"potions_floor_spawned":[7,8,11,13,16,18,19],"killed_by":"Cultist and Chosen","ascension_level":5}