{"gold_per_floor":[20,20,41,41,55,55,79,1,1,1,34,34,34,77,77,173,173,196,196,196],"floor_reached":20,"playtime":560,"items_purged":[],"score":360,"play_id":"59a8cdf3-8d22-4f27-93da-7a1e1f6fb807","local_time":"20190723165051","is_ascension_mode":true,"campfire_choices":[{"data":"Zap","floor":6,"key":"SMITH"},{"data":"Streamline","floor":10,"key":"SMITH"},{"floor":13,"key":"REST"},{"floor":15,"key":"REST"}],"neow_cost":"NO_GOLD","seed_source_timestamp":384803834409,"circlet_count":0,"master_deck":["AscendersBane","Defend_B","Defend_B","Defend_B","Zap+1","Dualcast","Leap","Compile Driver","Loop","Streamline+1","Cold Snap","Machine Learning","Static Discharge","Rainbow","Auto Shields","Zap","Seek"],"relics":["Cracked Core","Golden Idol","The Courier","StoneCalendar","Letter Opener","Empty Cage"],"potions_floor_usage":[14,18],"damage_taken":[{"damage":0,"enemies":"Cultist","floor":1,"turns":4},{"damage":0,"enemies":"2 Louse","floor":3,"turns":3},{"damage":0,"enemies":"Jaw Worm","floor":5,"turns":3},{"damage":10,"enemies":"3 Louse","floor":7,"turns":4},{"damage":33,"enemies":"3 Sentries","floor":11,"turns":5},{"damage":26,"enemies":"Gremlin Nob","floor":14,"turns":4},{"damage":8,"enemies":"The Guardian","floor":16,"turns":9},{"damage":25,"enemies":"Chosen","floor":18,"turns":4},{"damage":34,"enemies":"Shell Parasite","floor":20,"turns":6}],"seed_played":"-150688727435918979","potions_obtained":[{"floor":5,"key":"Poison Potion"},{"floor":14,"key":"SkillPotion"}],"is_trial":false,"path_per_floor":["M","?","M","?","M","R","M","$","T","R","E","?","R","E","R","B",null,"M","?","M"],"character_chosen":"DEFECT","items_purchased":["Cold Snap","Dexterity Potion"],"campfire_rested":2,"item_purchase_floors":[8,8],"current_hp_per_floor":[64,64,64,57,57,57,47,47,47,47,14,14,33,7,26,18,53,28,28,0],"gold":196,"neow_bonus":"REMOVE_TWO","is_prod":false,"is_daily":false,"chose_seed":false,"campfire_upgraded":2,"win_rate":0,"timestamp":1563893451,"path_taken":["M","?","M","?","M","R","M","?","T","R","E","?","R","E","R","BOSS","M","?","?"],"build_version":"2019-07-18","purchased_purges":0,"victory":false,"max_hp_per_floor":[71,64,64,64,64,64,64,64,64,64,64,64,64,64,64,64,64,64,64,64],"card_choices":[{"not_picked":["Tempest","Doom and Gloom"],"picked":"Leap","floor":1},{"not_picked":["Stack","Beam Cell"],"picked":"Compile Driver","floor":3},{"not_picked":["Conserve Battery","Turbo"],"picked":"Loop","floor":5},{"not_picked":["Aggregate","Go for the Eyes"],"picked":"Streamline","floor":7},{"not_picked":["Redo","Steam Power"],"picked":"Machine Learning","floor":11},{"not_picked":["Storm","Barrage"],"picked":"Static Discharge","floor":14},{"not_picked":["Seek","All For One"],"picked":"Rainbow","floor":16},{"not_picked":["Lockon","Cold Snap"],"picked":"Auto Shields","floor":18}],"player_experience":1912465,"relics_obtained":[{"floor":9,"key":"The Courier"},{"floor":11,"key":"StoneCalendar"},{"floor":14,"key":"Letter Opener"}],"event_choices":[{"damage_healed":0,"gold_gain":0,"player_choice":"Lose Max HP","damage_taken":0,"relics_obtained":["Golden Idol"],"max_hp_gain":0,"max_hp_loss":7,"event_name":"Golden Idol","floor":2,"gold_loss":0},{"cards_removed":["Strike_B"],"damage_healed":0,"gold_gain":0,"player_choice":"Card Removal","damage_taken":7,"max_hp_gain":0,"max_hp_loss":0,"event_name":"Golden Wing","floor":4,"gold_loss":0},{"damage_healed":0,"gold_gain":0,"player_choice":"Ignored","damage_taken":0,"max_hp_gain":0,"max_hp_loss":0,"event_name":"Shining Light","floor":12,"gold_loss":0},{"damage_healed":0,"gold_gain":0,"player_choice":"2 cards matched","damage_taken":0,"max_hp_gain":0,"max_hp_loss":0,"event_name":"Match and Keep!","floor":19,"gold_loss":0,"cards_obtained":["Zap","Seek"]}],"is_beta":true,"boss_relics":[{"not_picked":["White Beast Statue","Velvet Choker"],"picked":"Empty Cage"}],"items_purged_floors":[],"is_endless":false,"potions_floor_spawned":[5,14],"killed_by":"Shell Parasite","ascension_level":20}