{"gold_per_floor":[368,387,387,387,411,445,45,81,126,126],"floor_reached":10,"playtime":270,"items_purged":["Strike_B"],"score":80,"play_id":"fc5647ce-e23c-4274-8ada-97e55a5c25d0","local_time":"20190804152554","is_ascension_mode":true,"campfire_choices":[],"neow_cost":"TEN_PERCENT_HP_LOSS","seed_source_timestamp":6869364327150,"circlet_count":0,"master_deck":["Strike_B","Strike_B","Strike_B","Defend_B","Defend_B","Defend_B","Defend_B","Zap","Dualcast","Static Discharge+1","Conserve Battery","BootSequence","Cold Snap","Gash","All For One","All For One","Reboot"],"relics":["Cracked Core","Golden Idol","Darkstone Periapt","DollysMirror","Oddly Smooth Stone","Dream Catcher"],"potions_floor_usage":[6,10],"damage_taken":[{"damage":6,"enemies":"Jaw Worm","floor":1,"turns":4},{"damage":2,"enemies":"2 Louse","floor":2,"turns":3},{"damage":6,"enemies":"Cultist","floor":5,"turns":3},{"damage":10,"enemies":"3 Sentries","floor":6,"turns":4},{"damage":19,"enemies":"Gremlin Nob","floor":8,"turns":4},{"damage":14,"enemies":"Lagavulin","floor":10,"turns":4}],"seed_played":"-3233387027615964043","potions_obtained":[{"floor":2,"key":"Explosive Potion"},{"floor":8,"key":"FocusPotion"}],"is_trial":false,"path_per_floor":["M","M","?","?","M","E","$","E","T","E"],"character_chosen":"DEFECT","items_purchased":["Gash","All For One","DollysMirror"],"campfire_rested":0,"item_purchase_floors":[7,7,7],"current_hp_per_floor":[62,60,43,43,37,27,27,8,8,0],"gold":126,"neow_bonus":"TWO_FIFTY_GOLD","is_prod":false,"is_daily":false,"chose_seed":false,"campfire_upgraded":0,"win_rate":0,"timestamp":1564925154,"path_taken":["M","M","?","?","?","E","$","E","T","E"],"build_version":"2019-07-18","purchased_purges":1,"victory":false,"max_hp_per_floor":[68,68,68,68,68,68,68,68,68,68],"card_choices":[{"not_picked":["Go for the Eyes","Stack"],"picked":"Static Discharge","floor":1},{"not_picked":["Hologram","Streamline"],"picked":"Conserve Battery","floor":2},{"not_picked":["Recycle","Blizzard"],"picked":"BootSequence","floor":5},{"not_picked":["Loop","Stack"],"picked":"Cold Snap","floor":6},{"not_picked":["Redo","Leap"],"picked":"Reboot","floor":8}],"player_experience":1960370,"relics_obtained":[{"floor":6,"key":"Darkstone Periapt"},{"floor":8,"key":"Oddly Smooth Stone"},{"floor":9,"key":"Dream Catcher"}],"event_choices":[{"damage_healed":0,"gold_gain":0,"player_choice":"Take Damage","damage_taken":17,"relics_obtained":["Golden Idol"],"max_hp_gain":0,"max_hp_loss":0,"event_name":"Golden Idol","floor":3,"gold_loss":0},{"damage_healed":0,"gold_gain":0,"player_choice":"Upgraded","damage_taken":0,"max_hp_gain":0,"max_hp_loss":0,"event_name":"Upgrade Shrine","floor":4,"gold_loss":0,"cards_upgraded":["Static Discharge"]}],"is_beta":true,"boss_relics":[],"items_purged_floors":[7],"is_endless":false,"potions_floor_spawned":[2,8],"killed_by":"Lagavulin","ascension_level":1}