{"gold_per_floor":[111,125,125,75,75,93,93,113,113,143,160,185,185,185,185,284,284,303,303,329,345,364,364,382,382,408,408,68,100,100,25,25,125,175,193,193,193,205,205,205,73,88,88,88,100,100,116,127,127,127],"floor_reached":50,"playtime":5226,"items_purged":[],"score":510,"play_id":"483dd3c1-4653-499b-bfcf-530517e0d058","local_time":"20190803025144","is_ascension_mode":false,"campfire_choices":[{"data":"Caltrops","floor":7,"key":"SMITH"},{"floor":15,"key":"REST"},{"floor":23,"key":"REST"},{"floor":25,"key":"REST"},{"data":"Unload","floor":30,"key":"SMITH"},{"data":"After Image","floor":32,"key":"SMITH"},{"data":"Burst","floor":40,"key":"SMITH"},{"floor":44,"key":"REST"},{"data":"Noxious Fumes","floor":46,"key":"SMITH"},{"floor":49,"key":"REST"}],"neow_cost":"NONE","seed_source_timestamp":50390594541696,"circlet_count":0,"master_deck":["Defend_G+1","Defend_G+1","Defend_G+1","Strike_G+1","Strike_G+1","Strike_G+1","Strike_G+1","Survivor","Neutralize+1","Deadly Poison","Leg Sweep+1","Caltrops+1","Deadly Poison","Dodge and Roll","After Image+1","Dodge and Roll","Deadly Poison","Caltrops","Heel Hook+1","Bane","Unload+1","Burst+1","Deadly Poison","Prepared+1","Madness","Madness","Prepared+1","Bane","Noxious Fumes+1","Sucker Punch","Bane","Blur+1","Quick Slash+1","Outmaneuver+1"],"relics":["Ring of the Snake","Letter Opener","Torii","Blood Vial","Unceasing Top","StoneCalendar","Eternal Feather","Red Mask","Anchor","Ice Cream","Bottled Flame","Tiny House","PreservedInsect"],"potions_floor_usage":[20,33,35,42,47,50],"damage_taken":[{"damage":0,"enemies":"Small Slimes","floor":1,"turns":4},{"damage":1,"enemies":"Jaw Worm","floor":2,"turns":7},{"damage":0,"enemies":"Cultist","floor":6,"turns":4},{"damage":2,"enemies":"Exordium Wildlife","floor":8,"turns":6},{"damage":26,"enemies":"Gremlin Nob","floor":10,"turns":5},{"damage":1,"enemies":"Looter","floor":11,"turns":3},{"damage":4,"enemies":"Hexaghost","floor":16,"turns":8},{"damage":2,"enemies":"Shell Parasite","floor":18,"turns":6},{"damage":32,"enemies":"Masked Bandits","floor":20,"turns":6},{"damage":10,"enemies":"3 Byrds","floor":21,"turns":3},{"damage":15,"enemies":"Centurion and Healer","floor":22,"turns":7},{"damage":20,"enemies":"Snecko","floor":24,"turns":6},{"damage":6,"enemies":"Book of Stabbing","floor":29,"turns":6},{"damage":62,"enemies":"Automaton","floor":33,"turns":13},{"damage":12,"enemies":"3 Darklings","floor":35,"turns":7},{"damage":0,"enemies":"3 Shapes","floor":38,"turns":6},{"damage":56,"enemies":"Spire Growth","floor":42,"turns":6},{"damage":8,"enemies":"Maw","floor":45,"turns":8},{"damage":44,"enemies":"Jaw Worm Horde","floor":47,"turns":5},{"damage":24,"enemies":"Spire Growth","floor":48,"turns":6},{"damage":48,"enemies":"Time Eater","floor":50,"turns":4}],"seed_played":"-8007961032316582343","potions_obtained":[{"floor":2,"key":"GamblersBrew"},{"floor":8,"key":"Energy Potion"},{"floor":16,"key":"Dexterity Potion"},{"floor":20,"key":"PowerPotion"},{"floor":34,"key":"Poison Potion"},{"floor":45,"key":"LiquidBronze"},{"floor":47,"key":"FearPotion"},{"floor":48,"key":"Swift Potion"}],"is_trial":false,"path_per_floor":["M","M","?","?","?","M","R","M","T","E","M","T","?","T","R","B",null,"M","?","?","M","M","R","M","R","T","?","$","E","R","?","R","B",null,"M","?","?","M","?","R","$","M","T","R","M","R","M","M","R","B"],"character_chosen":"THE_SILENT","items_purchased":["Ice Cream","Bane","Bane","Noxious Fumes","Sucker Punch"],"campfire_rested":5,"item_purchase_floors":[28,28,41,41,41],"current_hp_per_floor":[70,69,69,69,62,62,62,60,60,34,33,33,30,30,51,49,70,68,68,38,30,17,50,32,65,65,65,65,61,70,70,70,8,75,63,54,54,56,56,71,71,17,17,57,51,69,27,5,45,0],"gold":127,"neow_bonus":"UPGRADE_CARD","is_prod":false,"is_daily":false,"chose_seed":false,"campfire_upgraded":5,"win_rate":0.0,"timestamp":1564818704,"path_taken":["M","M","?","?","?","?","R","M","T","E","?","?","?","?","R","BOSS","M","?","?","M","M","R","M","R","T","?","$","E","R","?","R","BOSS","M","?","?","M","?","R","$","?","T","R","M","R","M","M","R","BOSS"],"build_version":"2019-01-23","purchased_purges":0,"victory":false,"max_hp_per_floor":[70,70,70,70,70,70,70,70,70,70,70,70,70,70,70,70,70,70,70,70,70,70,70,70,70,70,70,70,70,70,70,70,70,75,75,75,75,75,75,75,75,75,75,75,75,75,75,75,75,75],"card_choices":[{"not_picked":["Deflect","Quick Slash"],"picked":"Deadly Poison","floor":1},{"not_picked":["Deflect","Masterful Stab"],"picked":"Leg Sweep","floor":2},{"not_picked":["Outmaneuver","Wraith Form v2"],"picked":"Caltrops","floor":6},{"not_picked":["Deflect","Flying Knee"],"picked":"Deadly Poison","floor":8},{"not_picked":["Endless Agony","Dagger Spray"],"picked":"Dagger Throw","floor":10},{"not_picked":["Reflex","Deflect"],"picked":"Dodge and Roll","floor":11},{"not_picked":["A Thousand Cuts","Corpse Explosion"],"picked":"After Image","floor":16},{"not_picked":["Blade Dance+1","Deflect"],"picked":"Dodge and Roll","floor":18},{"not_picked":["Endless Agony+1","Underhanded Strike+1"],"picked":"Deadly Poison","floor":20},{"not_picked":["Slice","Blur"],"picked":"Caltrops","floor":21},{"not_picked":["Choke","Masterful Stab"],"picked":"Heel Hook+1","floor":22},{"not_picked":["Malaise","Blade Dance","Slice"],"picked":"SKIP","floor":24},{"not_picked":["Dash","Well Laid Plans+1"],"picked":"Unload","floor":29},{"not_picked":["Adrenaline","Night Terror"],"picked":"Burst","floor":33},{"not_picked":["Outmaneuver+1","Bouncing Flask"],"picked":"Deadly Poison","floor":34},{"not_picked":["Blade Dance","Flying Knee+1"],"picked":"Prepared+1","floor":35},{"not_picked":["Sucker Punch","Dodge and Roll"],"picked":"Prepared+1","floor":38},{"not_picked":["Prepared+1","Deadly Poison"],"picked":"Bane","floor":42},{"not_picked":["Bane+1","Dodge and Roll"],"picked":"Blur+1","floor":45},{"not_picked":["Prepared+1","Blur+1"],"picked":"Quick Slash+1","floor":47},{"not_picked":["Masterful Stab","Phantasmal Killer"],"picked":"Outmaneuver+1","floor":48}],"player_experience":60756,"relics_obtained":[{"floor":9,"key":"Letter Opener"},{"floor":10,"key":"Torii"},{"floor":12,"key":"Blood Vial"},{"floor":14,"key":"StoneCalendar"},{"floor":20,"key":"Red Mask"},{"floor":26,"key":"Anchor"},{"floor":29,"key":"Bottled Flame"},{"floor":43,"key":"PreservedInsect"}],"event_choices":[{"damage_healed":0,"gold_gain":0,"player_choice":"Ignored","damage_taken":0,"max_hp_gain":0,"max_hp_loss":0,"event_name":"Golden Idol","floor":3,"gold_loss":0},{"cards_removed":["Strike_G"],"damage_healed":0,"gold_gain":0,"player_choice":"Card Removal","damage_taken":0,"max_hp_gain":0,"max_hp_loss":0,"event_name":"The Cleric","floor":4,"gold_loss":50},{"cards_removed":["Defend_G"],"damage_healed":0,"gold_gain":0,"player_choice":"Card Removal","damage_taken":7,"max_hp_gain":0,"max_hp_loss":0,"event_name":"Golden Wing","floor":5,"gold_loss":0},{"damage_healed":0,"gold_gain":0,"player_choice":"Success","damage_taken":3,"relics_obtained":["Unceasing Top"],"max_hp_gain":0,"max_hp_loss":0,"event_name":"Scrap Ooze","floor":13,"gold_loss":0},{"damage_healed":0,"gold_gain":0,"player_choice":"Ignored","damage_taken":0,"max_hp_gain":0,"max_hp_loss":0,"event_name":"Ghosts","floor":19,"gold_loss":0},{"damage_healed":0,"gold_gain":0,"player_choice":"Fought Bandits","damage_taken":0,"max_hp_gain":0,"max_hp_loss":0,"event_name":"Masked Bandits","floor":20,"gold_loss":0},{"damage_healed":0,"gold_gain":0,"player_choice":"Simplicity","damage_taken":0,"max_hp_gain":0,"max_hp_loss":0,"event_name":"Back to Basics","floor":27,"gold_loss":0,"cards_upgraded":["Defend_G","Defend_G","Defend_G","Defend_G","Strike_G","Strike_G","Strike_G","Strike_G"]},{"cards_removed":["Dagger Throw"],"damage_healed":0,"gold_gain":0,"player_choice":"Gave Gold","damage_taken":0,"max_hp_gain":0,"max_hp_loss":0,"event_name":"Beggar","floor":31,"gold_loss":75},{"damage_healed":0,"gold_gain":0,"player_choice":"Embrace Madness","damage_taken":9,"max_hp_gain":0,"max_hp_loss":0,"event_name":"Winding Halls","floor":36,"gold_loss":0,"cards_obtained":["Madness","Madness"]},{"cards_removed":["Defend_G"],"damage_healed":0,"gold_gain":0,"player_choice":"Removed Skill","damage_taken":0,"max_hp_gain":0,"max_hp_loss":0,"event_name":"Falling","floor":37,"gold_loss":0},{"damage_healed":0,"gold_gain":0,"player_choice":"Ignored","damage_taken":0,"max_hp_gain":0,"max_hp_loss":0,"event_name":"NoteForYourself","floor":39,"gold_loss":0}],"is_beta":true,"boss_relics":[{"not_picked":["Astrolabe","White Beast Statue"],"picked":"Eternal Feather"},{"not_picked":["Snecko Eye","Black Star"],"picked":"Tiny House"}],"items_purged_floors":[],"is_endless":false,"potions_floor_spawned":[2,8,16,18,20,22,45,47,48],"killed_by":"Time Eater","ascension_level":0}