{"gold_per_floor":[119,119,130,9,22,51,51,81,81,81,51],"floor_reached":11,"playtime":449,"items_purged":["Defend_B"],"score":113,"play_id":"6e6d2c24-f2ad-4941-b3e4-7b63640eb791","local_time":"20190731152524","is_ascension_mode":true,"campfire_choices":[{"data":"Go for the Eyes","floor":7,"key":"SMITH"},{"data":"Skim","floor":10,"key":"SMITH"}],"neow_cost":"NONE","seed_source_timestamp":129679714028307,"circlet_count":0,"master_deck":["Strike_B","Strike_B","Strike_B","Strike_B","Defend_B","Defend_B","Defend_B","Zap","Dualcast","Gash","Go for the Eyes+1","Conserve Battery","Skim+1","Turbo"],"relics":["Cracked Core","NeowsBlessing","GremlinMask","Blue Candle","The Courier","Kunai"],"potions_floor_usage":[8],"damage_taken":[{"damage":0,"enemies":"Small Slimes","floor":1,"turns":1},{"damage":0,"enemies":"Cultist","floor":3,"turns":1},{"damage":0,"enemies":"Jaw Worm","floor":5,"turns":1},{"damage":41,"enemies":"Lagavulin","floor":6,"turns":9},{"damage":33,"enemies":"3 Sentries","floor":8,"turns":9},{"damage":3,"enemies":"Exordium Thugs","floor":11,"turns":3}],"seed_played":"-1378945065943247674","potions_obtained":[{"floor":1,"key":"Regen Potion"}],"is_trial":false,"path_per_floor":["M","?","M","$","M","E","R","E","T","R","M"],"character_chosen":"DEFECT","items_purchased":["Go for the Eyes"],"campfire_rested":0,"item_purchase_floors":[4],"current_hp_per_floor":[68,68,68,68,68,27,27,9,9,9,6],"gold":51,"neow_bonus":"THREE_ENEMY_KILL","is_prod":false,"is_daily":false,"chose_seed":false,"campfire_upgraded":2,"win_rate":0,"timestamp":1564554324,"path_taken":["M","?","M","$","?","E","R","E","T","R","?"],"build_version":"2019-07-17","purchased_purges":1,"victory":false,"max_hp_per_floor":[75,75,75,75,75,75,75,75,75,75,75],"card_choices":[{"not_picked":["Heatsinks","Skim"],"picked":"Gash","floor":1},{"not_picked":["Hologram","Leap","Cold Snap"],"picked":"SKIP","floor":3},{"not_picked":["Rebound","Beam Cell"],"picked":"Conserve Battery","floor":5},{"not_picked":["Hyperbeam","Go for the Eyes"],"picked":"Skim","floor":6},{"not_picked":["Cold Snap","Fission"],"picked":"Turbo","floor":8}],"player_experience":168532,"relics_obtained":[{"floor":6,"key":"Blue Candle"},{"floor":8,"key":"The Courier"},{"floor":9,"key":"Kunai"}],"event_choices":[{"damage_healed":0,"gold_gain":0,"player_choice":"Trade","damage_taken":0,"relics_obtained":["GremlinMask"],"max_hp_gain":0,"max_hp_loss":0,"event_name":"FaceTrader","floor":2,"gold_loss":0}],"is_beta":false,"boss_relics":[],"items_purged_floors":[4],"is_endless":false,"potions_floor_spawned":[1],"killed_by":"Exordium Thugs","ascension_level":8}