{"gold_per_floor":[143,34,34,49,68,68,103,113,113,131,147,147,172,172,184,273,285,308,332,359,371,433,445,472,519,584,596,608,620,647,670,682,694],"floor_reached":33,"playtime":1052,"items_purged":[],"score":583,"play_id":"8e6b3e6c-9b57-40f1-b3c9-2f38d3056b74","local_time":"20190705202056","is_ascension_mode":true,"campfire_choices":[{"data":"Static Discharge","floor":6.0,"key":"SMITH"},{"data":"Defragment","floor":12.0,"key":"SMITH"},{"data":"Recycle","floor":15.0,"key":"SMITH"},{"floor":23.0,"key":"REST"},{"floor":27.0,"key":"REST"},{"floor":28.0,"key":"REST"},{"data":"Barrage","floor":32.0,"key":"SMITH"}],"neow_cost":"NONE","seed_source_timestamp":1990125596840,"circlet_count":0,"master_deck":["AscendersBane","Strike_B","Strike_B","Strike_B","Strike_B","Defend_B","Defend_B","Defend_B","Defend_B","Zap","Dualcast","Chill","Sweeping Beam","Static Discharge+1","Cold Snap","Barrage+1","Recycle+1","Defragment+1","Hyperbeam","Echo Form","Defragment+1","Double Energy+1","Coolheaded+1","Hologram"],"special_seed":0,"relics":["Cracked Core","Dead Branch","Mango","Thread and Needle","MawBank","Runic Pyramid","WingedGreaves","Ancient Tea Set","Nloth\u0027s Gift"],"potions_floor_usage":[],"damage_taken":[{"damage":0.0,"enemies":"2 Louse","floor":1.0,"turns":2.0},{"damage":0.0,"enemies":"Cultist","floor":4.0,"turns":3.0},{"damage":2.0,"enemies":"Jaw Worm","floor":5.0,"turns":5.0},{"damage":15.0,"enemies":"3 Sentries","floor":7.0,"turns":5.0},{"damage":0.0,"enemies":"Blue Slaver","floor":8.0,"turns":5.0},{"damage":7.0,"enemies":"Red Slaver","floor":10.0,"turns":4.0},{"damage":8.0,"enemies":"3 Louse","floor":11.0,"turns":2.0},{"damage":24.0,"enemies":"Gremlin Nob","floor":13.0,"turns":4.0},{"damage":3.0,"enemies":"The Guardian","floor":16.0,"turns":9.0},{"damage":15.0,"enemies":"Shell Parasite","floor":18.0,"turns":6.0},{"damage":3.0,"enemies":"3 Byrds","floor":19.0,"turns":3.0},{"damage":7.0,"enemies":"Snake Plant","floor":20.0,"turns":4.0},{"damage":15.0,"enemies":"Snecko","floor":24.0,"turns":5.0},{"damage":41.0,"enemies":"Slavers","floor":25.0,"turns":4.0},{"damage":3.0,"enemies":"Centurion and Healer","floor":30.0,"turns":6.0},{"damage":7.0,"enemies":"3 Cultists","floor":31.0,"turns":5.0},{"damage":68,"enemies":"Collector","floor":33,"turns":5}],"seed_played":"-5583532067122888808","potions_obtained":[{"floor":1.0,"key":"Ancient Potion"},{"floor":3.0,"key":"Fruit Juice"},{"floor":3.0,"key":"EntropicBrew"},{"floor":8.0,"key":"EssenceOfSteel"},{"floor":18.0,"key":"Block Potion"},{"floor":25.0,"key":"SkillPotion"}],"is_trial":false,"path_per_floor":["M","$","?","M","M","R","E","M","T","M","M","R","E","T","R","B",null,"M","M","M","?","?","R","M","E","T","R","R","?","M","M","R","B"],"character_chosen":"DEFECT","items_purchased":["Fire Potion","Sweeping Beam"],"campfire_rested":3,"item_purchase_floors":[2,2],"current_hp_per_floor":[64,64,69,69,67,67,52,52,66,59,51,51,27,27,27,24,74,59,56,49,49,49,76,61,20,20,47,74,74,71,64,64,0],"gold":694,"neow_bonus":"RANDOM_COMMON_RELIC","is_prod":false,"is_daily":false,"chose_seed":false,"campfire_upgraded":4,"win_rate":0,"timestamp":1562350856,"path_taken":["M","$","?","M","M","R","E","M","T","?","M","R","E","?","R","BOSS","M","M","M","?","?","R","?","E","T","R","R","?","M","M","R","BOSS"],"build_version":"2019-07-03","purchased_purges":0,"victory":false,"max_hp_per_floor":[71,71,76,76,76,76,76,76,90,90,90,90,90,90,90,90,90,90,90,90,90,90,90,90,90,90,90,90,90,90,90,90,90],"card_choices":[{"not_picked":["Leap","Barrage"],"picked":"Chill","floor":1.0},{"not_picked":["Rebound","FTL"],"picked":"Static Discharge","floor":4.0},{"not_picked":["Loop","Scrape"],"picked":"Cold Snap","floor":5.0},{"not_picked":["Steam Power","Streamline"],"picked":"Barrage","floor":7.0},{"not_picked":["Capacitor","Loop"],"picked":"Recycle","floor":8.0},{"not_picked":["Fission","Redo"],"picked":"Defragment","floor":10.0},{"not_picked":["Melter","Beam Cell","Conserve Battery"],"picked":"SKIP","floor":11.0},{"not_picked":["FTL","Hello World"],"picked":"Hyperbeam","floor":13.0},{"not_picked":["Biased Cognition","Multi-Cast"],"picked":"Echo Form","floor":16.0},{"not_picked":["Hologram","Undo"],"picked":"Defragment+1","floor":18.0},{"not_picked":["Ball Lightning","Conserve Battery"],"picked":"Double Energy+1","floor":19.0},{"not_picked":["Fusion","Leap"],"picked":"Coolheaded+1","floor":20.0},{"not_picked":["Redo","Rainbow"],"picked":"Hologram","floor":24.0},{"not_picked":["Defragment","Gash","Sweeping Beam"],"picked":"SKIP","floor":25.0},{"not_picked":["Gash","Beam Cell","Chaos"],"picked":"SKIP","floor":30.0},{"not_picked":["Steam","Aggregate","Redo+1"],"picked":"SKIP","floor":31.0}],"player_experience":1810939,"relics_obtained":[{"floor":7.0,"key":"Dead Branch"},{"floor":9.0,"key":"Mango"},{"floor":13.0,"key":"Thread and Needle"},{"floor":14.0,"key":"MawBank"},{"floor":25.0,"key":"WingedGreaves"},{"floor":26.0,"key":"Ancient Tea Set"}],"event_choices":[{"damage_healed":0.0,"max_hp_gain":0.0,"max_hp_loss":0.0,"gold_gain":0.0,"event_name":"Lab","player_choice":"Got Potions","floor":3.0,"gold_loss":0.0,"damage_taken":0.0},{"damage_healed":0.0,"max_hp_gain":0.0,"max_hp_loss":0.0,"gold_gain":0.0,"event_name":"Vampires","player_choice":"Ignored","floor":21.0,"gold_loss":0.0,"damage_taken":0.0},{"damage_healed":0.0,"max_hp_gain":0.0,"max_hp_loss":0.0,"gold_gain":100.0,"event_name":"The Joust","player_choice":"Bet on Murderer","floor":22.0,"gold_loss":50.0,"damage_taken":0.0},{"damage_healed":0.0,"max_hp_gain":0.0,"max_hp_loss":0.0,"gold_gain":0.0,"event_name":"N\u0027loth","player_choice":"Traded Relic","floor":29.0,"relics_lost":["Tiny Chest"],"gold_loss":0.0,"damage_taken":0.0,"relics_obtained":["Nloth\u0027s Gift"]}],"is_beta":true,"boss_relics":[{"not_picked":["Cursed Key","Black Star"],"picked":"Runic Pyramid"}],"items_purged_floors":[],"is_endless":false,"potions_floor_spawned":[1,4,8,18,19,25],"killed_by":"Collector","ascension_level":20}