{"gold_per_floor":[115,215,230,244,194,194,9,44,70,70,85,85,114,125,125,229,229,244,264,264,279,298,330,245,145,145,145,177,194,194,224,224,324,324,340,340,134,144,159,159,178,197,222,222,234,251,251,264,264,264,264,264,16,16],"floor_reached":54,"playtime":4117,"items_purged":["Defend_B","Defend_B"],"score":1095,"play_id":"d66eae2e-bca2-464c-ba78-d0095ec27433","local_time":"20190702035110","is_ascension_mode":true,"campfire_choices":[{"data":"Zap","floor":6,"key":"SMITH"},{"data":"Consume","floor":10,"key":"SMITH"},{"data":"Glacier","floor":15,"key":"SMITH"},{"data":"Capacitor","floor":27,"key":"SMITH"},{"data":"Defragment","floor":30,"key":"SMITH"},{"data":"Machine Learning","floor":32,"key":"SMITH"},{"data":"Coolheaded","floor":40,"key":"SMITH"},{"data":"Buffer","floor":44,"key":"SMITH"},{"floor":47,"key":"RECALL"},{"data":"Dark Shackles","floor":49,"key":"SMITH"},{"floor":52,"key":"REST"}],"neow_cost":"CURSE","seed_source_timestamp":28708483780117,"circlet_count":0,"master_deck":["Strike_B","Strike_B","Strike_B","Defend_B","Defend_B","Zap+1","Dualcast","Conserve Battery","Leap","Stack","BootSequence","Capacitor+1","Consume+1","Consume","Hyperbeam","Glacier+1","Coolheaded+1","Electrodynamics","Defragment+1","Glacier+1","Hello World","Darkness","Echo Form","Redo+1","Machine Learning+1","Buffer+1","Dark Shackles+1","Melter","White Noise+1"],"relics":["Cracked Core","Ice Cream","PreservedInsect","Lantern","Shovel","Velvet Choker","Mummified Hand","Happy Flower","FossilizedHelix","Oddly Smooth Stone","Busted Crown","Dodecahedron","Boot","Pantograph"],"potions_floor_usage":[3,8,19,21,35,35,35,39,46,46,46],"damage_taken":[{"damage":0,"enemies":"Small Slimes","floor":1,"turns":3},{"damage":0,"enemies":"Cultist","floor":3,"turns":3},{"damage":0,"enemies":"2 Louse","floor":4,"turns":2},{"damage":23,"enemies":"Gremlin Nob","floor":8,"turns":5},{"damage":0,"enemies":"Exordium Wildlife","floor":11,"turns":3},{"damage":3,"enemies":"3 Sentries","floor":13,"turns":4},{"damage":0,"enemies":"Large Slime","floor":14,"turns":5},{"damage":0,"enemies":"The Guardian","floor":16,"turns":18},{"damage":0,"enemies":"Spheric Guardian","floor":18,"turns":5},{"damage":0,"enemies":"3 Byrds","floor":19,"turns":2},{"damage":10,"enemies":"Sentry and Sphere","floor":21,"turns":15},{"damage":1,"enemies":"Snecko","floor":22,"turns":10},{"damage":1,"enemies":"Gremlin Leader","floor":23,"turns":6},{"damage":4,"enemies":"Book of Stabbing","floor":28,"turns":5},{"damage":0,"enemies":"Snake Plant","floor":29,"turns":8},{"damage":0,"enemies":"Gremlin Leader","floor":31,"turns":6},{"damage":0,"enemies":"Automaton","floor":33,"turns":11},{"damage":0,"enemies":"3 Shapes","floor":35,"turns":4},{"damage":0,"enemies":"Orb Walker","floor":38,"turns":5},{"damage":0,"enemies":"Jaw Worm Horde","floor":39,"turns":5},{"damage":0,"enemies":"Maw","floor":41,"turns":6},{"damage":7,"enemies":"Writhing Mass","floor":42,"turns":8},{"damage":2,"enemies":"Spire Growth","floor":45,"turns":8},{"damage":9,"enemies":"Transient","floor":46,"turns":5},{"damage":0,"enemies":"Jaw Worm Horde","floor":48,"turns":2},{"damage":20,"enemies":"Time Eater","floor":50,"turns":13},{"damage":80,"enemies":"Shield and Spear","floor":54,"turns":5}],"seed_played":"2539487394089529218","potions_obtained":[{"floor":1,"key":"SteroidPotion"},{"floor":3,"key":"AttackPotion"},{"floor":11,"key":"Explosive Potion"},{"floor":14,"key":"LiquidBronze"},{"floor":16,"key":"FearPotion"},{"floor":21,"key":"Poison Potion"},{"floor":28,"key":"PowerPotion"},{"floor":29,"key":"SkillPotion"},{"floor":31,"key":"AttackPotion"},{"floor":33,"key":"FocusPotion"},{"floor":38,"key":"SpeedPotion"},{"floor":39,"key":"FearPotion"},{"floor":45,"key":"GamblersBrew"},{"floor":46,"key":"Explosive Potion"}],"is_trial":false,"path_per_floor":["M","?","M","M","?","R","$","E","T","R","M","?","E","M","R","B",null,"M","M","?","M","M","E","?","$","T","R","E","M","R","E","R","B",null,"M","?","$","M","M","R","M","M","T","R","M","M","R","M","R","B",null,"R","$","E"],"character_chosen":"DEFECT","items_purchased":["BootSequence","Capacitor","Dark Shackles","Melter","Swift Potion","Pantograph"],"campfire_rested":1,"item_purchase_floors":[7,7,37,37,37,53],"current_hp_per_floor":[68,68,68,68,68,68,68,45,45,45,45,45,42,42,42,42,67,67,67,67,57,56,55,55,55,55,55,51,51,51,51,51,51,69,69,69,69,69,69,69,69,62,62,62,60,51,51,51,51,31,64,75,75,0],"gold":16,"neow_bonus":"ONE_RARE_RELIC","is_prod":false,"is_daily":false,"chose_seed":false,"campfire_upgraded":9,"win_rate":0,"timestamp":1562007070,"path_taken":["M","?","M","?","?","R","$","E","T","R","M","?","E","M","R","BOSS","M","M","?","M","M","E","?","$","T","R","E","M","R","E","R","BOSS","M","?","$","M","M","R","M","M","T","R","?","M","R","M","R","BOSS","R","$","E"],"build_version":"2019-01-23","purchased_purges":2,"victory":false,"max_hp_per_floor":[75,75,75,75,75,75,75,75,75,75,75,75,75,75,75,75,75,75,75,75,75,75,75,75,75,75,75,75,75,75,75,75,75,75,75,75,75,75,75,75,75,75,75,75,75,75,75,75,75,75,75,75,75,75],"card_choices":[{"not_picked":["Genetic Algorithm","Rebound"],"picked":"Conserve Battery","floor":1},{"not_picked":["Lockon","Streamline"],"picked":"Leap","floor":3},{"not_picked":["Sweeping Beam","Streamline"],"picked":"Stack","floor":4},{"not_picked":["Turbo","BootSequence"],"picked":"Consume","floor":8},{"not_picked":["Go for the Eyes","FTL"],"picked":"Consume","floor":11},{"not_picked":["Storm","Self Repair"],"picked":"Glacier","floor":13},{"not_picked":["Rebound","Hello World"],"picked":"Coolheaded","floor":14},{"not_picked":["Multi-Cast","Amplify"],"picked":"Electrodynamics","floor":16},{"not_picked":["Rebound","Compile Driver"],"picked":"Defragment","floor":18},{"not_picked":["Chaos","FTL+1","Beam Cell"],"picked":"SKIP","floor":19},{"not_picked":["Fusion+1","Barrage"],"picked":"Glacier+1","floor":21},{"not_picked":["Redo+1","Beam Cell"],"picked":"Hello World","floor":22},{"not_picked":["Beam Cell","Cold Snap"],"picked":"Darkness","floor":23},{"not_picked":["Turbo","Go for the Eyes+1"],"picked":"Echo Form","floor":28},{"not_picked":["Hologram","Rebound"],"picked":"Redo+1","floor":29},{"not_picked":["Compile Driver","FTL"],"picked":"Machine Learning","floor":31},{"not_picked":["Meteor Strike","All For One"],"picked":"Buffer","floor":33},{"not_picked":["Gash"],"picked":"SKIP","floor":35},{"not_picked":["Scrape+1"],"picked":"SKIP","floor":38},{"not_picked":["Heatsinks"],"picked":"SKIP","floor":39},{"not_picked":["FTL"],"picked":"SKIP","floor":41},{"not_picked":["Rebound"],"picked":"SKIP","floor":42},{"not_picked":["Genetic Algorithm+1"],"picked":"SKIP","floor":45},{"not_picked":["Genetic Algorithm+1"],"picked":"SKIP","floor":45},{"not_picked":["Undo"],"picked":"SKIP","floor":46},{"not_picked":[],"picked":"White Noise+1","floor":48}],"player_experience":134576,"relics_obtained":[{"floor":8,"key":"PreservedInsect"},{"floor":9,"key":"Lantern"},{"floor":13,"key":"Shovel"},{"floor":23,"key":"Mummified Hand"},{"floor":28,"key":"FossilizedHelix"},{"floor":31,"key":"Oddly Smooth Stone"},{"floor":36,"key":"Dodecahedron"},{"floor":43,"key":"Boot"}],"event_choices":[{"damage_healed":0,"gold_gain":100,"player_choice":"Pray","damage_taken":0,"max_hp_gain":0,"max_hp_loss":0,"event_name":"Golden Shrine","floor":2,"gold_loss":0},{"cards_removed":["Doubt"],"damage_healed":0,"gold_gain":0,"player_choice":"Card Removal","damage_taken":0,"max_hp_gain":0,"max_hp_loss":0,"event_name":"The Cleric","floor":5,"gold_loss":50},{"damage_healed":0,"gold_gain":0,"cards_transformed":["Strike_B"],"player_choice":"Change","damage_taken":0,"max_hp_gain":0,"max_hp_loss":0,"event_name":"Living Wall","floor":12,"gold_loss":0,"cards_obtained":["Hyperbeam"]},{"damage_healed":0,"gold_gain":0,"player_choice":"Ignored","damage_taken":0,"max_hp_gain":0,"max_hp_loss":0,"event_name":"Vampires","floor":20,"gold_loss":0},{"damage_healed":0,"gold_gain":0,"player_choice":"Obtained Relic","damage_taken":0,"relics_obtained":["Happy Flower"],"max_hp_gain":0,"max_hp_loss":0,"event_name":"Addict","floor":24,"gold_loss":85},{"damage_healed":0,"gold_gain":0,"player_choice":"Relic","damage_taken":0,"max_hp_gain":0,"max_hp_loss":0,"event_name":"Wheel of Change","floor":36,"gold_loss":0}],"is_beta":false,"boss_relics":[{"not_picked":["Snecko Eye","Eternal Feather"],"picked":"Velvet Choker"},{"not_picked":["Runic Pyramid","Philosopher\u0027s Stone"],"picked":"Busted Crown"}],"items_purged_floors":[7,25],"is_endless":false,"potions_floor_spawned":[1,3,11,14,16,21,28,29,31,33,38,39,45,46],"killed_by":"Shield and Spear","ascension_level":7}