{"gold_per_floor":[359,22,35,55,73,73,98,98,125,137,137,53,53,68,68,147,147,167,67,67,82,99,99,99,115,138,49,0,0,0],"floor_reached":30,"playtime":998,"items_purged":["Shame","Strike_G"],"score":460,"play_id":"1a721c0e-0260-4120-8392-2160e35065c2","local_time":"20190803001100","is_ascension_mode":true,"campfire_choices":[{"data":"Deadly Poison","floor":6.0,"key":"SMITH"},{"data":"Neutralize","floor":11.0,"key":"SMITH"},{"data":"Well Laid Plans","floor":13.0,"key":"SMITH"},{"data":"Footwork","floor":15.0,"key":"SMITH"},{"data":"Calculated Gamble","floor":23.0,"key":"SMITH"},{"data":"Catalyst","floor":29,"key":"SMITH"}],"neow_cost":"CURSE","seed_source_timestamp":452714539224083,"circlet_count":0,"master_deck":["AscendersBane","Strike_G","Strike_G","Strike_G","Defend_G","Defend_G","Defend_G","Defend_G","Defend_G","Survivor","Neutralize+1","Footwork","Calculated Gamble+1","Deadly Poison+1","Acrobatics","Footwork+1","Backflip","Well Laid Plans+1","Acrobatics","Catalyst+1"],"special_seed":0,"relics":["Ring of the Snake","Boot","Coffee Dripper","Art of War"],"potions_floor_usage":[30],"damage_taken":[{"damage":19.0,"enemies":"Jaw Worm","floor":1.0,"turns":6.0},{"damage":0.0,"enemies":"Cultist","floor":3.0,"turns":4.0},{"damage":4.0,"enemies":"Small Slimes","floor":4.0,"turns":6.0},{"damage":13.0,"enemies":"3 Louse","floor":5.0,"turns":7.0},{"damage":13.0,"enemies":"Lagavulin","floor":7.0,"turns":10.0},{"damage":0.0,"enemies":"2 Fungi Beasts","floor":10.0,"turns":5.0},{"damage":1.0,"enemies":"Looter","floor":14.0,"turns":4.0},{"damage":2.0,"enemies":"Slime Boss","floor":16.0,"turns":9.0},{"damage":0.0,"enemies":"Shell Parasite","floor":18.0,"turns":8.0},{"damage":0.0,"enemies":"Chosen","floor":21.0,"turns":7.0},{"damage":4.0,"enemies":"Centurion and Healer","floor":22.0,"turns":9.0},{"damage":0.0,"enemies":"Snake Plant","floor":25.0,"turns":8.0},{"damage":17,"enemies":"3 Cultists","floor":30,"turns":5}],"seed_played":"8375503021884140486","potions_obtained":[{"floor":3.0,"key":"Fire Potion"},{"floor":7.0,"key":"Explosive Potion"},{"floor":10.0,"key":"Fire Potion"},{"floor":16.0,"key":"Dexterity Potion"},{"floor":25.0,"key":"GamblersBrew"}],"is_trial":false,"path_per_floor":["M","$","M","M","M","R","E","?","T","M","R","$","R","M","R","B",null,"M","$","?","M","M","R","?","M","T","$","?","R","M"],"character_chosen":"THE_SILENT","items_purchased":["Footwork","Calculated Gamble","Deadly Poison","Swift Potion","Well Laid Plans","Catalyst"],"campfire_rested":0,"item_purchase_floors":[2,2,2,2,12,27],"current_hp_per_floor":[40,40,40,36,23,23,10,10,10,10,10,10,10,9,9,7,51,51,51,51,51,47,47,29,29,29,29,29,29,12],"gold":0,"neow_bonus":"TWO_FIFTY_GOLD","is_prod":false,"is_daily":false,"chose_seed":false,"campfire_upgraded":6,"win_rate":0,"timestamp":1564758660,"path_taken":["M","$","M","M","M","R","E","?","T","M","R","$","R","M","R","BOSS","M","$","?","?","M","R","?","M","T","$","?","R","M"],"build_version":"2019-07-17","purchased_purges":2,"victory":false,"max_hp_per_floor":[66,66,66,66,66,66,66,66,66,66,66,66,66,66,66,66,66,66,66,66,66,66,66,71,71,71,71,71,71,71],"card_choices":[{"not_picked":["Dodge and Roll","Slice","Heel Hook"],"picked":"SKIP","floor":1.0},{"not_picked":["Quick Slash","Noxious Fumes"],"picked":"Acrobatics","floor":3.0},{"not_picked":["Deadly Poison","Choke"],"picked":"Footwork","floor":4.0},{"not_picked":["Riddle With Holes","Cloak And Dagger","Backflip"],"picked":"SKIP","floor":5.0},{"not_picked":["Riddle With Holes","Cloak And Dagger"],"picked":"Backflip","floor":5.0},{"not_picked":["Flying Knee","Slice","Night Terror"],"picked":"SKIP","floor":7.0},{"not_picked":["Skewer","Deadly Poison","Quick Slash"],"picked":"SKIP","floor":10.0},{"not_picked":["Deflect","Slice"],"picked":"Acrobatics","floor":14.0},{"not_picked":["Underhanded Strike","Quick Slash","Dagger Throw"],"picked":"SKIP","floor":18.0},{"not_picked":["Crippling Poison","Dash","PiercingWail"],"picked":"SKIP","floor":21.0},{"not_picked":["Outmaneuver","Dodge and Roll","Noxious Fumes"],"picked":"SKIP","floor":22.0},{"not_picked":["Underhanded Strike","Deadly Poison","Quick Slash"],"picked":"SKIP","floor":25.0}],"player_experience":738544,"relics_obtained":[{"floor":7.0,"key":"Boot"},{"floor":26.0,"key":"Art of War"}],"event_choices":[{"damage_healed":0.0,"max_hp_gain":0.0,"max_hp_loss":0.0,"gold_gain":0.0,"event_name":"Shining Light","player_choice":"Ignored","floor":8.0,"gold_loss":0.0,"damage_taken":0.0},{"cards_removed":["Strike_G"],"damage_healed":0.0,"max_hp_gain":0.0,"max_hp_loss":0.0,"gold_gain":0.0,"event_name":"Bonfire Elementals","player_choice":"Offered Basic","floor":20.0,"gold_loss":0.0,"damage_taken":0.0},{"damage_healed":0.0,"max_hp_gain":5.0,"max_hp_loss":0.0,"gold_gain":0.0,"event_name":"Forgotten Altar","player_choice":"Shed Blood","floor":24.0,"gold_loss":0.0,"damage_taken":23.0},{"damage_healed":0,"gold_gain":0,"player_choice":"Paid Fearfully","damage_taken":0,"max_hp_gain":0,"max_hp_loss":0,"event_name":"Masked Bandits","floor":28,"gold_loss":49}],"is_beta":false,"boss_relics":[{"not_picked":["HoveringKite","Ring of the Serpent"],"picked":"Coffee Dripper"}],"items_purged_floors":[2,19],"is_endless":false,"potions_floor_spawned":[3,7,10,16,25],"killed_by":"3 Cultists","ascension_level":20}