{"gold_per_floor":[209,209,223,237,257,257,289,289,340,368,368,368,368,387,387,387],"floor_reached":16,"playtime":343,"items_purged":[],"score":220,"play_id":"4cdce89f-a196-4c5e-80cf-44d41b83d49c","local_time":"20190619054537","is_ascension_mode":true,"campfire_choices":[{"data":"Sweeping Beam","floor":6,"key":"SMITH"},{"floor":8,"key":"REST"},{"data":"Zap","floor":13,"key":"SMITH"},{"data":"Redo","floor":15,"key":"SMITH"}],"neow_cost":"NONE","seed_source_timestamp":5213681597773,"circlet_count":0,"master_deck":["AscendersBane","Strike_B","Strike_B","Strike_B","Defend_B","Defend_B","Defend_B","Defend_B","Zap+1","Dualcast","Cold Snap","Ball Lightning","Sweeping Beam+1","Steam","Doom and Gloom","Chill","Redo+1"],"relics":["Cracked Core","Matryoshka","Symbiotic Virus","Juzu Bracelet","Molten Egg 2"],"potions_floor_usage":[7],"damage_taken":[{"damage":4,"enemies":"2 Louse","floor":1,"turns":2},{"damage":12,"enemies":"Jaw Worm","floor":3,"turns":3},{"damage":0,"enemies":"Cultist","floor":4,"turns":3},{"damage":0,"enemies":"2 Fungi Beasts","floor":5,"turns":3},{"damage":25,"enemies":"Lagavulin","floor":7,"turns":6},{"damage":22,"enemies":"3 Sentries","floor":10,"turns":4},{"damage":1,"enemies":"Looter","floor":14,"turns":3},{"damage":26,"enemies":"Hexaghost","floor":16,"turns":8}],"seed_played":"912258819391603936","potions_obtained":[{"floor":3,"key":"EssenceOfSteel"},{"floor":7,"key":"PowerPotion"},{"floor":10,"key":"Ancient Potion"}],"is_trial":false,"path_per_floor":["M","?","M","M","M","R","E","R","T","E","?","?","R","M","R","B"],"character_chosen":"DEFECT","items_purchased":[],"campfire_rested":1,"item_purchase_floors":[],"current_hp_per_floor":[60,60,48,48,48,48,23,44,44,22,27,27,27,26,26,0],"gold":387,"neow_bonus":"HUNDRED_GOLD","is_prod":false,"is_daily":false,"chose_seed":false,"campfire_upgraded":3,"win_rate":0,"timestamp":1560915937,"path_taken":["M","?","M","M","M","R","E","R","T","E","?","?","R","M","R","BOSS"],"build_version":"2019-06-17v2","purchased_purges":0,"victory":false,"max_hp_per_floor":[71,71,71,71,71,71,71,71,71,71,76,76,76,76,76,76],"card_choices":[{"not_picked":["Coolheaded","Redo"],"picked":"Cold Snap","floor":1},{"not_picked":["Steam","BootSequence"],"picked":"Ball Lightning","floor":3},{"not_picked":["Recycle","Go for the Eyes"],"picked":"Sweeping Beam","floor":4},{"not_picked":["Turbo","Tempest"],"picked":"Steam","floor":5},{"not_picked":["Turbo","Reprogram"],"picked":"Doom and Gloom","floor":7},{"not_picked":["Turbo","Rip and Tear"],"picked":"Chill","floor":10},{"not_picked":["Barrage+1","Coolheaded"],"picked":"Redo","floor":14}],"player_experience":1731434,"relics_obtained":[{"floor":7,"key":"Matryoshka"},{"floor":9,"key":"Symbiotic Virus"},{"floor":9,"key":"Juzu Bracelet"},{"floor":10,"key":"Molten Egg 2"}],"event_choices":[{"damage_healed":0,"gold_gain":0,"player_choice":"Ignored","damage_taken":0,"max_hp_gain":0,"max_hp_loss":0,"event_name":"Liars Game","floor":2,"gold_loss":0},{"damage_healed":0,"gold_gain":0,"player_choice":"Donut","damage_taken":0,"max_hp_gain":5,"max_hp_loss":0,"event_name":"Big Fish","floor":11,"gold_loss":0},{"cards_removed":["Strike_B"],"damage_healed":0,"gold_gain":0,"player_choice":"Forget","damage_taken":0,"max_hp_gain":0,"max_hp_loss":0,"event_name":"Living Wall","floor":12,"gold_loss":0}],"is_beta":true,"boss_relics":[],"items_purged_floors":[],"is_endless":false,"potions_floor_spawned":[3,7,10,14],"killed_by":"Hexaghost","ascension_level":20}