{"gold_per_floor":[114,189,189,204,4,34,34,34,59,59,59,89,104,134,134,234,234],"floor_reached":17,"playtime":812,"items_purged":[],"score":271,"play_id":"13eb7271-171f-4617-9469-3ed768003199","local_time":"20190809223101","daily_mods":["Shiny","Red Cards","Terminal"],"is_ascension_mode":false,"campfire_choices":[{"data":"Feed","floor":7,"key":"SMITH"},{"data":"Offering","floor":10,"key":"SMITH"},{"data":"Buffer","floor":15,"key":"SMITH"}],"neow_cost":"","seed_source_timestamp":0,"circlet_count":0,"master_deck":["Double Tap","Demon Form","Bludgeon","Feed+1","Limit Break","Barricade","Fiend Fire","Dark Embrace","Berserk","Impervious","Juggernaut","Brutality","Reaper","Exhume","Offering+1","Immolate","Multi-Cast","Hyperbeam","Thunder Strike","Biased Cognition","Machine Learning","Electrodynamics","Buffer+1","Rainbow","Seek+1","Meteor Strike","Echo Form","All For One","Reboot","Amplify","Creative AI","Fission","Core Surge","Battle Trance","Consume","Beam Cell","Cold Snap"],"special_seed":18117,"relics":["Cracked Core","Membership Card","Darkstone Periapt","Ancient Tea Set","Thread and Needle","Regal Pillow","Nuclear Battery"],"potions_floor_usage":[],"damage_taken":[{"damage":7,"enemies":"2 Louse","floor":1,"turns":2},{"damage":8,"enemies":"Small Slimes","floor":4,"turns":2},{"damage":7,"enemies":"Gremlin Nob","floor":6,"turns":3},{"damage":0,"enemies":"3 Sentries","floor":12,"turns":1},{"damage":2,"enemies":"Jaw Worm","floor":13,"turns":2},{"damage":9,"enemies":"Lagavulin","floor":14,"turns":5},{"damage":12,"enemies":"Hexaghost","floor":16,"turns":5}],"seed_played":"-4605439999938229481","potions_obtained":[{"floor":4,"key":"Energy Potion"},{"floor":6,"key":"Block Potion"},{"floor":12,"key":"Energy Potion"}],"is_trial":false,"path_per_floor":["M","?","?","M","$","E","R","$","T","R","$","E","M","E","R","B",null],"character_chosen":"DEFECT","items_purchased":["Membership Card"],"campfire_rested":0,"item_purchase_floors":[5],"current_hp_per_floor":[67,56,56,56,56,49,49,49,49,49,49,53,51,42,42,30,62],"gold":234,"neow_bonus":"","is_prod":false,"is_daily":true,"chose_seed":false,"campfire_upgraded":3,"win_rate":0,"timestamp":1565357461,"path_taken":["M","?","?","M","?","E","R","$","T","R","$","E","M","E","R","BOSS"],"build_version":"2019-07-17","purchased_purges":0,"victory":false,"max_hp_per_floor":[73,72,71,70,69,68,67,66,65,64,63,66,65,64,63,62,62],"card_choices":[{"not_picked":["Body Slam","Combust","Compile Driver"],"picked":"SKIP","floor":1},{"not_picked":["Dual Wield","Turbo"],"picked":"Battle Trance","floor":4},{"not_picked":["Rebound","Go for the Eyes","Clothesline"],"picked":"SKIP","floor":6},{"not_picked":["Streamline","Conserve Battery"],"picked":"Consume","floor":12},{"not_picked":["Barrage","FTL"],"picked":"Beam Cell","floor":13},{"not_picked":["Barricade","Heavy Blade"],"picked":"Cold Snap","floor":14}],"player_experience":337930,"relics_obtained":[{"floor":6,"key":"Darkstone Periapt"},{"floor":9,"key":"Ancient Tea Set"},{"floor":12,"key":"Thread and Needle"},{"floor":14,"key":"Regal Pillow"}],"event_choices":[{"damage_healed":0,"gold_gain":75,"player_choice":"Gather Gold","damage_taken":11,"max_hp_gain":0,"max_hp_loss":0,"event_name":"World of Goop","floor":2,"gold_loss":0},{"damage_healed":0,"gold_gain":0,"player_choice":"Grow","damage_taken":0,"max_hp_gain":0,"max_hp_loss":0,"event_name":"Living Wall","floor":3,"gold_loss":0,"cards_upgraded":["Seek"]}],"is_beta":false,"boss_relics":[{"not_picked":["Velvet Choker","Black Star"],"picked":"Nuclear Battery"}],"items_purged_floors":[],"is_endless":false,"potions_floor_spawned":[4,6,12],"ascension_level":0}