{"gold_per_floor":[112,112,187,201,201,229,247,247],"floor_reached":8,"playtime":532,"items_purged":[],"score":112,"play_id":"a1734066-0833-4f68-a3de-35b05a3a9211","local_time":"20190725133954","is_ascension_mode":true,"campfire_choices":[],"neow_cost":"NONE","seed_source_timestamp":485144863314260,"circlet_count":0,"master_deck":["AscendersBane","Strike_R","Strike_R","Strike_R","Strike_R","Strike_R","Defend_R","Defend_R","Defend_R","Defend_R","Bash","Iron Wave","Twin Strike","Whirlwind","Clothesline"],"special_seed":0,"relics":["Fusion Hammer","Kunai","Ice Cream"],"potions_floor_usage":[],"damage_taken":[{"damage":1.0,"enemies":"Small Slimes","floor":1.0,"turns":3.0},{"damage":0.0,"enemies":"2 Louse","floor":4.0,"turns":3.0},{"damage":37.0,"enemies":"Gremlin Nob","floor":6.0,"turns":4.0},{"damage":7,"enemies":"Jaw Worm","floor":7,"turns":3},{"damage":12,"enemies":"Exordium Wildlife","floor":8,"turns":1}],"seed_played":"-2008090091797812808","potions_obtained":[],"is_trial":false,"path_per_floor":["M","?","?","M","?","E","M","M"],"character_chosen":"IRONCLAD","items_purchased":[],"campfire_rested":0,"item_purchase_floors":[],"current_hp_per_floor":[67,56,45,45,45,8,1,0],"gold":247,"neow_bonus":"BOSS_RELIC","is_prod":false,"is_daily":false,"chose_seed":false,"campfire_upgraded":0,"win_rate":0,"timestamp":1564051194,"path_taken":["M","?","?","M","?","E","M","M"],"build_version":"2019-07-17","purchased_purges":0,"victory":false,"max_hp_per_floor":[75,75,75,75,75,75,75,75],"card_choices":[{"not_picked":["Sword Boomerang","Wild Strike"],"picked":"Iron Wave","floor":1.0},{"not_picked":["Warcry","Armaments"],"picked":"Twin Strike","floor":4.0},{"not_picked":["Shockwave","Rupture"],"picked":"Whirlwind","floor":6},{"not_picked":["Body Slam","Feel No Pain"],"picked":"Clothesline","floor":7}],"player_experience":970179,"relics_obtained":[{"floor":6,"key":"Ice Cream"}],"event_choices":[{"damage_healed":0.0,"max_hp_gain":0.0,"max_hp_loss":0.0,"gold_gain":0.0,"event_name":"Scrap Ooze","player_choice":"Success","floor":2.0,"gold_loss":0.0,"damage_taken":11.0,"relics_obtained":["Kunai"]},{"damage_healed":0.0,"max_hp_gain":0.0,"max_hp_loss":0.0,"gold_gain":75.0,"event_name":"World of Goop","player_choice":"Gather Gold","floor":3.0,"gold_loss":0.0,"damage_taken":11.0},{"damage_healed":0.0,"max_hp_gain":0.0,"max_hp_loss":0.0,"gold_gain":0.0,"event_name":"Liars Game","player_choice":"Ignored","floor":5.0,"gold_loss":0.0,"damage_taken":0.0}],"is_beta":false,"boss_relics":[],"items_purged_floors":[],"is_endless":false,"potions_floor_spawned":[],"killed_by":"Exordium Wildlife","ascension_level":20}