{"gold_per_floor":[114,128,128,143,45,45,80,80,80,94,128,28,28],"floor_reached":13,"playtime":562,"items_purged":["Strike_B","Defend_B"],"score":130,"play_id":"ae1f3431-5b10-4b1a-87bc-568dafc95db0","local_time":"20190731141426","is_ascension_mode":true,"campfire_choices":[{"data":"Zap","floor":6,"key":"SMITH"},{"data":"Fission","floor":8,"key":"SMITH"}],"neow_cost":"NONE","seed_source_timestamp":125307607741493,"circlet_count":0,"master_deck":["Strike_B","Strike_B","Strike_B","Defend_B","Defend_B","Defend_B","Zap+1","Dualcast","Barrage","Ball Lightning","Fission+1","Coolheaded","Seek"],"relics":["Cracked Core","NeowsBlessing","Bird Faced Urn","Blood Vial","Dream Catcher"],"potions_floor_usage":[10,13],"damage_taken":[{"damage":0,"enemies":"Cultist","floor":1,"turns":1},{"damage":0,"enemies":"2 Louse","floor":2,"turns":1},{"damage":0,"enemies":"Jaw Worm","floor":4,"turns":1},{"damage":42,"enemies":"Gremlin Nob","floor":7,"turns":4},{"damage":2,"enemies":"2 Fungi Beasts","floor":10,"turns":3},{"damage":18,"enemies":"3 Sentries","floor":11,"turns":7},{"damage":23,"enemies":"Lagavulin","floor":13,"turns":5}],"seed_played":"4870738969373191508","potions_obtained":[{"floor":1,"key":"Energy Potion"},{"floor":7,"key":"SpeedPotion"},{"floor":10,"key":"Energy Potion"}],"is_trial":false,"path_per_floor":["M","M","?","M","$","R","E","R","T","M","E","$","E"],"character_chosen":"DEFECT","items_purchased":["Ball Lightning"],"campfire_rested":0,"item_purchase_floors":[5],"current_hp_per_floor":[68,68,68,68,68,68,26,26,26,26,10,10,0],"gold":28,"neow_bonus":"THREE_ENEMY_KILL","is_prod":false,"is_daily":false,"chose_seed":false,"campfire_upgraded":2,"win_rate":0,"timestamp":1564550066,"path_taken":["M","M","?","?","$","R","E","R","T","M","E","?","E"],"build_version":"2019-07-17","purchased_purges":2,"victory":false,"max_hp_per_floor":[75,75,75,75,75,75,75,75,75,75,75,75,75],"card_choices":[{"not_picked":["Auto Shields","Go for the Eyes"],"picked":"Barrage","floor":1},{"not_picked":["Go for the Eyes","Tempest","Heatsinks"],"picked":"SKIP","floor":2},{"not_picked":["Scrape","Steam","Gash"],"picked":"SKIP","floor":4},{"not_picked":["Hologram","Stack"],"picked":"Fission","floor":7},{"not_picked":["Steam","Static Discharge"],"picked":"Coolheaded","floor":10},{"not_picked":["Aggregate","Compile Driver"],"picked":"Seek","floor":11}],"player_experience":164304,"relics_obtained":[{"floor":7,"key":"Blood Vial"},{"floor":11,"key":"Dream Catcher"}],"event_choices":[{"damage_healed":0,"gold_gain":0,"player_choice":"Gave Potion","damage_taken":0,"relics_obtained":["Bird Faced Urn"],"max_hp_gain":0,"max_hp_loss":0,"event_name":"WeMeetAgain","floor":3,"gold_loss":0}],"is_beta":false,"boss_relics":[],"items_purged_floors":[5,12],"is_endless":false,"potions_floor_spawned":[1,7,10],"killed_by":"Lagavulin","ascension_level":8}