{"gold_per_floor":[369,60,76,76,95,95,20,20,20,20,20,44,44,69,69,188,188,207,207,220,234,247,247,247,259,310,320,11,11,24,49,49,148,148,164,175,51,64,75,75,41,58,58,8,24,0,10,29,29,29],"floor_reached":51,"playtime":15847,"items_purged":["Injury","Strike_G","Strike_G"],"score":966,"play_id":"b46ba122-0e6e-4d2a-a0a0-7d9719030546","local_time":"20190803031124","is_ascension_mode":true,"campfire_choices":[{"data":"Neutralize","floor":6,"key":"SMITH"},{"data":"Noxious Fumes","floor":8,"key":"SMITH"},{"data":"Malaise","floor":11,"key":"SMITH"},{"data":"Blur","floor":13,"key":"SMITH"},{"data":"Bane","floor":15,"key":"SMITH"},{"floor":23,"key":"REST"},{"data":"Catalyst","floor":29,"key":"SMITH"},{"floor":32,"key":"REST"},{"floor":40,"key":"REST"},{"data":"Catalyst","floor":49,"key":"SMITH"}],"neow_cost":"PERCENT_DAMAGE","seed_source_timestamp":328266755108600,"circlet_count":0,"master_deck":["Strike_G","Strike_G","Strike_G","Defend_G","Defend_G","Defend_G","Defend_G","Defend_G","Survivor","Neutralize+1","Crippling Poison","Malaise+1","Noxious Fumes+1","Blur+1","Malaise","Bane+1","Corpse Explosion","Leg Sweep+1","PiercingWail+1","Footwork+1","Catalyst+1","Wraith Form v2","Catalyst+1","Footwork","Burst","PiercingWail+1"],"relics":["Ring of the Serpent","Bronze Scales","Bloody Idol","Gremlin Horn","Philosopher\u0027s Stone","Smiling Mask","FossilizedHelix","Potion Belt","Kunai","Red Mask"],"potions_floor_usage":[22,50,50,50],"damage_taken":[{"damage":0,"enemies":"Small Slimes","floor":1,"turns":3},{"damage":6,"enemies":"Jaw Worm","floor":3,"turns":6},{"damage":0,"enemies":"Cultist","floor":5,"turns":5},{"damage":5,"enemies":"Large Slime","floor":12,"turns":6},{"damage":0,"enemies":"Blue Slaver","floor":14,"turns":4},{"damage":0,"enemies":"Hexaghost","floor":16,"turns":10},{"damage":4,"enemies":"Spheric Guardian","floor":18,"turns":5},{"damage":11,"enemies":"Chosen","floor":20,"turns":5},{"damage":13,"enemies":"Shelled Parasite and Fungi","floor":21,"turns":5},{"damage":16,"enemies":"Centurion and Healer","floor":22,"turns":5},{"damage":19,"enemies":"3 Cultists","floor":25,"turns":5},{"damage":9,"enemies":"Snake Plant","floor":27,"turns":5},{"damage":0,"enemies":"Chosen and Byrds","floor":30,"turns":7},{"damage":11,"enemies":"Gremlin Leader","floor":31,"turns":7},{"damage":21,"enemies":"Champ","floor":33,"turns":14},{"damage":34,"enemies":"3 Darklings","floor":35,"turns":4},{"damage":5,"enemies":"3 Shapes","floor":36,"turns":6},{"damage":4,"enemies":"Writhing Mass","floor":38,"turns":7},{"damage":14,"enemies":"Jaw Worm Horde","floor":39,"turns":5},{"damage":2,"enemies":"Spire Growth","floor":42,"turns":7},{"damage":0,"enemies":"4 Shapes","floor":45,"turns":3},{"damage":7,"enemies":"Sphere and 2 Shapes","floor":47,"turns":5},{"damage":0,"enemies":"Jaw Worm Horde","floor":48,"turns":2},{"damage":33,"enemies":"Time Eater","floor":50,"turns":9}],"seed_played":"-4939279131076676935","potions_obtained":[{"floor":1,"key":"Energy Potion"},{"floor":16,"key":"Strength Potion"},{"floor":25,"key":"Strength Potion"},{"floor":27,"key":"LiquidBronze"},{"floor":33,"key":"AttackPotion"},{"floor":36,"key":"GhostInAJar"},{"floor":38,"key":"Poison Potion"},{"floor":48,"key":"PowerPotion"}],"is_trial":false,"path_per_floor":["M","$","M","?","M","R","$","R","T","?","R","M","R","M","R","B",null,"M","?","M","M","M","R","?","M","T","M","$","R","M","E","R","B",null,"M","M","$","M","M","R","$","M","T","$","M","?","M","M","R","B",null],"character_chosen":"THE_SILENT","items_purchased":["Malaise","Bronze Scales","FossilizedHelix","Catalyst","Footwork"],"campfire_rested":3,"item_purchase_floors":[2,2,28,37,41],"current_hp_per_floor":[45,45,39,39,39,39,39,39,39,39,39,34,34,34,34,34,61,57,57,51,43,32,53,53,39,44,40,40,40,45,39,60,44,64,35,35,35,36,27,48,48,51,51,51,56,56,54,59,59,26],"gold":29,"neow_bonus":"TWO_FIFTY_GOLD","is_prod":false,"is_daily":false,"chose_seed":false,"campfire_upgraded":7,"win_rate":0,"timestamp":1564816284,"path_taken":["M","$","M","?","M","R","$","R","T","?","R","?","R","M","R","BOSS","M","?","M","M","M","R","?","M","T","M","?","R","M","E","R","BOSS","M","M","$","M","M","R","$","M","T","$","M","?","M","M","R","BOSS"],"build_version":"2019-07-18","purchased_purges":3,"victory":true,"max_hp_per_floor":[70,70,70,70,70,70,70,70,70,70,70,70,70,70,70,70,70,70,70,70,70,70,70,70,70,70,70,70,70,70,70,70,70,70,70,70,70,70,70,70,70,70,70,70,70,70,70,70,70,70],"card_choices":[{"not_picked":["Backflip","Dagger Throw"],"picked":"Crippling Poison","floor":1},{"not_picked":["Deadly Poison","Outmaneuver"],"picked":"Noxious Fumes","floor":3},{"not_picked":["Flying Knee","Quick Slash"],"picked":"Blur","floor":5},{"not_picked":["Bane","Prepared","Dagger Throw"],"picked":"SKIP","floor":12},{"not_picked":["Flying Knee","Choke"],"picked":"Bane","floor":14},{"not_picked":["Night Terror","Envenom"],"picked":"Corpse Explosion","floor":16},{"not_picked":["Quick Slash+1","Deflect"],"picked":"Leg Sweep+1","floor":18},{"not_picked":["Heel Hook","Dagger Throw","Quick Slash"],"picked":"SKIP","floor":20},{"not_picked":["Skewer","Heel Hook+1","Outmaneuver"],"picked":"SKIP","floor":21},{"not_picked":["Dodge and Roll","Deflect+1"],"picked":"PiercingWail+1","floor":22},{"not_picked":["Dodge and Roll","Caltrops"],"picked":"Footwork+1","floor":25},{"not_picked":["Quick Slash","Acrobatics"],"picked":"Catalyst","floor":27},{"not_picked":["Bane+1","Cloak And Dagger","Quick Slash"],"picked":"SKIP","floor":30},{"not_picked":["Poisoned Stab","Setup","Prepared"],"picked":"SKIP","floor":31},{"not_picked":["Unload","Die Die Die"],"picked":"Wraith Form v2","floor":33},{"not_picked":["Dagger Spray+1","Endless Agony","Backstab"],"picked":"SKIP","floor":35},{"not_picked":["Terror","Deflect","Bane"],"picked":"SKIP","floor":36},{"not_picked":["Flying Knee+1","Deflect","Poisoned Stab"],"picked":"SKIP","floor":38},{"not_picked":["All Out Attack+1","Sucker Punch","Flechettes"],"picked":"SKIP","floor":39},{"not_picked":["Bane+1","Backflip"],"picked":"Burst","floor":42},{"not_picked":["Dagger Spray+1","Bane","Blade Dance"],"picked":"SKIP","floor":45},{"not_picked":["Catalyst","Slice","Bane+1"],"picked":"SKIP","floor":47},{"not_picked":["Calculated Gamble","Catalyst"],"picked":"PiercingWail+1","floor":48}],"player_experience":312926,"relics_obtained":[{"floor":9,"key":"Gremlin Horn"},{"floor":26,"key":"Smiling Mask"},{"floor":31,"key":"Potion Belt"},{"floor":43,"key":"Kunai"}],"event_choices":[{"damage_healed":0,"gold_gain":0,"player_choice":"Take Wound","damage_taken":0,"relics_obtained":["Golden Idol"],"max_hp_gain":0,"max_hp_loss":0,"event_name":"Golden Idol","floor":4,"gold_loss":0,"cards_obtained":["Injury"]},{"damage_healed":0,"gold_gain":0,"player_choice":"1 cards matched","damage_taken":0,"max_hp_gain":0,"max_hp_loss":0,"event_name":"Match and Keep!","floor":10,"gold_loss":0,"cards_obtained":["Malaise"]},{"damage_healed":0,"gold_gain":0,"player_choice":"Gave Idol","damage_taken":0,"relics_obtained":["Bloody Idol"],"max_hp_gain":0,"max_hp_loss":0,"event_name":"Forgotten Altar","floor":19,"relics_lost":["Golden Idol"],"gold_loss":0},{"damage_healed":0,"gold_gain":0,"player_choice":"Ignored","damage_taken":0,"max_hp_gain":0,"max_hp_loss":0,"event_name":"Vampires","floor":24,"gold_loss":0},{"damage_healed":0,"gold_gain":0,"player_choice":"Paid","damage_taken":0,"relics_obtained":["Red Mask"],"max_hp_gain":0,"max_hp_loss":0,"event_name":"Tomb of Lord Red Mask","floor":46,"gold_loss":24}],"is_beta":true,"boss_relics":[{"not_picked":["Eternal Feather","White Beast Statue"],"picked":"Philosopher\u0027s Stone"},{"not_picked":["Coffee Dripper","Black Star"],"picked":"Ring of the Serpent"}],"items_purged_floors":[7,37,44],"is_endless":false,"potions_floor_spawned":[1,16,25,27,33,36,38,48],"ascension_level":8}