{"gold_per_floor":[110,125,138,138,151,151,164,199,268,268,282,282,45,56,56,161,161,179,179,13,29,129,129,27,43,43,55,55,68,68,35,35,130,130,145,1144,343,357,357,386,386,405,405,416,416],"floor_reached":45,"playtime":8710,"items_purged":["Normality"],"score":547,"play_id":"2cb42a65-8f02-444e-86ae-dd12ceb886ce","local_time":"20190803173713","is_ascension_mode":false,"campfire_choices":[{"floor":6,"key":"REST"},{"floor":15,"key":"REST"},{"floor":23,"key":"REST"},{"floor":28,"key":"REST"},{"data":"Footwork","floor":30,"key":"SMITH"},{"data":"Slice","floor":32,"key":"PURGE"},{"floor":41,"key":"REST"}],"neow_cost":"NONE","seed_source_timestamp":63957673019361,"circlet_count":0,"master_deck":["Defend_G","Defend_G","Defend_G","Defend_G","Defend_G","Strike_G","Strike_G","Strike_G","Survivor","Neutralize","Well Laid Plans","Acrobatics","Dagger Throw","Underhanded Strike","Deadly Poison","After Image","Deadly Poison","Noxious Fumes","Noxious Fumes","Dagger Throw","Dagger Spray","Adrenaline","Bane","Bane","Noxious Fumes","Prepared","Backflip","Acrobatics","Footwork+1","Bane+1","Well Laid Plans","Poisoned Stab","Caltrops","Burst","Sucker Punch+1","Blade Dance+1","Backflip","Bane+1","Poisoned Stab","Tools of the Trade","Normality","Footwork+1","Deadly Poison","Reflex","Escape Plan","Underhanded Strike","Escape Plan+1","Blur+1"],"relics":["Ring of the Snake","Letter Opener","Bottled Tornado","Thread and Needle","Boot","Sozu","Peace Pipe","Ninja Scroll","Mercury Hourglass","Orrery","ClockworkSouvenir","Frozen Egg 2","Tiny Chest","Orichalcum","Snake Skull","Shuriken"],"potions_floor_usage":[22,22,22],"damage_taken":[{"damage":5,"enemies":"Cultist","floor":1,"turns":7},{"damage":14,"enemies":"Jaw Worm","floor":2,"turns":7},{"damage":0,"enemies":"Small Slimes","floor":3,"turns":3},{"damage":12,"enemies":"Gremlin Gang","floor":5,"turns":8},{"damage":0,"enemies":"Large Slime","floor":7,"turns":5},{"damage":23,"enemies":"Gremlin Nob","floor":8,"turns":5},{"damage":10,"enemies":"Lots of Slimes","floor":11,"turns":6},{"damage":9,"enemies":"3 Louse","floor":14,"turns":4},{"damage":20,"enemies":"The Guardian","floor":16,"turns":9},{"damage":1,"enemies":"Spheric Guardian","floor":18,"turns":5},{"damage":28,"enemies":"2 Thieves","floor":21,"turns":4},{"damage":25,"enemies":"Colosseum Slavers","floor":22,"turns":4},{"damage":5,"enemies":"Colosseum Nobs","floor":22,"turns":4},{"damage":0,"enemies":"Centurion and Healer","floor":25,"turns":5},{"damage":7,"enemies":"Snake Plant","floor":27,"turns":3},{"damage":10,"enemies":"Shelled Parasite and Fungi","floor":29,"turns":4},{"damage":36,"enemies":"Champ","floor":33,"turns":10},{"damage":7,"enemies":"Orb Walker","floor":35,"turns":3},{"damage":9,"enemies":"3 Darklings","floor":38,"turns":6},{"damage":49,"enemies":"Giant Head","floor":40,"turns":9},{"damage":34,"enemies":"Jaw Worm Horde","floor":42,"turns":4},{"damage":0,"enemies":"Transient","floor":44,"turns":5},{"damage":7,"enemies":"3 Darklings","floor":45,"turns":1}],"seed_played":"953231303221239693","potions_obtained":[{"floor":1,"key":"PowerPotion"},{"floor":2,"key":"Poison Potion"},{"floor":4,"key":"Regen Potion"},{"floor":4,"key":"Strength Potion"},{"floor":16,"key":"AttackPotion"}],"is_trial":false,"path_per_floor":["M","M","M","?","M","R","M","E","T","?","M","?","$","M","R","B",null,"M","?","$","M","?","R","$","M","T","M","R","M","R","$","R","B",null,"M","?","$","M","T","E","R","M","T","M","M"],"character_chosen":"THE_SILENT","items_purchased":["Noxious Fumes","Boot","Dagger Throw","Bane","Noxious Fumes","Prepared","Footwork","Slice","Caltrops","ClockworkSouvenir","Frozen Egg 2","Tiny Chest","Footwork+1","Deadly Poison","Reflex"],"campfire_rested":5,"item_purchase_floors":[13,13,13,20,20,20,24,24,31,37,37,37,37,37,37],"current_hp_per_floor":[72,58,58,58,46,69,69,46,46,46,36,36,36,27,50,30,77,76,76,76,48,30,53,53,53,53,46,69,59,59,59,59,23,77,70,70,70,61,61,12,35,1,1,1,0],"gold":416,"neow_bonus":"TEN_PERCENT_HP_BONUS","is_prod":false,"is_daily":false,"chose_seed":false,"campfire_upgraded":1,"win_rate":0.0,"timestamp":1564871833,"path_taken":["M","?","M","?","M","R","?","E","T","?","?","?","$","?","R","BOSS","M","?","$","?","?","R","?","M","T","?","R","M","R","$","R","BOSS","M","?","$","M","?","E","R","M","T","?","M"],"build_version":"2019-01-23","purchased_purges":1,"victory":false,"max_hp_per_floor":[77,77,77,77,77,77,77,77,77,77,77,77,77,77,77,77,77,77,77,77,77,77,77,77,77,77,77,77,77,77,77,77,77,77,77,77,77,77,77,77,77,77,77,77,77],"card_choices":[{"not_picked":["Acrobatics","Endless Agony"],"picked":"Well Laid Plans","floor":1},{"not_picked":["Expertise","Poisoned Stab"],"picked":"Acrobatics","floor":2},{"not_picked":["Bane","Choke"],"picked":"Dagger Throw","floor":3},{"not_picked":["Masterful Stab","Catalyst"],"picked":"Underhanded Strike","floor":5},{"not_picked":["Outmaneuver","Dodge and Roll"],"picked":"Deadly Poison","floor":7},{"not_picked":["Escape Plan","Poisoned Stab"],"picked":"After Image","floor":8},{"not_picked":["Dagger Spray","Deadly Poison"],"picked":"Noxious Fumes","floor":11},{"not_picked":["Deflect","Riddle With Holes"],"picked":"Dagger Spray","floor":14},{"not_picked":["Malaise","Burst"],"picked":"Adrenaline","floor":16},{"not_picked":["Blur","Caltrops"],"picked":"Bane","floor":18},{"not_picked":["Eviscerate","Crippling Poison"],"picked":"Backflip","floor":21},{"not_picked":["Deflect","Predator"],"picked":"Acrobatics","floor":22},{"not_picked":["Deflect","Dagger Spray"],"picked":"Bane+1","floor":25},{"not_picked":["Bane+1","Prepared"],"picked":"Well Laid Plans","floor":27},{"not_picked":["Acrobatics","Predator"],"picked":"Poisoned Stab","floor":29},{"not_picked":["Unload","Wraith Form v2"],"picked":"Burst","floor":33},{"not_picked":["Acrobatics","Deflect+1"],"picked":"Sucker Punch+1","floor":34},{"not_picked":["Flying Knee","Slice"],"picked":"Blade Dance+1","floor":34},{"not_picked":["Outmaneuver","Dodge and Roll"],"picked":"Backflip","floor":34},{"not_picked":["PiercingWail+1","Backstab"],"picked":"Bane+1","floor":34},{"not_picked":["Bane","Skewer+1"],"picked":"Poisoned Stab","floor":34},{"not_picked":["Dagger Spray","Quick Slash"],"picked":"Tools of the Trade","floor":35},{"not_picked":["Dodge and Roll","Predator+1"],"picked":"Escape Plan","floor":38},{"not_picked":["Unload","Outmaneuver"],"picked":"Underhanded Strike","floor":40},{"not_picked":["Dodge and Roll","Slice+1"],"picked":"Escape Plan+1","floor":42},{"not_picked":["Flechettes","Dagger Throw+1"],"picked":"Blur+1","floor":44}],"player_experience":67375,"relics_obtained":[{"floor":8,"key":"Letter Opener"},{"floor":9,"key":"Bottled Tornado"},{"floor":22,"key":"Peace Pipe"},{"floor":22,"key":"Ninja Scroll"},{"floor":26,"key":"Mercury Hourglass"},{"floor":39,"key":"Orichalcum"},{"floor":40,"key":"Snake Skull"},{"floor":43,"key":"Shuriken"}],"event_choices":[{"damage_healed":0,"gold_gain":0,"player_choice":"Got Potions","damage_taken":0,"max_hp_gain":0,"max_hp_loss":0,"event_name":"Lab","floor":4,"gold_loss":0},{"damage_healed":0,"gold_gain":0,"cards_transformed":["Strike_G"],"player_choice":"Transformed","damage_taken":0,"max_hp_gain":0,"max_hp_loss":0,"event_name":"Transmorgrifier","floor":10,"gold_loss":0,"cards_obtained":["Deadly Poison"]},{"damage_healed":0,"gold_gain":0,"player_choice":"Gave Potion","damage_taken":0,"relics_obtained":["Thread and Needle"],"max_hp_gain":0,"max_hp_loss":0,"event_name":"WeMeetAgain","floor":12,"gold_loss":0},{"cards_removed":["Strike_G"],"damage_healed":0,"gold_gain":0,"player_choice":"Purged","damage_taken":0,"max_hp_gain":0,"max_hp_loss":0,"event_name":"Purifier","floor":19,"gold_loss":0},{"damage_healed":0,"gold_gain":0,"player_choice":"Fight","damage_taken":0,"max_hp_gain":0,"max_hp_loss":0,"event_name":"Colosseum","floor":22,"gold_loss":0},{"damage_healed":0,"gold_gain":0,"player_choice":"Fought Nobs","damage_taken":0,"max_hp_gain":0,"max_hp_loss":0,"event_name":"Colosseum","floor":22,"gold_loss":0},{"damage_healed":0,"gold_gain":999,"player_choice":"Gold","damage_taken":0,"max_hp_gain":0,"max_hp_loss":0,"event_name":"MindBloom","floor":36,"gold_loss":0,"cards_obtained":["Normality","Normality"]}],"is_beta":true,"boss_relics":[{"not_picked":["Philosopher\u0027s Stone","Eternal Feather"],"picked":"Sozu"},{"not_picked":["Astrolabe","White Beast Statue"],"picked":"Orrery"}],"items_purged_floors":[37],"is_endless":false,"potions_floor_spawned":[1,2,16,22,25,29,33,40,42],"killed_by":"3 Darklings","ascension_level":0}