{"gold_per_floor":[209,228,82,100,80,80,95,115,115,115,190,219,234,252,252,349,349,362,376,376,386,406,505,69,69],"floor_reached":25,"playtime":3814,"items_purged":["Hello World"],"score":242,"play_id":"88eb0d3a-c8bd-47a0-b552-8d7a62f602e7","local_time":"20190807094917","is_ascension_mode":true,"campfire_choices":[{"data":"Zap","floor":6,"key":"SMITH"},{"data":"Hologram","floor":15,"key":"SMITH"}],"neow_cost":"NONE","seed_source_timestamp":189855667386500,"circlet_count":0,"master_deck":["Strike_B","Strike_B","Strike_B","Defend_B","Defend_B","Defend_B","Defend_B","Zap+1","Dualcast","Gash","Sweeping Beam","Steam","Capacitor","Leap","Hologram+1","Gash","Gash","Reinforced Body","Loop","Consume","Hyperbeam","Go for the Eyes","Conserve Battery","Defragment","BootSequence+1","Gash"],"relics":["Cracked Core","Question Card","Dream Catcher","Cursed Key","Gambling Chip"],"potions_floor_usage":[12,16,16,18,19,21],"damage_taken":[{"damage":1,"enemies":"Cultist","floor":1,"turns":3},{"damage":0,"enemies":"Small Slimes","floor":2,"turns":2},{"damage":0,"enemies":"Jaw Worm","floor":4,"turns":4},{"damage":2,"enemies":"Large Slime","floor":7,"turns":6},{"damage":5,"enemies":"Gremlin Gang","floor":8,"turns":4},{"damage":7,"enemies":"Lagavulin","floor":12,"turns":7},{"damage":6,"enemies":"3 Louse","floor":13,"turns":4},{"damage":0,"enemies":"Large Slime","floor":14,"turns":5},{"damage":30,"enemies":"Slime Boss","floor":16,"turns":9},{"damage":19,"enemies":"Spheric Guardian","floor":18,"turns":6},{"damage":9,"enemies":"2 Thieves","floor":19,"turns":5},{"damage":11,"enemies":"Cultist and Chosen","floor":21,"turns":5},{"damage":22,"enemies":"Centurion and Healer","floor":22,"turns":10},{"damage":15,"enemies":"Snake Plant","floor":25,"turns":4}],"seed_played":"8053228014037556346","potions_obtained":[{"floor":5,"key":"SpeedPotion"},{"floor":8,"key":"SpeedPotion"},{"floor":12,"key":"EssenceOfSteel"},{"floor":14,"key":"Regen Potion"},{"floor":18,"key":"Swift Potion"},{"floor":19,"key":"Swift Potion"}],"is_trial":false,"path_per_floor":["M","M","$","M","?","R","M","M","T","?","?","E","M","M","R","B",null,"M","M","?","M","M","?","$","M"],"character_chosen":"DEFECT","items_purchased":["Steam","Capacitor","Leap","Gash","Gambling Chip"],"campfire_rested":0,"item_purchase_floors":[3,3,3,24,24],"current_hp_per_floor":[74,74,74,74,74,74,72,67,67,67,60,53,47,47,47,32,75,56,47,47,36,14,14,14,0],"gold":69,"neow_bonus":"HUNDRED_GOLD","is_prod":false,"is_daily":false,"chose_seed":false,"campfire_upgraded":2,"win_rate":0,"timestamp":1565138957,"path_taken":["M","M","?","M","?","R","M","?","T","?","?","E","M","M","R","BOSS","M","?","?","M","M","?","$","M"],"build_version":"2019-07-17","purchased_purges":1,"victory":false,"max_hp_per_floor":[75,75,75,75,75,75,75,75,75,75,75,75,75,75,75,75,75,75,75,75,75,75,75,75,75],"card_choices":[{"not_picked":["Turbo","Aggregate"],"picked":"Gash","floor":1},{"not_picked":["Stack","Leap"],"picked":"Sweeping Beam","floor":2},{"not_picked":["Rebound","Ball Lightning"],"picked":"Hologram","floor":4},{"not_picked":["Auto Shields","Ball Lightning"],"picked":"Gash","floor":7},{"not_picked":["Rip and Tear","Barrage"],"picked":"Gash","floor":8},{"not_picked":["Barrage","Static Discharge","Turbo"],"picked":"Reinforced Body","floor":12},{"not_picked":["Double Energy","White Noise","Streamline"],"picked":"Loop","floor":13},{"not_picked":["Heatsinks","Turbo","Hyperbeam"],"picked":"Consume","floor":14},{"not_picked":["Thunder Strike","Core Surge","Multi-Cast"],"picked":"Hyperbeam","floor":16},{"not_picked":["Sweeping Beam","Leap","Tempest+1"],"picked":"Go for the Eyes","floor":18},{"not_picked":["Rip and Tear","Hologram+1","White Noise"],"picked":"Conserve Battery","floor":19},{"not_picked":["Conserve Battery","Sweeping Beam","Auto Shields"],"picked":"BootSequence+1","floor":21},{"not_picked":["Undo","Turbo","Leap","Rebound"],"picked":"SKIP","floor":22}],"player_experience":202179,"relics_obtained":[{"floor":9,"key":"Question Card"},{"floor":12,"key":"Dream Catcher"}],"event_choices":[{"damage_healed":0,"gold_gain":0,"player_choice":"Bought 1 Potion","damage_taken":0,"max_hp_gain":0,"max_hp_loss":0,"event_name":"The Woman in Blue","floor":5,"gold_loss":0},{"damage_healed":0,"gold_gain":0,"cards_transformed":["Strike_B"],"player_choice":"Change","damage_taken":0,"max_hp_gain":0,"max_hp_loss":0,"event_name":"Living Wall","floor":10,"gold_loss":0,"cards_obtained":["Hello World"]},{"damage_healed":0,"gold_gain":75,"player_choice":"Touch","damage_taken":7,"max_hp_gain":0,"max_hp_loss":0,"event_name":"FaceTrader","floor":11,"gold_loss":0},{"damage_healed":0,"gold_gain":0,"player_choice":"Read","damage_taken":0,"max_hp_gain":0,"max_hp_loss":0,"event_name":"The Library","floor":20,"gold_loss":0,"cards_obtained":["Defragment"]},{"damage_healed":0,"gold_gain":99,"player_choice":"Stole From Cult","damage_taken":0,"max_hp_gain":0,"max_hp_loss":0,"event_name":"Nest","floor":23,"gold_loss":0}],"is_beta":false,"boss_relics":[{"not_picked":["Runic Dome","Busted Crown"],"picked":"Cursed Key"}],"items_purged_floors":[24],"is_endless":false,"potions_floor_spawned":[8,12,14,18,19],"killed_by":"Snake Plant","ascension_level":1}