{"gold_per_floor":[117,42,58,58,70,70,100,200,224,251,267,286,286,302,302,397,397,397,397,257,257,257,257,257,257,257,257,118,118,118,118,118,118,118,118,118,118,118,118,118,118,118,118,118,118,118,118,118,118,118],"floor_reached":50,"playtime":3468,"items_purged":["Writhe","Strike_G"],"score":603,"play_id":"54ecf98d-71a5-4333-b34d-fb59cab33821","local_time":"20190802154909","is_ascension_mode":true,"campfire_choices":[{"data":"Neutralize","floor":6.0,"key":"SMITH"},{"floor":15.0,"key":"REST"},{"data":"Cloak And Dagger","floor":23.0,"key":"SMITH"},{"data":"Malaise","floor":25.0,"key":"SMITH"},{"data":"Burst","floor":32.0,"key":"SMITH"},{"floor":40,"key":"REST"},{"floor":42,"key":"REST"},{"data":"Writhe","floor":46,"key":"PURGE"},{"floor":49,"key":"REST"}],"neow_cost":"CURSE","seed_source_timestamp":299480956913600,"circlet_count":0,"master_deck":["Defend_G","Defend_G","Defend_G","Defend_G","Defend_G","Survivor","Neutralize+1","Malaise+1","Accuracy","Footwork","Blade Dance","Terror","Cloak And Dagger+1","Acrobatics","Die Die Die","Blur+1","Accuracy","Prepared+1","Bite","Bite","Bite","Bite","Bite","Cloak And Dagger","Dodge and Roll+1","Storm of Steel","Burst+1","Blade Dance+1","Cloak And Dagger+1","Envenom","Panache","Panache","Chrysalis","Envenom"],"special_seed":0,"relics":["Ring of the Snake","Lantern","Ornamental Fan","Ectoplasm","FaceOfCleric","Dream Catcher","Fusion Hammer","Torii","Peace Pipe","Snake Skull"],"potions_floor_usage":[38,50],"damage_taken":[{"damage":4.0,"enemies":"2 Louse","floor":1.0,"turns":2.0},{"damage":2.0,"enemies":"Cultist","floor":3.0,"turns":4.0},{"damage":2.0,"enemies":"Small Slimes","floor":5.0,"turns":3.0},{"damage":26.0,"enemies":"Lagavulin","floor":10.0,"turns":11.0},{"damage":14.0,"enemies":"Red Slaver","floor":11.0,"turns":5.0},{"damage":8.0,"enemies":"Exordium Thugs","floor":12.0,"turns":7.0},{"damage":1.0,"enemies":"Looter","floor":14.0,"turns":3.0},{"damage":13.0,"enemies":"Hexaghost","floor":16.0,"turns":15.0},{"damage":2.0,"enemies":"Shell Parasite","floor":18.0,"turns":8.0},{"damage":0.0,"enemies":"3 Byrds","floor":21.0,"turns":8.0},{"damage":15.0,"enemies":"Snecko","floor":24.0,"turns":6.0},{"damage":22.0,"enemies":"3 Cultists","floor":27.0,"turns":6.0},{"damage":9.0,"enemies":"Sentry and Sphere","floor":29.0,"turns":7.0},{"damage":13.0,"enemies":"Colosseum Slavers","floor":30.0,"turns":6.0},{"damage":4.0,"enemies":"Snake Plant","floor":31.0,"turns":6.0},{"damage":33.0,"enemies":"Collector","floor":33.0,"turns":13.0},{"damage":2.0,"enemies":"Orb Walker","floor":35.0,"turns":6.0},{"damage":20.0,"enemies":"3 Darklings","floor":36.0,"turns":6.0},{"damage":0.0,"enemies":"Mind Bloom Boss Battle","floor":37.0,"turns":5.0},{"damage":8,"enemies":"2 Orb Walkers","floor":38,"turns":7},{"damage":26,"enemies":"Spire Growth","floor":39,"turns":6},{"damage":18,"enemies":"4 Shapes","floor":45,"turns":4},{"damage":71,"enemies":"Time Eater","floor":50,"turns":10}],"seed_played":"7416762379282143695","potions_obtained":[{"floor":1.0,"key":"Block Potion"},{"floor":10.0,"key":"Fire Potion"},{"floor":11.0,"key":"GhostInAJar"},{"floor":29.0,"key":"SpeedPotion"},{"floor":35.0,"key":"GhostInAJar"},{"floor":38,"key":"EssenceOfSteel"},{"floor":39,"key":"GhostInAJar"}],"is_trial":false,"path_per_floor":["M","$","M","$","M","R","?","?","T","E","M","M","?","M","R","B",null,"M","?","$","M","?","R","M","R","T","M","$","M","?","M","R","B",null,"M","M","?","?","M","R","?","R","T","?","M","R","$","?","R","B"],"character_chosen":"THE_SILENT","items_purchased":["Accuracy","Storm of Steel"],"campfire_rested":4,"item_purchase_floors":[20,28],"current_hp_per_floor":[66,66,64,64,62,62,62,62,62,36,22,14,14,13,34,21,58,56,56,56,57,49,49,43,43,43,34,34,40,38,49,49,39,51,56,41,52,54,39,57,47,60,60,60,45,45,45,45,61,0],"gold":118,"neow_bonus":"THREE_RARE_CARDS","is_prod":false,"is_daily":false,"chose_seed":false,"campfire_upgraded":4,"win_rate":0,"timestamp":1564775349,"path_taken":["M","$","M","$","M","R","?","?","T","E","?","M","?","M","R","BOSS","M","?","?","M","?","R","M","R","T","M","?","M","?","M","R","BOSS","M","M","?","?","M","R","?","R","T","?","?","R","?","?","R","BOSS"],"build_version":"2019-07-18","purchased_purges":2,"victory":false,"max_hp_per_floor":[70,70,70,70,70,70,70,70,70,70,70,70,70,70,70,70,70,70,70,70,71,49,49,50,50,50,51,51,52,53,54,54,55,55,56,57,58,59,60,60,60,60,60,60,61,61,61,61,61,61],"card_choices":[{"not_picked":["Night Terror","A Thousand Cuts"],"picked":"Malaise","floor":0.0},{"not_picked":["Cloak And Dagger","Sucker Punch"],"picked":"Accuracy","floor":1.0},{"not_picked":["Quick Slash","Blur"],"picked":"Footwork","floor":3.0},{"not_picked":["Prepared","Bullet Time"],"picked":"Blade Dance","floor":5.0},{"not_picked":["Deadly Poison","Underhanded Strike"],"picked":"Terror","floor":10.0},{"not_picked":["All Out Attack","Expertise","Terror"],"picked":"SKIP","floor":11.0},{"not_picked":["Underhanded Strike","Masterful Stab"],"picked":"Cloak And Dagger","floor":12.0},{"not_picked":["Bane","PiercingWail"],"picked":"Acrobatics","floor":14.0},{"not_picked":["Glass Knife","Grand Finale"],"picked":"Die Die Die","floor":16.0},{"not_picked":["Reflex","PiercingWail+1"],"picked":"Blur+1","floor":18.0},{"not_picked":["Acrobatics","Underhanded Strike+1"],"picked":"Prepared+1","floor":21.0},{"not_picked":["Prepared","Backflip+1"],"picked":"Cloak And Dagger","floor":24.0},{"not_picked":["Outmaneuver","Prepared"],"picked":"Dodge and Roll+1","floor":27.0},{"not_picked":["Slice","Expertise","Underhanded Strike"],"picked":"SKIP","floor":29.0},{"not_picked":["Slice","Backflip"],"picked":"Burst","floor":31.0},{"not_picked":["Wraith Form v2","Doppelganger"],"picked":"A Thousand Cuts","floor":33.0},{"not_picked":["Underhanded Strike+1","Deflect+1"],"picked":"Blade Dance+1","floor":35.0},{"not_picked":["Prepared+1","PiercingWail"],"picked":"Cloak And Dagger+1","floor":36.0},{"not_picked":["Caltrops+1","Cloak And Dagger+1"],"picked":"Envenom","floor":39},{"not_picked":["Panacea","Swift Strike"],"picked":"Panache","floor":41},{"not_picked":["Jack Of All Trades","Good Instincts"],"picked":"Panache","floor":41},{"not_picked":["Forethought","Secret Weapon"],"picked":"Chrysalis","floor":41},{"not_picked":["All Out Attack","Dagger Throw"],"picked":"Envenom","floor":45}],"player_experience":291692,"relics_obtained":[{"floor":9.0,"key":"Lantern"},{"floor":10.0,"key":"Ornamental Fan"},{"floor":26.0,"key":"Dream Catcher"},{"floor":37.0,"key":"Torii"},{"floor":38,"key":"Peace Pipe"},{"floor":43,"key":"Snake Skull"}],"event_choices":[{"damage_healed":0.0,"max_hp_gain":0.0,"max_hp_loss":0.0,"gold_gain":30.0,"event_name":"Dead Adventurer","player_choice":"Searched \u00272\u0027 times","floor":7.0,"gold_loss":0.0,"damage_taken":0.0},{"damage_healed":0.0,"max_hp_gain":0.0,"max_hp_loss":0.0,"gold_gain":100.0,"event_name":"Golden Shrine","player_choice":"Pray","floor":8.0,"gold_loss":0.0,"damage_taken":0.0},{"damage_healed":0.0,"max_hp_gain":0.0,"max_hp_loss":0.0,"gold_gain":0.0,"event_name":"The Woman in Blue","player_choice":"Bought 0 Potions","floor":13.0,"gold_loss":0.0,"damage_taken":0.0},{"damage_healed":0.0,"max_hp_gain":0.0,"max_hp_loss":0.0,"gold_gain":0.0,"event_name":"FaceTrader","player_choice":"Trade","floor":19.0,"gold_loss":0.0,"damage_taken":0.0,"relics_obtained":["FaceOfCleric"]},{"damage_healed":0.0,"max_hp_gain":0.0,"max_hp_loss":22.0,"gold_gain":0.0,"event_name":"Vampires","player_choice":"Became a vampire","floor":22.0,"gold_loss":0.0,"damage_taken":0.0,"cards_obtained":["Bite","Bite","Bite","Bite","Bite"]},{"damage_healed":0.0,"max_hp_gain":0.0,"max_hp_loss":0.0,"gold_gain":0.0,"event_name":"Colosseum","player_choice":"Fight","floor":30.0,"gold_loss":0.0,"damage_taken":0.0},{"damage_healed":0.0,"max_hp_gain":0.0,"max_hp_loss":0.0,"gold_gain":0.0,"event_name":"Colosseum","player_choice":"Fled From Nobs","floor":30.0,"gold_loss":0.0,"damage_taken":0.0},{"damage_healed":0.0,"max_hp_gain":0.0,"max_hp_loss":0.0,"gold_gain":0.0,"event_name":"MindBloom","player_choice":"Fight","floor":37.0,"gold_loss":0.0,"damage_taken":0.0},{"damage_healed":0,"gold_gain":0,"player_choice":"Fight","damage_taken":0,"max_hp_gain":0,"max_hp_loss":0,"event_name":"Mysterious Sphere","floor":38,"gold_loss":0},{"damage_healed":0,"gold_gain":0,"player_choice":"Memory 3","damage_taken":10,"max_hp_gain":0,"max_hp_loss":0,"event_name":"SensoryStone","floor":41,"gold_loss":0},{"damage_healed":15,"gold_gain":0,"player_choice":"Writhe","damage_taken":0,"max_hp_gain":0,"max_hp_loss":0,"event_name":"Winding Halls","floor":44,"gold_loss":0,"cards_obtained":["Writhe"]},{"cards_removed":["A Thousand Cuts"],"damage_healed":0,"gold_gain":0,"player_choice":"Removed Power","damage_taken":0,"max_hp_gain":0,"max_hp_loss":0,"event_name":"Falling","floor":48,"gold_loss":0}],"is_beta":true,"boss_relics":[{"not_picked":["Ring of the Serpent","Snecko Eye"],"picked":"Ectoplasm"},{"not_picked":["Busted Crown","Pandora\u0027s Box"],"picked":"Fusion Hammer"}],"items_purged_floors":[2,20],"is_endless":false,"potions_floor_spawned":[1,10,11,16,21,29,33,35,37,38,39],"killed_by":"Time Eater","ascension_level":5}