{"gold_per_floor":[109,59,70,70,83,83,115,115,115,134,134,154,154,169,169,270,270,280,45,145,157,167,167,179,179,179,104,121,138,138,138,138,234,234,248,348,116,127,140,140,40,40,40,40,40,50,62,78,78,78],"floor_reached":51,"playtime":2335,"items_purged":["Strike_B","Strike_B"],"score":681,"play_id":"cb2ecebd-f3b9-4e4d-ba3e-6a58099c1417","local_time":"20190808165500","is_ascension_mode":true,"campfire_choices":[{"data":"Dualcast","floor":6.0,"key":"SMITH"},{"data":"Go for the Eyes","floor":8.0,"key":"SMITH"},{"data":"Streamline","floor":13.0,"key":"SMITH"},{"data":"Beam Cell","floor":15.0,"key":"SMITH"},{"data":"Apotheosis","floor":23.0,"key":"SMITH"},{"data":"Loop","floor":25.0,"key":"SMITH"},{"data":"Defragment","floor":30.0,"key":"SMITH"},{"data":"Loop","floor":32.0,"key":"SMITH"},{"floor":40.0,"key":"REST"},{"data":"Biased Cognition","floor":45.0,"key":"SMITH"},{"data":"Defragment","floor":49.0,"key":"SMITH"}],"neow_cost":"NONE","seed_source_timestamp":85989951764812,"circlet_count":0,"master_deck":["Defend_B","Defend_B","Zap","Dualcast+1","Cold Snap","Cold Snap","Go for the Eyes+1","Streamline+1","Genetic Algorithm","Aggregate","Self Repair","Beam Cell+1","Biased Cognition+1","Gash+1","Loop+1","Apotheosis+1","Gash+1","Hologram+1","Loop+1","Defragment+1","Amplify+1","Blizzard+1","Core Surge","Defragment+1","Madness","Madness","Gash+1","Defragment+1","Coolheaded"],"special_seed":0,"relics":["Eternal Feather"],"potions_floor_usage":[50,50,50],"damage_taken":[{"damage":1.0,"enemies":"Cultist","floor":1.0,"turns":4.0},{"damage":0.0,"enemies":"2 Louse","floor":3.0,"turns":3.0},{"damage":0.0,"enemies":"Jaw Worm","floor":5.0,"turns":5.0},{"damage":12.0,"enemies":"3 Sentries","floor":7.0,"turns":9.0},{"damage":5.0,"enemies":"Looter","floor":10.0,"turns":3.0},{"damage":6.0,"enemies":"Exordium Thugs","floor":12.0,"turns":5.0},{"damage":7.0,"enemies":"Lots of Slimes","floor":14.0,"turns":5.0},{"damage":21.0,"enemies":"The Guardian","floor":16.0,"turns":11.0},{"damage":4.0,"enemies":"Chosen","floor":18.0,"turns":7.0},{"damage":3.0,"enemies":"Shell Parasite","floor":21.0,"turns":6.0},{"damage":5.0,"enemies":"Snecko","floor":22.0,"turns":6.0},{"damage":2.0,"enemies":"Centurion and Healer","floor":24.0,"turns":7.0},{"damage":2.0,"enemies":"Cultist and Chosen","floor":28.0,"turns":6.0},{"damage":16.0,"enemies":"Snake Plant","floor":29.0,"turns":6.0},{"damage":40.0,"enemies":"Automaton","floor":33.0,"turns":12.0},{"damage":8.0,"enemies":"3 Darklings","floor":35.0,"turns":9.0},{"damage":15.0,"enemies":"Mind Bloom Boss Battle","floor":36.0,"turns":10.0},{"damage":4.0,"enemies":"3 Shapes","floor":38.0,"turns":9.0},{"damage":51.0,"enemies":"Jaw Worm Horde","floor":39.0,"turns":6.0},{"damage":17.0,"enemies":"3 Darklings","floor":46.0,"turns":12.0},{"damage":25.0,"enemies":"Spire Growth","floor":47.0,"turns":8.0},{"damage":30.0,"enemies":"Jaw Worm Horde","floor":48.0,"turns":7.0},{"damage":39,"enemies":"Awakened One","floor":50,"turns":16}],"seed_played":"-4796612088843099578","potions_obtained":[{"floor":5.0,"key":"EssenceOfSteel"},{"floor":10.0,"key":"GamblersBrew"},{"floor":12.0,"key":"FearPotion"},{"floor":14.0,"key":"LiquidBronze"},{"floor":21.0,"key":"PowerPotion"},{"floor":22.0,"key":"Weak Potion"},{"floor":28.0,"key":"Swift Potion"},{"floor":36.0,"key":"Swift Potion"},{"floor":46.0,"key":"FocusPotion"}],"is_trial":false,"path_per_floor":["M","?","M","?","M","R","E","R","T","M","?","M","R","M","R","B",null,"M","$","?","M","M","R","M","R","T","?","M","M","R","?","R","B",null,"M","?","$","M","M","R","$","?","T","?","R","M","M","M","R","B",null],"character_chosen":"DEFECT","items_purchased":["Loop","Apotheosis","Core Surge"],"campfire_rested":1,"item_purchase_floors":[19,19,37],"current_hp_per_floor":[74,74,74,74,74,75,63,69,69,64,64,58,64,64,73,59,75,75,75,75,72,75,75,75,75,75,75,73,67,75,75,75,45,75,75,70,70,73,32,69,69,60,60,60,75,75,70,50,65,26],"gold":78,"neow_bonus":"BOSS_RELIC","is_prod":false,"is_daily":false,"chose_seed":false,"campfire_upgraded":10,"win_rate":0,"timestamp":1565250900,"path_taken":["M","?","M","?","?","R","E","R","T","M","?","?","R","M","R","BOSS","M","$","?","M","?","R","M","R","T","?","M","M","R","?","R","BOSS","M","?","$","M","M","R","$","?","T","?","R","?","M","M","R","BOSS"],"build_version":"2019-07-17","purchased_purges":2,"victory":true,"max_hp_per_floor":[75,75,75,75,75,75,75,75,75,75,75,75,75,75,75,75,75,75,75,75,75,75,75,75,75,75,75,75,75,75,75,75,75,75,75,75,75,75,75,75,75,75,75,75,75,75,75,75,75,75],"card_choices":[{"not_picked":["Ball Lightning","Steam"],"picked":"Cold Snap","floor":1.0},{"not_picked":["Darkness","Hologram"],"picked":"Cold Snap","floor":3.0},{"not_picked":["Conserve Battery","Cold Snap"],"picked":"Go for the Eyes","floor":5.0},{"not_picked":["Hello World","Multi-Cast"],"picked":"Streamline","floor":7.0},{"not_picked":["Redo","Fusion"],"picked":"Genetic Algorithm","floor":10.0},{"not_picked":["Sweeping Beam","Steam Power"],"picked":"Self Repair","floor":12.0},{"not_picked":["Compile Driver","Cold Snap"],"picked":"Beam Cell","floor":14.0},{"not_picked":["Buffer","Core Surge"],"picked":"Biased Cognition","floor":16.0},{"not_picked":["Steam","Undo"],"picked":"Gash+1","floor":18.0},{"not_picked":["Static Discharge","Sweeping Beam"],"picked":"Gash+1","floor":21.0},{"not_picked":["Rebound","Sweeping Beam"],"picked":"Hologram+1","floor":22.0},{"not_picked":["Beam Cell","Hello World","Double Energy"],"picked":"SKIP","floor":24.0},{"not_picked":["Beam Cell","Hello World","Double Energy"],"picked":"SKIP","floor":24.0},{"not_picked":["Self Repair","Cold Snap"],"picked":"Loop","floor":28.0},{"not_picked":["Conserve Battery","Force Field"],"picked":"Defragment","floor":29.0},{"not_picked":["All For One","Rainbow"],"picked":"Amplify","floor":33.0},{"not_picked":["Steam","Sunder"],"picked":"Blizzard+1","floor":35.0},{"not_picked":["Scrape","Blizzard+1","Genetic Algorithm+1"],"picked":"SKIP","floor":38.0},{"not_picked":["Darkness","Skim"],"picked":"Defragment+1","floor":39.0},{"not_picked":["Undo+1","Redo+1"],"picked":"Gash+1","floor":46.0},{"not_picked":["Steam Power","Darkness+1"],"picked":"Defragment","floor":47.0},{"not_picked":["Heatsinks+1","Recycle+1"],"picked":"Coolheaded","floor":48.0}],"player_experience":306552,"relics_obtained":[],"event_choices":[{"cards_removed":["Strike_B"],"damage_healed":0.0,"max_hp_gain":0.0,"max_hp_loss":0.0,"gold_gain":0.0,"event_name":"The Cleric","player_choice":"Card Removal","floor":2.0,"gold_loss":50.0,"damage_taken":0.0},{"cards_removed":["Defend_B"],"damage_healed":0.0,"max_hp_gain":0.0,"max_hp_loss":0.0,"gold_gain":0.0,"event_name":"Living Wall","player_choice":"Forget","floor":4.0,"gold_loss":0.0,"damage_taken":0.0},{"damage_healed":0.0,"max_hp_gain":0.0,"max_hp_loss":0.0,"gold_gain":0.0,"cards_transformed":["Strike_B"],"event_name":"Transmorgrifier","player_choice":"Transformed","floor":11.0,"gold_loss":0.0,"damage_taken":0.0,"cards_obtained":["Aggregate"]},{"damage_healed":0.0,"max_hp_gain":0.0,"max_hp_loss":0.0,"gold_gain":100.0,"event_name":"Golden Shrine","player_choice":"Pray","floor":20.0,"gold_loss":0.0,"damage_taken":0.0},{"cards_removed":["Defend_B"],"damage_healed":0.0,"max_hp_gain":0.0,"max_hp_loss":0.0,"gold_gain":0.0,"event_name":"Beggar","player_choice":"Gave Gold","floor":27.0,"gold_loss":75.0,"damage_taken":0.0},{"damage_healed":0.0,"max_hp_gain":0.0,"max_hp_loss":0.0,"gold_gain":0.0,"event_name":"Vampires","player_choice":"Ignored","floor":31.0,"gold_loss":0.0,"damage_taken":0.0},{"damage_healed":0.0,"max_hp_gain":0.0,"max_hp_loss":0.0,"gold_gain":0.0,"event_name":"MindBloom","player_choice":"Fight","floor":36.0,"gold_loss":0.0,"damage_taken":0.0},{"damage_healed":0.0,"max_hp_gain":0.0,"max_hp_loss":0.0,"gold_gain":0.0,"event_name":"Winding Halls","player_choice":"Embrace Madness","floor":42.0,"gold_loss":0.0,"damage_taken":9.0,"cards_obtained":["Madness","Madness"]},{"damage_healed":0.0,"max_hp_gain":0.0,"max_hp_loss":0.0,"gold_gain":0.0,"event_name":"Upgrade Shrine","player_choice":"Upgraded","floor":44.0,"gold_loss":0.0,"damage_taken":0.0,"cards_upgraded":["Amplify"]}],"is_beta":false,"boss_relics":[{"not_picked":["Coffee Dripper","Calling Bell","Sozu"]},{"not_picked":["Astrolabe","Runic Dome","White Beast Statue"]}],"items_purged_floors":[37,41],"is_endless":false,"potions_floor_spawned":[5,10,12,14,21,22,24,28,33,36,46,48],"ascension_level":1}