{"gold_per_floor":[110,121,136,163,178,178,212,229,229,261,261,261,31,51,51,146,146,146,146,146,146,146,146,146,146,146,146,146,146,146,146,146,146,146,146,146,146,73,73,73,73,73,73,73,73,73,73,73,73,73],"floor_reached":51,"playtime":7852,"items_purged":["Pain"],"score":769,"play_id":"c1ea96bf-5b5b-4e39-80bd-2ccb42fab114","local_time":"20190811231027","is_ascension_mode":true,"campfire_choices":[{"data":"Blade Dance","floor":6,"key":"SMITH"},{"data":"Calculated Gamble","floor":12,"key":"SMITH"},{"data":"Neutralize","floor":15,"key":"SMITH"},{"data":"Blade Dance","floor":23,"key":"SMITH"},{"floor":29,"key":"REST"},{"data":"Storm of Steel","floor":32,"key":"SMITH"},{"data":"Accuracy","floor":40,"key":"SMITH"},{"data":"Cloak And Dagger","floor":45,"key":"SMITH"},{"data":"Expertise","floor":47,"key":"SMITH"},{"floor":49,"key":"REST"}],"neow_cost":"NONE","seed_source_timestamp":15383945351500,"circlet_count":0,"master_deck":["Strike_G","Strike_G","Strike_G","Strike_G","Strike_G","Defend_G","Defend_G","Defend_G+1","Defend_G","Survivor","Neutralize+1","Backflip","Poisoned Stab","Blade Dance+1","Footwork","Endless Agony","Dagger Spray","Calculated Gamble+1","Infinite Blades","Storm of Steel+1","Backstab","Blade Dance+1","Calculated Gamble","Cloak And Dagger+1","Storm of Steel+1","Predator+1","Backflip","Expertise+1","Footwork","Backflip","Accuracy+1","PiercingWail+1","Escape Plan+1"],"relics":["WristBlade","Blood Vial","Anchor","Dodecahedron","Regal Pillow","WarpedTongs","Centennial Puzzle","Ectoplasm","Red Mask","Boot","War Paint","Happy Flower","Sundial","Kunai","Runic Pyramid","Pantograph","Ninja Scroll"],"potions_floor_usage":[20,46],"damage_taken":[{"damage":2,"enemies":"Cultist","floor":1,"turns":5},{"damage":0,"enemies":"Small Slimes","floor":2,"turns":4},{"damage":2,"enemies":"Jaw Worm","floor":3,"turns":3},{"damage":1,"enemies":"3 Louse","floor":5,"turns":5},{"damage":19,"enemies":"Lagavulin","floor":7,"turns":7},{"damage":1,"enemies":"Exordium Wildlife","floor":8,"turns":3},{"damage":8,"enemies":"3 Sentries","floor":10,"turns":8},{"damage":0,"enemies":"Lots of Slimes","floor":14,"turns":1},{"damage":1,"enemies":"Slime Boss","floor":16,"turns":8},{"damage":0,"enemies":"3 Byrds","floor":18,"turns":4},{"damage":0,"enemies":"Spheric Guardian","floor":19,"turns":2},{"damage":19,"enemies":"Snake Plant","floor":20,"turns":5},{"damage":2,"enemies":"Masked Bandits","floor":21,"turns":3},{"damage":9,"enemies":"Slavers","floor":24,"turns":4},{"damage":2,"enemies":"3 Cultists","floor":25,"turns":4},{"damage":12,"enemies":"Snecko","floor":27,"turns":3},{"damage":10,"enemies":"Book of Stabbing","floor":28,"turns":4},{"damage":0,"enemies":"Cultist and Chosen","floor":30,"turns":4},{"damage":9,"enemies":"Gremlin Leader","floor":31,"turns":6},{"damage":5,"enemies":"Champ","floor":33,"turns":9},{"damage":10,"enemies":"Orb Walker","floor":35,"turns":3},{"damage":0,"enemies":"3 Shapes","floor":36,"turns":4},{"damage":0,"enemies":"Spire Growth","floor":39,"turns":4},{"damage":19,"enemies":"Jaw Worm Horde","floor":44,"turns":3},{"damage":10,"enemies":"Writhing Mass","floor":46,"turns":5},{"damage":5,"enemies":"Awakened One","floor":50,"turns":10}],"seed_played":"5352125751686904736","potions_obtained":[{"floor":2,"key":"LiquidBronze"},{"floor":3,"key":"Explosive Potion"},{"floor":14,"key":"Energy Potion"},{"floor":16,"key":"FearPotion"},{"floor":18,"key":"Swift Potion"},{"floor":19,"key":"GhostInAJar"},{"floor":20,"key":"SkillPotion"},{"floor":44,"key":"EssenceOfSteel"}],"is_trial":false,"path_per_floor":["M","M","M","T","M","R","E","M","T","E","?","R","$","M","R","B",null,"M","M","M","?","?","R","E","M","T","M","E","R","M","E","R","B",null,"M","M","?","$","M","R","?","?","T","M","R","M","R","T","R","B",null],"character_chosen":"THE_SILENT","items_purchased":["Centennial Puzzle","Accuracy"],"campfire_rested":2,"item_purchase_floors":[13,38],"current_hp_per_floor":[68,68,66,66,67,67,50,51,51,45,45,45,45,47,47,48,70,70,70,51,51,51,51,44,44,44,34,26,62,64,57,57,54,70,60,62,62,62,64,64,64,64,64,47,47,39,39,39,66,61],"gold":73,"neow_bonus":"BOSS_RELIC","is_prod":false,"is_daily":false,"chose_seed":false,"campfire_upgraded":8,"win_rate":0,"timestamp":1565579427,"path_taken":["M","M","M","?","M","R","E","?","T","E","?","R","$","M","R","BOSS","M","?","M","?","?","R","E","M","T","M","E","R","?","E","R","BOSS","M","?","?","$","M","R","?","?","T","M","R","M","R","?","R","BOSS"],"build_version":"2019-07-17","purchased_purges":1,"victory":true,"max_hp_per_floor":[70,70,70,70,70,70,70,70,70,70,70,70,70,70,70,70,70,70,70,70,70,70,70,70,70,70,70,70,70,70,70,70,70,70,70,70,70,70,70,70,70,66,66,66,66,66,66,66,66,66],"card_choices":[{"not_picked":["PiercingWail","Sucker Punch"],"picked":"Backflip","floor":1},{"not_picked":["Dodge and Roll","All Out Attack"],"picked":"Poisoned Stab","floor":2},{"not_picked":["Underhanded Strike","Acrobatics"],"picked":"Blade Dance","floor":3},{"not_picked":["PiercingWail","Reflex"],"picked":"Footwork","floor":5},{"not_picked":["Skewer","Blur"],"picked":"Endless Agony","floor":7},{"not_picked":["Sucker Punch","PiercingWail"],"picked":"Dagger Spray","floor":8},{"not_picked":["Blade Dance","Bane"],"picked":"Calculated Gamble","floor":10},{"not_picked":["Dagger Spray","Sucker Punch"],"picked":"Infinite Blades","floor":14},{"not_picked":["Malaise","Tools of the Trade"],"picked":"Storm of Steel","floor":16},{"not_picked":["PiercingWail","Slice"],"picked":"Backstab","floor":18},{"not_picked":["Quick Slash+1","Distraction","Poisoned Stab"],"picked":"SKIP","floor":19},{"not_picked":["Outmaneuver+1","Skewer"],"picked":"Blade Dance","floor":20},{"not_picked":["PiercingWail+1","Dagger Throw"],"picked":"Calculated Gamble","floor":21},{"not_picked":["Infinite Blades+1","Underhanded Strike+1"],"picked":"Cloak And Dagger","floor":24},{"not_picked":["Escape Plan+1","Calculated Gamble+1"],"picked":"Storm of Steel","floor":25},{"not_picked":["PiercingWail","Escape Plan"],"picked":"Predator+1","floor":27},{"not_picked":["Deflect","Crippling Poison"],"picked":"Backflip","floor":28},{"not_picked":["Bane","Leg Sweep"],"picked":"Expertise","floor":30},{"not_picked":["Leg Sweep","Calculated Gamble"],"picked":"Footwork","floor":31},{"not_picked":["Bane+1","Dagger Spray","Dagger Throw+1"],"picked":"SKIP","floor":35},{"not_picked":["Dagger Throw+1","Predator"],"picked":"Backflip","floor":36},{"not_picked":["Dash+1","Underhanded Strike","Slice+1"],"picked":"SKIP","floor":39},{"not_picked":["Slice","Bullet Time"],"picked":"PiercingWail+1","floor":44},{"not_picked":["Deflect+1","Backstab+1"],"picked":"Escape Plan+1","floor":46}],"player_experience":153478,"relics_obtained":[{"floor":4,"key":"Blood Vial"},{"floor":7,"key":"Anchor"},{"floor":9,"key":"Dodecahedron"},{"floor":10,"key":"Regal Pillow"},{"floor":21,"key":"Red Mask"},{"floor":24,"key":"War Paint"},{"floor":26,"key":"Happy Flower"},{"floor":28,"key":"Sundial"},{"floor":31,"key":"Kunai"},{"floor":43,"key":"Pantograph"},{"floor":48,"key":"Ninja Scroll"}],"event_choices":[{"damage_healed":0,"gold_gain":0,"player_choice":"Rummage","damage_taken":0,"relics_obtained":["WarpedTongs"],"max_hp_gain":0,"max_hp_loss":0,"event_name":"Accursed Blacksmith","floor":11,"gold_loss":0,"cards_obtained":["Pain"]},{"damage_healed":0,"gold_gain":0,"player_choice":"Fought Bandits","damage_taken":0,"max_hp_gain":0,"max_hp_loss":0,"event_name":"Masked Bandits","floor":21,"gold_loss":0},{"damage_healed":0,"gold_gain":0,"player_choice":"Opened","damage_taken":0,"relics_obtained":["Boot"],"max_hp_gain":0,"max_hp_loss":0,"event_name":"The Mausoleum","floor":22,"gold_loss":0},{"cards_removed":["Defend_G"],"damage_healed":0,"gold_gain":0,"player_choice":"Removed Skill","damage_taken":0,"max_hp_gain":0,"max_hp_loss":0,"event_name":"Falling","floor":37,"gold_loss":0},{"damage_healed":0,"gold_gain":0,"player_choice":"Ignored","damage_taken":0,"max_hp_gain":0,"max_hp_loss":0,"event_name":"Tomb of Lord Red Mask","floor":41,"gold_loss":0},{"damage_healed":0,"gold_gain":0,"player_choice":"Max HP","damage_taken":0,"max_hp_gain":0,"max_hp_loss":4,"event_name":"Winding Halls","floor":42,"gold_loss":0}],"is_beta":false,"boss_relics":[{"not_picked":["White Beast Statue","Astrolabe"],"picked":"Ectoplasm"},{"not_picked":["Lizard Tail","Runic Dome"],"picked":"Runic Pyramid"}],"items_purged_floors":[13],"is_endless":false,"potions_floor_spawned":[2,3,14,16,18,19,20,27,33,36,44],"ascension_level":3}