{"gold_per_floor":[119,44,64,64,64,92,92,104,104,138,155,186,199,219,219,298,298,298,298,298,223,223,223,223,40,40,40,40,40,40,40,40,40,40,40,40,40,40,40,40,40,40,40,40,40,40,40,40,40,40,40],"floor_reached":52,"playtime":4263,"items_purged":["Strike_G","Strike_G"],"score":1856,"play_id":"0308565a-9a1e-494b-b71b-dcd5de216ab9","local_time":"20190809185734","is_ascension_mode":true,"campfire_choices":[{"data":"Poisoned Stab","floor":7.0,"key":"SMITH"},{"data":"Noxious Fumes","floor":15.0,"key":"SMITH"},{"data":"Burst","floor":23.0,"key":"SMITH"},{"data":"Wraith Form v2","floor":27.0,"key":"SMITH"},{"data":"Wraith Form v2","floor":32.0,"key":"SMITH"},{"data":"Noxious Fumes","floor":40.0,"key":"SMITH"},{"data":"Noxious Fumes","floor":44.0,"key":"SMITH"},{"data":"Leg Sweep","floor":49,"key":"SMITH"}],"neow_cost":"NONE","seed_source_timestamp":326422226322900,"circlet_count":0,"master_deck":["AscendersBane","Strike_G","Defend_G","Defend_G","Defend_G","Defend_G+1","Defend_G","Survivor","Neutralize+1","Poisoned Stab+1","Dodge and Roll","Dodge and Roll","Dagger Throw","Noxious Fumes+1","Wraith Form v2+1","Bane","Deadly Poison","Burst+1","Escape Plan","Dodge and Roll+1","Well Laid Plans","Noxious Fumes+1","Wraith Form v2+1","Bouncing Flask+1","Noxious Fumes+1","Leg Sweep+1","Outmaneuver+1"],"special_seed":0,"relics":["Ring of the Snake","NeowsBlessing","Meat on the Bone","Pantograph","Blue Candle","Pen Nib","Ectoplasm","Ancient Tea Set","Unceasing Top","Runic Pyramid","Shuriken","Ornamental Fan","War Paint","Anchor"],"potions_floor_usage":[50,51],"damage_taken":[{"damage":0.0,"enemies":"Cultist","floor":1.0,"turns":1.0},{"damage":0.0,"enemies":"Small Slimes","floor":3.0,"turns":1.0},{"damage":0.0,"enemies":"3 Sentries","floor":6.0,"turns":1.0},{"damage":0.0,"enemies":"Jaw Worm","floor":8.0,"turns":7.0},{"damage":26.0,"enemies":"Gremlin Nob","floor":10.0,"turns":4.0},{"damage":8.0,"enemies":"Lots of Slimes","floor":11.0,"turns":6.0},{"damage":29.0,"enemies":"Lagavulin","floor":12.0,"turns":7.0},{"damage":4.0,"enemies":"Large Slime","floor":13.0,"turns":9.0},{"damage":16.0,"enemies":"Exordium Wildlife","floor":14.0,"turns":4.0},{"damage":28.0,"enemies":"The Guardian","floor":16.0,"turns":10.0},{"damage":11.0,"enemies":"Shell Parasite","floor":18.0,"turns":5.0},{"damage":1.0,"enemies":"Chosen","floor":19.0,"turns":5.0},{"damage":16.0,"enemies":"Sentry and Sphere","floor":20.0,"turns":5.0},{"damage":20.0,"enemies":"Shelled Parasite and Fungi","floor":24.0,"turns":6.0},{"damage":3.0,"enemies":"Gremlin Leader","floor":30.0,"turns":8.0},{"damage":18.0,"enemies":"Cultist and Chosen","floor":31.0,"turns":7.0},{"damage":18.0,"enemies":"Champ","floor":33.0,"turns":13.0},{"damage":6.0,"enemies":"3 Shapes","floor":35.0,"turns":7.0},{"damage":12.0,"enemies":"3 Darklings","floor":36.0,"turns":6.0},{"damage":7.0,"enemies":"Writhing Mass","floor":37.0,"turns":6.0},{"damage":5.0,"enemies":"Spire Growth","floor":38.0,"turns":6.0},{"damage":2.0,"enemies":"Nemesis","floor":41.0,"turns":7.0},{"damage":7.0,"enemies":"Transient","floor":42.0,"turns":6.0},{"damage":3.0,"enemies":"4 Shapes","floor":45.0,"turns":7.0},{"damage":1,"enemies":"Jaw Worm Horde","floor":47,"turns":5},{"damage":1,"enemies":"Sphere and 2 Shapes","floor":48,"turns":6},{"damage":49,"enemies":"Donu and Deca","floor":50,"turns":10},{"damage":45,"enemies":"Time Eater","floor":51,"turns":14}],"seed_played":"-1225971588858801873","potions_obtained":[{"floor":8.0,"key":"Strength Potion"},{"floor":10.0,"key":"Poison Potion"},{"floor":12.0,"key":"SkillPotion"},{"floor":18.0,"key":"PowerPotion"},{"floor":31.0,"key":"Block Potion"},{"floor":35.0,"key":"GhostInAJar"},{"floor":42.0,"key":"FearPotion"},{"floor":45.0,"key":"PowerPotion"},{"floor":48,"key":"SpeedPotion"}],"is_trial":false,"path_per_floor":["M","$","M","?","?","E","R","M","T","E","M","E","M","M","R","B",null,"M","M","M","?","?","R","M","$","T","R","$","$","E","M","R","B",null,"M","M","M","M","T","R","E","M","T","R","M","T","M","M","R","B","B",null],"character_chosen":"THE_SILENT","items_purchased":["Noxious Fumes"],"campfire_rested":0,"item_purchase_floors":[25],"current_hp_per_floor":[59,59,59,52,52,52,52,52,52,38,42,25,33,29,29,38,59,48,47,43,43,43,43,35,35,35,35,35,35,44,38,38,45,61,55,43,36,43,43,43,41,34,34,34,43,43,42,41,41,29,21],"gold":40,"neow_bonus":"THREE_ENEMY_KILL","is_prod":false,"is_daily":false,"chose_seed":false,"campfire_upgraded":8,"win_rate":0,"timestamp":1565402254,"path_taken":["M","$","?","?","?","E","R","?","T","E","M","E","M","M","R","BOSS","M","M","M","?","?","R","M","$","T","R","?","$","E","M","R","BOSS","M","?","M","M","?","R","E","M","T","R","M","?","?","M","R","BOSS","BOSS"],"build_version":"2019-07-18","purchased_purges":2,"victory":true,"max_hp_per_floor":[66,66,66,66,66,66,66,66,66,66,66,66,66,66,66,66,66,66,66,66,66,66,66,66,66,66,66,66,66,66,66,66,66,66,66,66,66,66,66,66,66,66,66,66,66,66,66,66,66,66,66],"card_choices":[{"not_picked":["Deflect","Outmaneuver"],"picked":"Poisoned Stab","floor":1.0},{"not_picked":["Blade Dance","Quick Slash"],"picked":"Dodge and Roll","floor":3.0},{"not_picked":["Finisher","Slice"],"picked":"Dodge and Roll","floor":6.0},{"not_picked":["Eviscerate","Bane"],"picked":"Dagger Throw","floor":8.0},{"not_picked":["Outmaneuver","Reflex"],"picked":"Noxious Fumes","floor":10.0},{"not_picked":["Quick Slash","Deflect","Infinite Blades"],"picked":"SKIP","floor":11.0},{"not_picked":["Sucker Punch","Prepared"],"picked":"Wraith Form v2","floor":12.0},{"not_picked":["All Out Attack","Blade Dance"],"picked":"Bane","floor":13.0},{"not_picked":["Setup","Concentrate"],"picked":"Deadly Poison","floor":14.0},{"not_picked":["Venomology","Grand Finale"],"picked":"Burst","floor":16.0},{"not_picked":["Underhanded Strike","Prepared"],"picked":"Escape Plan","floor":18.0},{"not_picked":["Deadly Poison","Acrobatics"],"picked":"Dodge and Roll","floor":19.0},{"not_picked":["Blade Dance","Dodge and Roll","Masterful Stab"],"picked":"SKIP","floor":20.0},{"not_picked":["Quick Slash","Skewer"],"picked":"Well Laid Plans","floor":24.0},{"not_picked":["Calculated Gamble","Deflect"],"picked":"Wraith Form v2","floor":30.0},{"not_picked":["Crippling Poison+1","Slice"],"picked":"Bouncing Flask+1","floor":31.0},{"not_picked":["Bane+1","Skewer","Dagger Throw"],"picked":"SKIP","floor":35.0},{"not_picked":["Backstab","PiercingWail"],"picked":"Noxious Fumes","floor":36.0},{"not_picked":["Deflect+1","Quick Slash+1","Underhanded Strike"],"picked":"SKIP","floor":37.0},{"not_picked":["Slice","Backflip","Flying Knee"],"picked":"SKIP","floor":38.0},{"not_picked":["Slice+1","A Thousand Cuts"],"picked":"Leg Sweep","floor":41.0},{"not_picked":["Accuracy","Dodge and Roll"],"picked":"Outmaneuver+1","floor":42.0},{"not_picked":["Quick Slash","Bane","Blade Dance"],"picked":"SKIP","floor":45.0},{"not_picked":["Dagger Spray+1","Acrobatics","Accuracy"],"picked":"SKIP","floor":47},{"not_picked":["Cloak And Dagger+1","Flying Knee+1","Eviscerate"],"picked":"SKIP","floor":48}],"player_experience":410669,"relics_obtained":[{"floor":6.0,"key":"Meat on the Bone"},{"floor":9.0,"key":"Pantograph"},{"floor":10.0,"key":"Blue Candle"},{"floor":12.0,"key":"Pen Nib"},{"floor":26.0,"key":"Ancient Tea Set"},{"floor":30.0,"key":"Unceasing Top"},{"floor":39.0,"key":"Shuriken"},{"floor":41.0,"key":"Ornamental Fan"},{"floor":43.0,"key":"War Paint"},{"floor":46.0,"key":"Anchor"}],"event_choices":[{"cards_removed":["Strike_G"],"damage_healed":0.0,"max_hp_gain":0.0,"max_hp_loss":0.0,"gold_gain":0.0,"event_name":"Golden Wing","player_choice":"Card Removal","floor":4.0,"gold_loss":0.0,"damage_taken":7.0},{"damage_healed":0.0,"max_hp_gain":0.0,"max_hp_loss":0.0,"gold_gain":0.0,"event_name":"Upgrade Shrine","player_choice":"Upgraded","floor":5.0,"gold_loss":0.0,"damage_taken":0.0,"cards_upgraded":["Neutralize"]},{"cards_removed":["Strike_G"],"damage_healed":0.0,"max_hp_gain":0.0,"max_hp_loss":0.0,"gold_gain":0.0,"event_name":"Beggar","player_choice":"Gave Gold","floor":21.0,"gold_loss":75.0,"damage_taken":0.0},{"damage_healed":0.0,"max_hp_gain":0.0,"max_hp_loss":0.0,"gold_gain":50.0,"event_name":"Nest","player_choice":"Stole From Cult","floor":22.0,"gold_loss":0.0,"damage_taken":0.0}],"is_beta":true,"boss_relics":[{"not_picked":["Lizard Tail","Eternal Feather"],"picked":"Ectoplasm"},{"not_picked":["Sozu","Calling Bell"],"picked":"Runic Pyramid"}],"items_purged_floors":[2,25],"is_endless":false,"potions_floor_spawned":[8,10,11,12,16,18,31,35,42,45,47,48],"ascension_level":20}