{"gold_per_floor":[18,18,32,32,47,47,87,100,100,100],"floor_reached":10,"playtime":357,"items_purged":[],"score":116,"play_id":"4545d7f7-bb09-47d5-a2a2-b396cae790d7","local_time":"20190804173651","is_ascension_mode":true,"campfire_choices":[{"data":"Sunder","floor":6,"key":"SMITH"}],"neow_cost":"NO_GOLD","seed_source_timestamp":95163362420711,"circlet_count":0,"master_deck":["AscendersBane","Strike_B","Strike_B","Strike_B","Defend_B","Defend_B","Zap","Dualcast","Ball Lightning","Coolheaded","Self Repair","Sunder+1","Reboot","Steam"],"relics":["Cracked Core","Golden Idol","Blue Candle","Kunai"],"potions_floor_usage":[7],"damage_taken":[{"damage":9,"enemies":"Jaw Worm","floor":1,"turns":3},{"damage":10,"enemies":"Small Slimes","floor":3,"turns":2},{"damage":1,"enemies":"Cultist","floor":5,"turns":3},{"damage":31,"enemies":"Lagavulin","floor":7,"turns":8},{"damage":7,"enemies":"Blue Slaver","floor":8,"turns":3},{"damage":10,"enemies":"Red Slaver","floor":10,"turns":2}],"seed_played":"-1371604394201600744","potions_obtained":[{"floor":3,"key":"Weak Potion"},{"floor":8,"key":"Strength Potion"}],"is_trial":false,"path_per_floor":["M","?","M","?","M","R","E","M","T","M"],"character_chosen":"DEFECT","items_purchased":[],"campfire_rested":0,"item_purchase_floors":[],"current_hp_per_floor":[55,38,28,28,34,34,10,10,10,0],"gold":100,"neow_bonus":"TRANSFORM_TWO_CARDS","is_prod":false,"is_daily":false,"chose_seed":false,"campfire_upgraded":1,"win_rate":0,"timestamp":1564907811,"path_taken":["M","?","M","?","M","R","E","M","T","M"],"build_version":"2019-07-17","purchased_purges":0,"victory":false,"max_hp_per_floor":[71,71,71,71,71,71,71,71,71,71],"card_choices":[{"not_picked":["Stack","Turbo","Redo"],"picked":"SKIP","floor":1},{"not_picked":["Stack","BootSequence"],"picked":"Self Repair","floor":3},{"not_picked":["Compile Driver","Double Energy"],"picked":"Sunder","floor":5},{"not_picked":["Reinforced Body","Coolheaded"],"picked":"Reboot","floor":7},{"not_picked":["Consume","Compile Driver"],"picked":"Steam","floor":8}],"player_experience":227837,"relics_obtained":[{"floor":7,"key":"Blue Candle"},{"floor":9,"key":"Kunai"}],"event_choices":[{"damage_healed":0,"gold_gain":0,"player_choice":"Take Damage","damage_taken":17,"relics_obtained":["Golden Idol"],"max_hp_gain":0,"max_hp_loss":0,"event_name":"Golden Idol","floor":2,"gold_loss":0},{"cards_removed":["Strike_B"],"damage_healed":0,"gold_gain":0,"player_choice":"Forget","damage_taken":0,"max_hp_gain":0,"max_hp_loss":0,"event_name":"Living Wall","floor":4,"gold_loss":0}],"is_beta":false,"boss_relics":[],"items_purged_floors":[],"is_endless":false,"potions_floor_spawned":[3,8],"killed_by":"Red Slaver","ascension_level":14}