{"gold_per_floor":[166,441,456,0,10,10,10,10,36,53,83,103,23,35,35,132,132,142,57,57,72,27,60,60,20,20,20,30,30,49,67,67,172,172,182,182,51,67,67,92,105,105,105,121,137,137,137],"floor_reached":47,"playtime":8053,"items_purged":["Regret","Strike_G"],"score":554,"play_id":"f0326dd6-875e-460e-8e9f-999690eea042","local_time":"20190710222304","is_ascension_mode":false,"campfire_choices":[{"data":"Neutralize","floor":6,"key":"SMITH"},{"data":"Bouncing Flask","floor":8,"key":"SMITH"},{"data":"Phantasmal Killer","floor":15,"key":"SMITH"},{"data":"A Thousand Cuts","floor":24,"key":"SMITH"},{"data":"Adrenaline","floor":27,"key":"SMITH"},{"data":"Blur","floor":29,"key":"SMITH"},{"floor":32,"key":"REST"},{"data":"A Thousand Cuts","floor":42,"key":"SMITH"},{"floor":46,"key":"RECALL"}],"neow_cost":"NONE","seed_source_timestamp":160410021665922,"circlet_count":0,"master_deck":["Strike_G","Strike_G","Strike_G","Strike_G+1","Defend_G","Defend_G","Defend_G","Defend_G","Defend_G","Survivor","Neutralize+1","Dash","Quick Slash","Sucker Punch","After Image","Adrenaline+1","Bouncing Flask+1","Phantasmal Killer+1","Jack Of All Trades","Neutralize","Slice","Dodge and Roll","Leg Sweep","A Thousand Cuts+1","Acrobatics","Blur+1","Tactician+1","A Thousand Cuts+1","Blade Dance","Catalyst","Envenom","Bouncing Flask","Adrenaline+1","Noxious Fumes","Bouncing Flask+1","Parasite","Backflip+1","Blur+1"],"relics":["Tiny House","Bag of Marbles","Smiling Mask","Nunchaku","Runic Pyramid","Pear","Dream Catcher","Snake Skull","Bottled Lightning","Sozu","Bird Faced Urn"],"potions_floor_usage":[33,33,33,33],"damage_taken":[{"damage":5,"enemies":"Small Slimes","floor":1,"turns":5},{"damage":0,"enemies":"Cultist","floor":3,"turns":4},{"damage":0,"enemies":"2 Louse","floor":5,"turns":2},{"damage":6,"enemies":"Gremlin Gang","floor":10,"turns":3},{"damage":15,"enemies":"3 Sentries","floor":11,"turns":10},{"damage":3,"enemies":"2 Fungi Beasts","floor":12,"turns":3},{"damage":0,"enemies":"3 Louse","floor":14,"turns":3},{"damage":40,"enemies":"Slime Boss","floor":16,"turns":13},{"damage":0,"enemies":"Shell Parasite","floor":18,"turns":6},{"damage":5,"enemies":"Chosen","floor":21,"turns":4},{"damage":36,"enemies":"Book of Stabbing","floor":23,"turns":9},{"damage":0,"enemies":"3 Cultists","floor":28,"turns":5},{"damage":1,"enemies":"Chosen and Byrds","floor":30,"turns":7},{"damage":16,"enemies":"Snecko","floor":31,"turns":4},{"damage":42,"enemies":"Automaton","floor":33,"turns":11},{"damage":0,"enemies":"Orb Walker","floor":35,"turns":4},{"damage":28,"enemies":"3 Darklings","floor":38,"turns":3},{"damage":11,"enemies":"Writhing Mass","floor":39,"turns":3},{"damage":40,"enemies":"Giant Head","floor":40,"turns":8},{"damage":0,"enemies":"Maw","floor":41,"turns":6},{"damage":13,"enemies":"3 Darklings","floor":44,"turns":5},{"damage":3,"enemies":"4 Shapes","floor":45,"turns":5},{"damage":0,"enemies":"Sphere and 2 Shapes","floor":47,"turns":1}],"seed_played":"-5975185143644393203","potions_obtained":[{"floor":0,"key":"Block Potion"},{"floor":3,"key":"GamblersBrew"},{"floor":10,"key":"EntropicBrew"},{"floor":11,"key":"Explosive Potion"},{"floor":28,"key":"Regen Potion"}],"is_trial":false,"path_per_floor":["M","?","M","$","M","R","?","R","T","M","E","M","$","M","R","B",null,"M","?","?","M","$","E","R","$","T","R","M","R","M","M","R","B",null,"M","?","$","M","M","E","M","R","T","M","M","R","M"],"character_chosen":"THE_SILENT","items_purchased":["After Image","Adrenaline","Bag of Marbles","Leg Sweep","Acrobatics","Blur","Noxious Fumes"],"campfire_rested":1,"item_purchase_floors":[4,4,4,13,22,25,37],"current_hp_per_floor":[70,70,70,70,70,70,70,70,70,64,49,46,46,46,46,6,75,75,85,85,80,80,44,44,44,44,44,44,44,43,27,52,25,85,85,85,85,57,46,6,14,14,14,9,14,14,14],"gold":137,"neow_bonus":"BOSS_RELIC","is_prod":false,"is_daily":false,"chose_seed":false,"campfire_upgraded":7,"win_rate":0,"timestamp":1562811784,"path_taken":["M","?","M","$","?","R","?","R","T","M","E","M","$","?","R","BOSS","M","?","?","?","$","E","R","?","T","R","M","R","M","M","R","BOSS","M","?","$","M","M","E","?","R","T","M","M","R","M"],"build_version":"2019-07-05","purchased_purges":2,"victory":false,"max_hp_per_floor":[75,75,75,75,75,75,75,75,75,75,75,75,75,75,75,75,75,75,85,85,85,85,85,85,85,85,85,85,85,85,85,85,85,85,85,85,85,85,85,85,85,85,85,85,85,85,85],"card_choices":[{"not_picked":["Poisoned Stab","Sucker Punch"],"picked":"Dash","floor":0},{"not_picked":["Reflex","Dodge and Roll"],"picked":"Quick Slash","floor":1},{"not_picked":["Acrobatics","Prepared"],"picked":"Sucker Punch","floor":3},{"not_picked":["Finisher","Bane"],"picked":"Bouncing Flask","floor":5},{"not_picked":["Bane","Deflect","Prepared"],"picked":"SKIP","floor":10},{"not_picked":["Bullet Time","Outmaneuver"],"picked":"Well Laid Plans","floor":11},{"not_picked":["Underhanded Strike","Backstab"],"picked":"Dodge and Roll","floor":12},{"not_picked":["Acrobatics","Bane","PiercingWail"],"picked":"SKIP","floor":14},{"not_picked":["Unload","Bullet Time"],"picked":"A Thousand Cuts","floor":16},{"not_picked":["Skewer","Bane","Quick Slash"],"picked":"SKIP","floor":18},{"not_picked":["Underhanded Strike","Deadly Poison+1","Sucker Punch+1"],"picked":"SKIP","floor":21},{"not_picked":["Prepared+1","Eviscerate+1","Quick Slash"],"picked":"SKIP","floor":23},{"not_picked":["Dagger Throw+1","Choke"],"picked":"Tactician+1","floor":28},{"not_picked":["Underhanded Strike","Quick Slash"],"picked":"A Thousand Cuts","floor":30},{"not_picked":["Dagger Throw","Skewer"],"picked":"Blade Dance","floor":31},{"not_picked":["Deflect","Dagger Throw"],"picked":"Catalyst","floor":32},{"not_picked":["Doppelganger","Unload"],"picked":"Envenom","floor":33},{"not_picked":["Tactician","Terror"],"picked":"Bouncing Flask","floor":35},{"not_picked":["Noxious Fumes","Prepared"],"picked":"Bouncing Flask+1","floor":38},{"not_picked":["Deflect+1","Tactician"],"picked":"Backflip+1","floor":39},{"not_picked":["Tactician+1","Dodge and Roll","Dagger Throw"],"picked":"SKIP","floor":40},{"not_picked":["Dagger Spray","Sucker Punch","All Out Attack+1"],"picked":"SKIP","floor":41},{"not_picked":["All Out Attack+1","PiercingWail"],"picked":"Blur+1","floor":44},{"not_picked":["Heel Hook","Sucker Punch+1","Underhanded Strike"],"picked":"SKIP","floor":45}],"player_experience":62571,"relics_obtained":[{"floor":9,"key":"Smiling Mask"},{"floor":11,"key":"Nunchaku"},{"floor":23,"key":"Snake Skull"},{"floor":26,"key":"Bottled Lightning"},{"floor":40,"key":"Bird Faced Urn"}],"event_choices":[{"damage_healed":0,"gold_gain":275,"player_choice":"Desecrate","damage_taken":0,"max_hp_gain":0,"max_hp_loss":0,"event_name":"Golden Shrine","floor":2,"gold_loss":0,"cards_obtained":["Regret"]},{"damage_healed":0,"gold_gain":0,"player_choice":"4 cards matched","damage_taken":0,"max_hp_gain":0,"max_hp_loss":0,"event_name":"Match and Keep!","floor":7,"gold_loss":0,"cards_obtained":["Phantasmal Killer","Jack Of All Trades","Neutralize","Slice"]},{"damage_healed":0,"gold_gain":0,"player_choice":"Obtained Relic","damage_taken":0,"relics_obtained":["Pear"],"max_hp_gain":0,"max_hp_loss":0,"event_name":"Addict","floor":19,"gold_loss":85},{"cards_removed":["Well Laid Plans"],"damage_healed":0,"gold_gain":0,"player_choice":"Gave Card","damage_taken":0,"relics_obtained":["Dream Catcher"],"max_hp_gain":0,"max_hp_loss":0,"event_name":"WeMeetAgain","floor":20,"gold_loss":0},{"damage_healed":0,"gold_gain":0,"player_choice":"Copied","damage_taken":0,"max_hp_gain":0,"max_hp_loss":0,"event_name":"Duplicator","floor":36,"gold_loss":0,"cards_obtained":["Adrenaline"]}],"is_beta":false,"boss_relics":[{"not_picked":["Eternal Feather","Runic Dome"],"picked":"Runic Pyramid"},{"not_picked":["WristBlade","Calling Bell"],"picked":"Sozu"}],"items_purged_floors":[4,37],"is_endless":false,"potions_floor_spawned":[3,10,11,21,28,30,31,35,45],"killed_by":"Sphere and 2 Shapes","ascension_level":0}