{"gold_per_floor":[119,45,45,8,24,52,52,85,158,184,184,197,214,278,278,278],"floor_reached":16,"playtime":1386,"items_purged":[],"score":236,"play_id":"2366ca9c-3c7d-489e-84f2-858e8b9f2d7f","local_time":"20190801085251","is_ascension_mode":true,"campfire_choices":[{"data":"Clothesline","floor":7,"key":"SMITH"},{"data":"Feel No Pain","floor":11,"key":"SMITH"},{"floor":15,"key":"REST"}],"neow_cost":"NONE","seed_source_timestamp":1071884294513866,"circlet_count":0,"master_deck":["AscendersBane","Strike_R","Strike_R","Strike_R","Strike_R","Defend_R","Defend_R","Defend_R","Defend_R","Bash+1","Iron Wave","Feel No Pain+1","Battle Trance","Clothesline+1","Sword Boomerang","Hemokinesis","Anger","Sever Soul","Fiend Fire","Metallicize"],"relics":["Burning Blood","Boot","Omamori","Bottled Tornado","Torii","Prayer Wheel"],"potions_floor_usage":[6,10,16],"damage_taken":[{"damage":10,"enemies":"Small Slimes","floor":1,"turns":4},{"damage":0,"enemies":"Cultist","floor":5,"turns":3},{"damage":21,"enemies":"Gremlin Nob","floor":6,"turns":4},{"damage":30,"enemies":"Lagavulin","floor":8,"turns":6},{"damage":9,"enemies":"3 Sentries","floor":10,"turns":11},{"damage":3,"enemies":"2 Louse","floor":12,"turns":2},{"damage":2,"enemies":"Blue Slaver","floor":13,"turns":3},{"damage":30,"enemies":"Lagavulin Event","floor":14,"turns":4},{"damage":33,"enemies":"Slime Boss","floor":16,"turns":6}],"seed_played":"-3820393040285547394","potions_obtained":[{"floor":5,"key":"Energy Potion"},{"floor":8,"key":"SpeedPotion"},{"floor":14,"key":"FearPotion"}],"is_trial":false,"path_per_floor":["M","$","?","$","M","E","R","E","T","E","R","M","M","?","R","B"],"character_chosen":"IRONCLAD","items_purchased":["Feel No Pain","Battle Trance"],"campfire_rested":1,"item_purchase_floors":[2,4],"current_hp_per_floor":[64,64,64,64,70,55,55,31,31,28,28,31,35,11,33,0],"gold":278,"neow_bonus":"UPGRADE_CARD","is_prod":false,"is_daily":false,"chose_seed":false,"campfire_upgraded":2,"win_rate":0,"timestamp":1564638771,"path_taken":["M","$","?","?","M","E","R","E","T","E","R","M","M","?","R","BOSS"],"build_version":"2019-07-17","purchased_purges":0,"victory":false,"max_hp_per_floor":[75,75,75,75,75,75,75,75,75,75,75,75,75,75,75,75],"card_choices":[{"not_picked":["Heavy Blade","Shrug It Off"],"picked":"Iron Wave","floor":1},{"not_picked":["Twin Strike","Cleave"],"picked":"Clothesline","floor":5},{"not_picked":["Searing Blow","Armaments"],"picked":"Sword Boomerang","floor":6},{"not_picked":["Shockwave","Rampage"],"picked":"Hemokinesis","floor":8},{"not_picked":["Warcry","Headbutt"],"picked":"Anger","floor":10},{"not_picked":["Perfected Strike","Clothesline"],"picked":"Sever Soul","floor":12},{"not_picked":["Pummel","Twin Strike"],"picked":"Fiend Fire","floor":13},{"not_picked":["Inflame","Flex"],"picked":"Metallicize","floor":14}],"player_experience":1148601,"relics_obtained":[{"floor":6,"key":"Boot"},{"floor":8,"key":"Omamori"},{"floor":9,"key":"Bottled Tornado"},{"floor":10,"key":"Torii"},{"floor":14,"key":"Prayer Wheel"}],"event_choices":[{"cards_removed":["Strike_R"],"damage_healed":0,"gold_gain":0,"player_choice":"Purged","damage_taken":0,"max_hp_gain":0,"max_hp_loss":0,"event_name":"Purifier","floor":3,"gold_loss":0},{"damage_healed":0,"gold_gain":0,"player_choice":"Searched \u00271\u0027 times","damage_taken":0,"max_hp_gain":0,"max_hp_loss":0,"event_name":"Dead Adventurer","floor":14,"gold_loss":0}],"is_beta":false,"boss_relics":[],"items_purged_floors":[],"is_endless":false,"potions_floor_spawned":[5,8,14],"killed_by":"Slime Boss","ascension_level":20}