{"gold_per_floor":[110,110,124,49,49,49,78,92,92,111,111,111,123,140,140,236,236,255,272,172,172,241,241,269,269,269,282,295,19,46,62,62,157,157,170,320,370,148,211,244,244,270,338,338,370,380,397,447,447,447],"floor_reached":51,"playtime":4526,"items_purged":["Pain","Strike_G","Strike_G"],"score":1305,"play_id":"07b43ad7-57ed-47ce-aa95-bfa31739e55d","local_time":"20190802183330","is_ascension_mode":true,"campfire_choices":[{"data":"Neutralize","floor":6.0,"key":"SMITH"},{"data":"Well Laid Plans","floor":11.0,"key":"SMITH"},{"data":"Dagger Spray","floor":15.0,"key":"SMITH"},{"data":"Malaise","floor":23.0,"key":"SMITH"},{"data":"Dodge and Roll","floor":25.0,"key":"SMITH"},{"floor":32.0,"key":"REST"},{"data":"Noxious Fumes","floor":41,"key":"SMITH"},{"data":"Catalyst","floor":44,"key":"SMITH"},{"floor":49,"key":"REST"}],"neow_cost":"NONE","seed_source_timestamp":308381796942100,"circlet_count":0,"master_deck":["Defend_G","Defend_G","Defend_G","Defend_G","Survivor","Neutralize+1","Well Laid Plans+1","Blur+1","Night Terror","Dodge and Roll+1","Backflip","Dagger Spray+1","Malaise+1","Backflip+1","Blur","Flechettes","Noxious Fumes+1","Catalyst+1","Dodge and Roll+1","Prepared+1","Blur+1","Unload+1","Grand Finale+1","Well Laid Plans","Burst+1","Blur+1","PiercingWail+1","Noxious Fumes+1"],"special_seed":0,"relics":["Ring of the Snake","NeowsBlessing","WarpedTongs","Singing Bowl","Pen Nib","Velvet Choker","SsserpentHead","Strawberry","Pear","Toxic Egg 2","Astrolabe","Gambling Chip","Centennial Puzzle","Oddly Smooth Stone","Blood Vial","Bottled Tornado","Ninja Scroll","Shuriken","Anchor"],"potions_floor_usage":[50],"damage_taken":[{"damage":0.0,"enemies":"Jaw Worm","floor":1.0,"turns":1.0},{"damage":1.0,"enemies":"Cultist","floor":3.0,"turns":1.0},{"damage":0.0,"enemies":"3 Sentries","floor":7.0,"turns":1.0},{"damage":0.0,"enemies":"Small Slimes","floor":8.0,"turns":3.0},{"damage":18.0,"enemies":"Gremlin Gang","floor":10.0,"turns":7.0},{"damage":2.0,"enemies":"3 Louse","floor":13.0,"turns":7.0},{"damage":0.0,"enemies":"Red Slaver","floor":14.0,"turns":5.0},{"damage":2.0,"enemies":"The Guardian","floor":16.0,"turns":16.0},{"damage":7.0,"enemies":"Chosen","floor":18.0,"turns":9.0},{"damage":12.0,"enemies":"Spheric Guardian","floor":19.0,"turns":7.0},{"damage":5.0,"enemies":"Centurion and Healer","floor":22.0,"turns":13.0},{"damage":30.0,"enemies":"Gremlin Leader","floor":24.0,"turns":12.0},{"damage":2.0,"enemies":"Snake Plant","floor":27.0,"turns":11.0},{"damage":0.0,"enemies":"3 Cultists","floor":28.0,"turns":5.0},{"damage":0.0,"enemies":"Book of Stabbing","floor":30.0,"turns":7.0},{"damage":25.0,"enemies":"Cultist and Chosen","floor":31.0,"turns":6.0},{"damage":12.0,"enemies":"Automaton","floor":33.0,"turns":9.0},{"damage":0,"enemies":"Orb Walker","floor":35,"turns":5},{"damage":6,"enemies":"Mind Bloom Boss Battle","floor":36,"turns":7},{"damage":0,"enemies":"3 Darklings","floor":39,"turns":7},{"damage":0,"enemies":"Giant Head","floor":40,"turns":6},{"damage":0,"enemies":"Nemesis","floor":42,"turns":5},{"damage":0,"enemies":"Giant Head","floor":45,"turns":4},{"damage":0,"enemies":"Spire Growth","floor":46,"turns":4},{"damage":48,"enemies":"Transient","floor":47,"turns":5},{"damage":0,"enemies":"Time Eater","floor":50,"turns":4}],"seed_played":"-7600488542918856827","potions_obtained":[{"floor":1.0,"key":"SpeedPotion"},{"floor":3.0,"key":"Energy Potion"},{"floor":13.0,"key":"SpeedPotion"},{"floor":46,"key":"Dexterity Potion"}],"is_trial":false,"path_per_floor":["M","?","M","$","?","R","E","M","T","M","R","?","M","M","R","B",null,"M","M","$","?","M","R","E","R","T","M","M","$","E","M","R","B",null,"M","?","?","$","M","E","R","E","T","R","E","M","M","T","R","B",null],"character_chosen":"THE_SILENT","items_purchased":["Noxious Fumes","Catalyst","Burst+1","Oddly Smooth Stone"],"campfire_rested":2,"item_purchase_floors":[29,29,38,38],"current_hp_per_floor":[63,63,62,62,62,62,62,62,62,44,44,44,42,44,44,42,65,58,48,48,48,45,45,22,22,32,30,32,32,32,7,35,25,79,81,75,75,75,75,77,77,81,81,81,83,87,41,41,72,74],"gold":447,"neow_bonus":"THREE_ENEMY_KILL","is_prod":false,"is_daily":false,"chose_seed":false,"campfire_upgraded":7,"win_rate":0,"timestamp":1564785210,"path_taken":["M","?","?","$","?","R","E","?","T","M","R","?","M","M","R","BOSS","M","?","$","?","?","R","E","R","T","M","M","$","E","M","R","BOSS","M","?","?","$","?","E","R","E","T","R","E","M","M","?","R","BOSS"],"build_version":"2019-07-18","purchased_purges":3,"victory":true,"max_hp_per_floor":[70,70,70,70,70,70,70,70,70,70,70,70,70,72,72,72,72,72,74,74,74,76,76,83,83,93,93,95,95,95,95,95,97,97,99,99,99,99,99,101,101,103,103,103,103,105,105,105,105,105],"card_choices":[{"not_picked":["Slice","Eviscerate"],"picked":"Well Laid Plans","floor":1.0},{"not_picked":["Deadly Poison","Quick Slash"],"picked":"Blur","floor":3.0},{"not_picked":["Outmaneuver","Calculated Gamble"],"picked":"Night Terror","floor":7.0},{"not_picked":["Prepared","Bane"],"picked":"Dodge and Roll","floor":8.0},{"not_picked":["Underhanded Strike","Tactician"],"picked":"Backflip","floor":10.0},{"not_picked":["Acrobatics","Flying Knee"],"picked":"Dagger Spray","floor":13.0},{"not_picked":["Slice","Quick Slash","Backflip"],"picked":"Singing Bowl","floor":14.0},{"not_picked":["Adrenaline","Wraith Form v2"],"picked":"Malaise","floor":16.0},{"not_picked":["Expertise","Quick Slash"],"picked":"Backflip+1","floor":18.0},{"not_picked":["Underhanded Strike","Poisoned Stab","Dodge and Roll"],"picked":"Singing Bowl","floor":19.0},{"not_picked":["Reflex","Dagger Throw","Eviscerate+1"],"picked":"Singing Bowl","floor":22.0},{"not_picked":["PiercingWail","Terror"],"picked":"Blur","floor":24.0},{"not_picked":["Flying Knee","Quick Slash"],"picked":"Flechettes","floor":27.0},{"not_picked":["Riddle With Holes","Deflect+1","Tools of the Trade"],"picked":"Singing Bowl","floor":28.0},{"not_picked":["Noxious Fumes","Flying Knee"],"picked":"Dodge and Roll","floor":30.0},{"not_picked":["Noxious Fumes","All Out Attack"],"picked":"Prepared+1","floor":31.0},{"not_picked":["Doppelganger+1","Die Die Die","Unload"],"picked":"Singing Bowl","floor":33.0},{"not_picked":["Slice+1","Reflex+1","Sucker Punch+1"],"picked":"Singing Bowl","floor":35},{"not_picked":["Underhanded Strike+1","Flying Knee+1"],"picked":"Well Laid Plans","floor":36},{"not_picked":["Flechettes","Deadly Poison+1"],"picked":"Blur+1","floor":39},{"not_picked":["Deadly Poison+1","Dagger Throw+1","Reflex+1"],"picked":"Singing Bowl","floor":40},{"not_picked":["Endless Agony","Bane","Concentrate+1"],"picked":"Singing Bowl","floor":42},{"not_picked":["Unload","Quick Slash"],"picked":"PiercingWail+1","floor":45},{"not_picked":["Masterful Stab+1","Sucker Punch+1","Deadly Poison+1"],"picked":"Singing Bowl","floor":46},{"not_picked":["Cloak And Dagger+1","Flechettes"],"picked":"Noxious Fumes+1","floor":47}],"player_experience":299562,"relics_obtained":[{"floor":7.0,"key":"Singing Bowl"},{"floor":9.0,"key":"Pen Nib"},{"floor":24.0,"key":"Strawberry"},{"floor":26.0,"key":"Pear"},{"floor":30.0,"key":"Toxic Egg 2"},{"floor":36,"key":"Gambling Chip"},{"floor":40,"key":"Blood Vial"},{"floor":42,"key":"Bottled Tornado"},{"floor":43,"key":"Ninja Scroll"},{"floor":45,"key":"Shuriken"},{"floor":48,"key":"Anchor"}],"event_choices":[{"damage_healed":0.0,"max_hp_gain":0.0,"max_hp_loss":0.0,"gold_gain":0.0,"event_name":"Accursed Blacksmith","player_choice":"Rummage","floor":2.0,"gold_loss":0.0,"damage_taken":0.0,"relics_obtained":["WarpedTongs"],"cards_obtained":["Pain"]},{"cards_removed":["Strike_G"],"damage_healed":0.0,"max_hp_gain":0.0,"max_hp_loss":0.0,"gold_gain":0.0,"event_name":"Purifier","player_choice":"Purged","floor":5.0,"gold_loss":0.0,"damage_taken":0.0},{"damage_healed":0.0,"max_hp_gain":0.0,"max_hp_loss":0.0,"gold_gain":0.0,"event_name":"Upgrade Shrine","player_choice":"Upgraded","floor":12.0,"gold_loss":0.0,"damage_taken":0.0,"cards_upgraded":["Blur"]},{"damage_healed":0.0,"max_hp_gain":0.0,"max_hp_loss":0.0,"gold_gain":0.0,"event_name":"FaceTrader","player_choice":"Trade","floor":21.0,"gold_loss":0.0,"damage_taken":0.0,"relics_obtained":["SsserpentHead"]},{"damage_healed":0,"gold_gain":0,"player_choice":"Fight","damage_taken":0,"max_hp_gain":0,"max_hp_loss":0,"event_name":"MindBloom","floor":36,"gold_loss":0},{"damage_healed":0,"gold_gain":0,"player_choice":"Gave Potion","damage_taken":0,"relics_obtained":["Centennial Puzzle"],"max_hp_gain":0,"max_hp_loss":0,"event_name":"WeMeetAgain","floor":37,"gold_loss":0}],"is_beta":true,"boss_relics":[{"not_picked":["Lizard Tail","Tiny House"],"picked":"Velvet Choker"},{"not_picked":["Coffee Dripper","Calling Bell"],"picked":"Astrolabe"}],"items_purged_floors":[4,20,29],"is_endless":false,"potions_floor_spawned":[1,3,13,18,19,27,31,36,46],"ascension_level":6}