{"gold_per_floor":[10,10,10,28,28,28,28,28,28,28,54,9,38,51,51,152,152,164,164,176,27,39,67,67,67],"floor_reached":25,"playtime":927,"items_purged":[],"score":329,"play_id":"b6bbb614-c70e-4548-91d8-3a1ae5c50f3a","local_time":"20190801130420","is_ascension_mode":true,"campfire_choices":[{"data":"Zap","floor":6,"key":"SMITH"},{"data":"Go for the Eyes","floor":8,"key":"SMITH"},{"data":"Dualcast","floor":10,"key":"SMITH"},{"floor":15,"key":"REST"},{"data":"Defragment","floor":24,"key":"SMITH"}],"neow_cost":"NO_GOLD","seed_source_timestamp":207137114641103,"circlet_count":0,"master_deck":["Strike_B","Strike_B","Strike_B","Strike_B","Defend_B","Defend_B","Zap+1","Dualcast+1","Tempest","Go for the Eyes+1","Self Repair","Compile Driver","Coolheaded","Defragment+1","Machine Learning","Scrape","Seek"],"relics":["Cracked Core","Nunchaku","Shuriken","Cables","Dream Catcher","Bronze Scales","Coffee Dripper","Anchor","DataDisk"],"potions_floor_usage":[25,25,25],"damage_taken":[{"damage":1,"enemies":"Jaw Worm","floor":1,"turns":4},{"damage":0,"enemies":"Small Slimes","floor":4,"turns":3},{"damage":20,"enemies":"3 Sentries","floor":11,"turns":6},{"damage":25,"enemies":"Lagavulin","floor":13,"turns":5},{"damage":0,"enemies":"Cultist","floor":14,"turns":2},{"damage":29,"enemies":"Hexaghost","floor":16,"turns":9},{"damage":29,"enemies":"2 Thieves","floor":18,"turns":4},{"damage":3,"enemies":"Chosen","floor":20,"turns":4},{"damage":15,"enemies":"Snake Plant","floor":22,"turns":3},{"damage":31,"enemies":"Book of Stabbing","floor":23,"turns":5},{"damage":15,"enemies":"Slavers","floor":25,"turns":2}],"seed_played":"216683151002338858","potions_obtained":[{"floor":13,"key":"Dexterity Potion"},{"floor":16,"key":"SteroidPotion"},{"floor":20,"key":"Energy Potion"}],"is_trial":false,"path_per_floor":["M","?","T","M","$","R","?","R","T","R","E","$","E","M","R","B",null,"M","?","M","$","M","E","R","E"],"character_chosen":"DEFECT","items_purchased":["Compile Driver","Anchor"],"campfire_rested":1,"item_purchase_floors":[12,21],"current_hp_per_floor":[67,67,67,67,67,67,67,67,67,67,47,47,29,36,58,36,65,43,43,47,47,39,15,15,0],"gold":67,"neow_bonus":"ONE_RARE_RELIC","is_prod":false,"is_daily":false,"chose_seed":false,"campfire_upgraded":4,"win_rate":0,"timestamp":1564632260,"path_taken":["M","?","?","M","$","R","?","R","T","R","E","?","E","M","R","BOSS","M","?","M","$","M","E","R","E"],"build_version":"2019-07-17","purchased_purges":0,"victory":false,"max_hp_per_floor":[75,75,75,75,75,75,75,75,75,75,75,75,75,75,75,75,75,75,75,75,75,75,75,75,75],"card_choices":[{"not_picked":["Redo","Rebound","Stack"],"picked":"SKIP","floor":1},{"not_picked":["Heatsinks","Beam Cell"],"picked":"Go for the Eyes","floor":4},{"not_picked":["Streamline","Capacitor"],"picked":"Self Repair","floor":11},{"not_picked":["Thunder Strike","Skim","Sweeping Beam"],"picked":"SKIP","floor":13},{"not_picked":["Rebound","Streamline"],"picked":"Coolheaded","floor":14},{"not_picked":["Melter","Blizzard"],"picked":"Defragment","floor":15},{"not_picked":["Hyperbeam","Biased Cognition"],"picked":"Machine Learning","floor":16},{"not_picked":["Rip and Tear","Turbo","Cold Snap"],"picked":"SKIP","floor":18},{"not_picked":["Sunder","Streamline","Darkness"],"picked":"SKIP","floor":20},{"not_picked":["Leap","Barrage","Streamline"],"picked":"SKIP","floor":22},{"not_picked":["Conserve Battery+1","White Noise"],"picked":"Seek","floor":23}],"player_experience":180407,"relics_obtained":[{"floor":3,"key":"Shuriken"},{"floor":11,"key":"Dream Catcher"},{"floor":13,"key":"Bronze Scales"},{"floor":23,"key":"DataDisk"}],"event_choices":[{"damage_healed":0,"gold_gain":0,"cards_transformed":["Defend_B"],"player_choice":"Change","damage_taken":0,"max_hp_gain":0,"max_hp_loss":0,"event_name":"Living Wall","floor":2,"gold_loss":0,"cards_obtained":["Tempest"]},{"damage_healed":0,"gold_gain":0,"player_choice":"Searched \u00271\u0027 times","damage_taken":0,"relics_obtained":["Cables"],"max_hp_gain":0,"max_hp_loss":0,"event_name":"Dead Adventurer","floor":7,"gold_loss":0},{"damage_healed":0,"gold_gain":0,"cards_transformed":["Defend_B"],"player_choice":"Transformed","damage_taken":0,"max_hp_gain":0,"max_hp_loss":0,"event_name":"Transmorgrifier","floor":19,"gold_loss":0,"cards_obtained":["Scrape"]}],"is_beta":false,"boss_relics":[{"not_picked":["Calling Bell","Inserter"],"picked":"Coffee Dripper"}],"items_purged_floors":[],"is_endless":false,"potions_floor_spawned":[13,16,20],"killed_by":"Slavers","ascension_level":9}