{"gold_per_floor":[115,131,56,56,56,56,81,81,81,101,1,21,21,36,36,115,115,127,127,144,162,176,176,194,194,194,194,194,69,119,133,133,133],"floor_reached":33,"playtime":724,"items_purged":["Strike_G","Strike_G","Defend_G"],"score":594,"play_id":"ffd2d01c-0b82-44f0-94cc-c8b6b066d71f","local_time":"20190807083337","is_ascension_mode":true,"campfire_choices":[{"data":"Corpse Explosion","floor":6.0,"key":"SMITH"},{"data":"Catalyst","floor":13.0,"key":"SMITH"},{"data":"Neutralize","floor":15.0,"key":"SMITH"},{"data":"Reflex","floor":23.0,"key":"SMITH"},{"data":"Acrobatics","floor":25.0,"key":"SMITH"},{"floor":32.0,"key":"REST"}],"neow_cost":"NONE","seed_source_timestamp":72359901263416,"circlet_count":0,"master_deck":["AscendersBane","Defend_G","Defend_G","Defend_G","Defend_G","Survivor","Neutralize+1","PiercingWail","Corpse Explosion+1","Reflex+1","Noxious Fumes","Catalyst+1","Adrenaline","Acrobatics+1","Acrobatics","Doppelganger"],"special_seed":0,"relics":["Ring of the Snake","NeowsBlessing","Bronze Scales","Pear","Empty Cage","Blood Vial","Bird Faced Urn"],"potions_floor_usage":[33],"damage_taken":[{"damage":0.0,"enemies":"2 Louse","floor":1.0,"turns":1.0},{"damage":0.0,"enemies":"Jaw Worm","floor":2.0,"turns":1.0},{"damage":0.0,"enemies":"3 Sentries","floor":7.0,"turns":2.0},{"damage":1.0,"enemies":"Cultist","floor":10.0,"turns":3.0},{"damage":11.0,"enemies":"Large Slime","floor":12.0,"turns":6.0},{"damage":0.0,"enemies":"3 Louse","floor":14.0,"turns":1.0},{"damage":41.0,"enemies":"The Guardian","floor":16.0,"turns":8.0},{"damage":3.0,"enemies":"Shell Parasite","floor":18.0,"turns":5.0},{"damage":14.0,"enemies":"2 Thieves","floor":20.0,"turns":3.0},{"damage":18.0,"enemies":"Snake Plant","floor":21.0,"turns":5.0},{"damage":0.0,"enemies":"Cultist and Chosen","floor":22.0,"turns":3.0},{"damage":8.0,"enemies":"Centurion and Healer","floor":24.0,"turns":4.0},{"damage":0.0,"enemies":"Snecko","floor":31.0,"turns":3.0},{"damage":37,"enemies":"Automaton","floor":33,"turns":6}],"seed_played":"495213122175097741","potions_obtained":[{"floor":2.0,"key":"Explosive Potion"},{"floor":12.0,"key":"LiquidBronze"},{"floor":14.0,"key":"FearPotion"},{"floor":18.0,"key":"AttackPotion"},{"floor":24.0,"key":"GamblersBrew"},{"floor":31.0,"key":"Block Potion"}],"is_trial":false,"path_per_floor":["M","M","$","?","?","R","E","$","T","M","$","M","R","M","R","B",null,"M","?","M","M","M","R","M","R","T","?","?","$","?","M","R","B"],"character_chosen":"THE_SILENT","items_purchased":[],"campfire_rested":1,"item_purchase_floors":[],"current_hp_per_floor":[59,59,59,48,48,48,58,58,58,57,57,46,46,46,46,5,58,55,55,43,27,29,29,23,23,23,1,1,1,1,3,27,0],"gold":133,"neow_bonus":"THREE_ENEMY_KILL","is_prod":false,"is_daily":false,"chose_seed":false,"campfire_upgraded":5,"win_rate":0,"timestamp":1565134417,"path_taken":["M","M","$","?","?","R","E","$","T","M","$","M","R","M","R","BOSS","M","?","M","M","?","R","M","R","T","?","?","$","?","M","R","BOSS"],"build_version":"2019-07-17","purchased_purges":3,"victory":false,"max_hp_per_floor":[66,66,66,66,66,66,76,76,76,76,76,76,76,76,76,76,76,76,76,76,76,76,76,76,76,76,81,81,81,81,81,81,81],"card_choices":[{"not_picked":["Dodge and Roll","Acrobatics"],"picked":"PiercingWail","floor":1.0},{"not_picked":["Distraction","Underhanded Strike","Flying Knee"],"picked":"SKIP","floor":2.0},{"not_picked":["Terror","All Out Attack"],"picked":"Reflex","floor":7.0},{"not_picked":["Slice","Expertise"],"picked":"Noxious Fumes","floor":10.0},{"not_picked":["Backflip","Deflect"],"picked":"Catalyst","floor":12.0},{"not_picked":["Cloak And Dagger","Bane","Reflex"],"picked":"SKIP","floor":14.0},{"not_picked":["Corpse Explosion","Die Die Die"],"picked":"Adrenaline","floor":16.0},{"not_picked":["Underhanded Strike","Predator","Distraction+1"],"picked":"SKIP","floor":18.0},{"not_picked":["Sucker Punch","Flying Knee"],"picked":"Acrobatics","floor":20.0},{"not_picked":["Dagger Throw","Backflip"],"picked":"Acrobatics","floor":21.0},{"not_picked":["Deflect","Endless Agony","Choke"],"picked":"SKIP","floor":22.0},{"not_picked":["PiercingWail","Blade Dance","Slice"],"picked":"SKIP","floor":24.0},{"not_picked":["Prepared","Flying Knee"],"picked":"Doppelganger","floor":31.0}],"player_experience":798648,"relics_obtained":[{"floor":7.0,"key":"Pear"},{"floor":26.0,"key":"Bird Faced Urn"}],"event_choices":[{"damage_healed":0.0,"max_hp_gain":0.0,"max_hp_loss":0.0,"gold_gain":0.0,"event_name":"Scrap Ooze","player_choice":"Success","floor":4.0,"gold_loss":0.0,"damage_taken":11.0,"relics_obtained":["Bronze Scales"]},{"damage_healed":0.0,"max_hp_gain":0.0,"max_hp_loss":0.0,"gold_gain":0.0,"cards_transformed":["Strike_G"],"event_name":"Living Wall","player_choice":"Change","floor":5.0,"gold_loss":0.0,"damage_taken":0.0,"cards_obtained":["Corpse Explosion"]},{"damage_healed":0.0,"max_hp_gain":0.0,"max_hp_loss":0.0,"gold_gain":0.0,"event_name":"WeMeetAgain","player_choice":"Gave Potion","floor":19.0,"gold_loss":0.0,"damage_taken":0.0,"relics_obtained":["Blood Vial"]},{"damage_healed":0.0,"max_hp_gain":5.0,"max_hp_loss":0.0,"gold_gain":0.0,"event_name":"Forgotten Altar","player_choice":"Shed Blood","floor":27.0,"gold_loss":0.0,"damage_taken":27.0},{"damage_healed":0.0,"max_hp_gain":0.0,"max_hp_loss":0.0,"gold_gain":0.0,"event_name":"The Mausoleum","player_choice":"Ignored","floor":28.0,"gold_loss":0.0,"damage_taken":0.0},{"damage_healed":0.0,"max_hp_gain":0.0,"max_hp_loss":0.0,"gold_gain":50.0,"event_name":"Nest","player_choice":"Stole From Cult","floor":30.0,"gold_loss":0.0,"damage_taken":0.0}],"is_beta":false,"boss_relics":[{"not_picked":["Calling Bell","Ring of the Serpent"],"picked":"Empty Cage"}],"items_purged_floors":[3,11,29],"is_endless":false,"potions_floor_spawned":[2,12,14,18,24,31],"killed_by":"Automaton","ascension_level":20}