{"gold_per_floor":[114,124,124,26,45,45,73,73,126,126,143,143],"floor_reached":12,"playtime":273,"items_purged":["Defend_B"],"score":82,"play_id":"eedf78a7-c4e5-4d2d-94eb-f82aba3502fb","local_time":"20190724143444","is_ascension_mode":true,"campfire_choices":[{"data":"Coolheaded","floor":6,"key":"SMITH"},{"data":"Recycle","floor":10,"key":"SMITH"}],"neow_cost":"NONE","seed_source_timestamp":9865626243079872,"circlet_count":0,"master_deck":["Strike_B","Strike_B","Strike_B","Defend_B","Defend_B","Defend_B","Zap","Dualcast","Rebound","Recycle+1","Coolheaded+1","Electrodynamics"],"relics":["Cracked Core","NeowsBlessing","Potion Belt","Centennial Puzzle","Tiny Chest"],"potions_floor_usage":[7,12,12],"damage_taken":[{"damage":0,"enemies":"Jaw Worm","floor":1,"turns":1},{"damage":0,"enemies":"Small Slimes","floor":2,"turns":1},{"damage":0,"enemies":"Cultist","floor":5,"turns":1},{"damage":18,"enemies":"Lagavulin","floor":7,"turns":8},{"damage":0,"enemies":"2 Fungi Beasts","floor":11,"turns":2},{"damage":23,"enemies":"Gremlin Nob","floor":12,"turns":3}],"seed_played":"1204667675158102716","potions_obtained":[{"floor":1,"key":"Dexterity Potion"},{"floor":5,"key":"Explosive Potion"},{"floor":7,"key":"Explosive Potion"}],"is_trial":false,"path_per_floor":["M","M","?","$","M","R","E","?","T","R","M","E"],"character_chosen":"DEFECT","items_purchased":["Coolheaded"],"campfire_rested":0,"item_purchase_floors":[4],"current_hp_per_floor":[75,75,33,33,33,33,15,15,15,15,15,0],"gold":143,"neow_bonus":"THREE_ENEMY_KILL","is_prod":false,"is_daily":false,"chose_seed":false,"campfire_upgraded":2,"win_rate":0,"timestamp":1563957284,"path_taken":["M","M","?","$","M","R","E","?","T","R","M","E"],"build_version":"2019-07-17","purchased_purges":1,"victory":false,"max_hp_per_floor":[75,75,75,75,75,75,75,75,75,75,75,75],"card_choices":[{"not_picked":["Reprogram","Conserve Battery"],"picked":"Rebound","floor":1},{"not_picked":["Leap","Barrage"],"picked":"Recycle","floor":2},{"not_picked":["Hologram","Ball Lightning","Steam Power"],"picked":"SKIP","floor":5},{"not_picked":["Streamline","Sunder","Scrape"],"picked":"SKIP","floor":7},{"not_picked":["Ball Lightning","Conserve Battery","Aggregate"],"picked":"SKIP","floor":11}],"player_experience":1581699,"relics_obtained":[{"floor":7,"key":"Centennial Puzzle"},{"floor":9,"key":"Tiny Chest"}],"event_choices":[{"damage_healed":0,"gold_gain":0,"player_choice":"Success","damage_taken":42,"relics_obtained":["Potion Belt"],"max_hp_gain":0,"max_hp_loss":0,"event_name":"Scrap Ooze","floor":3,"gold_loss":0},{"damage_healed":0,"gold_gain":0,"cards_transformed":["Strike_B"],"player_choice":"Transformed","damage_taken":0,"max_hp_gain":0,"max_hp_loss":0,"event_name":"Transmorgrifier","floor":8,"gold_loss":0,"cards_obtained":["Electrodynamics"]}],"is_beta":false,"boss_relics":[],"items_purged_floors":[4],"is_endless":false,"potions_floor_spawned":[1,5,7],"killed_by":"Gremlin Nob","ascension_level":1}