{"gold_per_floor":[116,191,206,2,12,12,41,58,58,71,71,97,97,97,97,200,200,210,220,220,220,254,254,280,308,308,319,319,347,347,357,357,454,454,473,111,157,177,196,224,224,224,224,250,262,274,315,327,339,351],"floor_reached":51,"playtime":2484,"items_purged":["Berserk","Strike_R"],"score":1174,"play_id":"50c4b6ed-e0d7-47c0-91a1-0398b53670f0","local_time":"20190819092226","is_ascension_mode":true,"campfire_choices":[{"data":"Heavy Blade","floor":6.0,"key":"SMITH"},{"data":"Inflame","floor":11.0,"key":"SMITH"},{"data":"Bandage Up","floor":13.0,"key":"SMITH"},{"data":"Shockwave","floor":15.0,"key":"SMITH"},{"data":"Flame Barrier","floor":23.0,"key":"SMITH"},{"floor":28.0,"key":"REST"},{"data":"Demon Form","floor":30.0,"key":"SMITH"},{"data":"Immolate","floor":32.0,"key":"SMITH"},{"data":"Bludgeon","floor":41.0,"key":"SMITH"},{"data":"Disarm","floor":42.0,"key":"SMITH"},{"floor":45.0,"key":"REST"},{"data":"Shrug It Off","floor":49,"key":"SMITH"}],"neow_cost":"NONE","seed_source_timestamp":607047650978044,"circlet_count":0,"master_deck":["Strike_R","Strike_R","Strike_R","Strike_R","Defend_R","Defend_R","Defend_R","Defend_R","Bash","Shrug It Off+1","Cleave","Inflame+1","Bandage Up+1","Heavy Blade+1","Headbutt","Shockwave+1","Regret","Demon Form+1","Clumsy","Clumsy","Writhe","Power Through","Flame Barrier+1","Ghostly Armor+1","Decay","Disarm+1","Heavy Blade+1","Battle Trance","Armaments+1","Immolate+1","Demon Form","Disarm+1","Bludgeon+1","Heavy Blade+1","Dual Wield+1"],"special_seed":0,"relics":["Burning Blood","Du-Vu Doll","Bird Faced Urn","Prayer Wheel","Red Skull","Calling Bell","Bronze Scales","Blue Candle","WingedGreaves","Thread and Needle","Red Mask","Ice Cream","Pen Nib","Orichalcum","Snecko Eye","Bottled Tornado","Turnip","Incense Burner","Champion Belt","MawBank","Toxic Egg 2","Ornamental Fan"],"potions_floor_usage":[],"damage_taken":[{"damage":15.0,"enemies":"Small Slimes","floor":1.0,"turns":4.0},{"damage":1.0,"enemies":"2 Louse","floor":3.0,"turns":3.0},{"damage":13.0,"enemies":"Jaw Worm","floor":5.0,"turns":5.0},{"damage":8.0,"enemies":"Gremlin Nob","floor":7.0,"turns":3.0},{"damage":11.0,"enemies":"Looter","floor":8.0,"turns":2.0},{"damage":11.0,"enemies":"Exordium Thugs","floor":10.0,"turns":4.0},{"damage":17.0,"enemies":"3 Sentries","floor":12.0,"turns":5.0},{"damage":24.0,"enemies":"Hexaghost","floor":16.0,"turns":7.0},{"damage":42.0,"enemies":"2 Thieves","floor":18.0,"turns":4.0},{"damage":28.0,"enemies":"Shell Parasite","floor":19.0,"turns":4.0},{"damage":1.0,"enemies":"Masked Bandits","floor":22.0,"turns":3.0},{"damage":26.0,"enemies":"Book of Stabbing","floor":24.0,"turns":3.0},{"damage":24.0,"enemies":"Gremlin Leader","floor":25.0,"turns":6.0},{"damage":11.0,"enemies":"Snecko","floor":27.0,"turns":5.0},{"damage":12.0,"enemies":"Slavers","floor":29.0,"turns":5.0},{"damage":18.0,"enemies":"Sentry and Sphere","floor":31.0,"turns":5.0},{"damage":31.0,"enemies":"Champ","floor":33.0,"turns":7.0},{"damage":11.0,"enemies":"3 Shapes","floor":35.0,"turns":3.0},{"damage":15.0,"enemies":"2 Orb Walkers","floor":37.0,"turns":4.0},{"damage":18.0,"enemies":"3 Darklings","floor":38.0,"turns":4.0},{"damage":9.0,"enemies":"Sphere and 2 Shapes","floor":39.0,"turns":4.0},{"damage":32.0,"enemies":"Reptomancer","floor":40.0,"turns":5.0},{"damage":34.0,"enemies":"Nemesis","floor":44.0,"turns":5.0},{"damage":2.0,"enemies":"Giant Head","floor":47.0,"turns":5.0},{"damage":20,"enemies":"Time Eater","floor":50,"turns":5}],"seed_played":"-5745171677512833613","potions_obtained":[{"floor":3.0,"key":"LiquidBronze"},{"floor":8.0,"key":"AttackPotion"},{"floor":10.0,"key":"Explosive Potion"},{"floor":12.0,"key":"Regen Potion"},{"floor":19.0,"key":"Strength Potion"},{"floor":24.0,"key":"Fire Potion"},{"floor":27.0,"key":"EntropicBrew"},{"floor":29.0,"key":"SteroidPotion"},{"floor":37.0,"key":"Strength Potion"},{"floor":44.0,"key":"Weak Potion"}],"is_trial":false,"path_per_floor":["M","?","M","$","M","R","E","M","T","M","R","E","R","?","R","B",null,"M","M","?","?","?","R","E","E","T","M","R","E","R","M","R","B",null,"M","$","?","M","M","E","R","R","T","E","R","T","E","$","R","B",null],"character_chosen":"IRONCLAD","items_purchased":["Inflame","Bandage Up","Bottled Tornado"],"campfire_rested":2,"item_purchase_floors":[4,4,36],"current_hp_per_floor":[71,60,65,65,62,62,64,63,63,64,64,59,59,59,59,49,72,46,30,30,30,41,41,28,18,18,23,47,47,47,43,43,28,67,64,64,59,57,66,50,50,50,50,30,54,54,62,62,62,58],"gold":363,"neow_bonus":"ONE_RANDOM_RARE_CARD","is_prod":false,"is_daily":false,"chose_seed":false,"campfire_upgraded":10,"win_rate":0,"timestamp":1566224546,"path_taken":["M","?","M","$","M","R","E","M","T","M","R","E","R","?","R","BOSS","M","M","?","?","?","R","E","E","T","M","R","E","R","M","R","BOSS","M","$","?","M","M","E","R","R","T","E","R","?","E","$","R","BOSS"],"build_version":"2019-07-17","purchased_purges":2,"victory":true,"max_hp_per_floor":[80,80,80,80,80,80,80,80,80,80,80,80,80,80,80,80,80,80,80,80,80,80,80,80,80,80,80,80,80,80,80,80,80,80,80,80,80,80,80,80,80,80,80,80,80,80,80,80,80,80],"card_choices":[{"not_picked":["Pommel Strike","True Grit"],"picked":"Shrug It Off","floor":1.0},{"not_picked":["Iron Wave","Anger"],"picked":"Cleave","floor":3.0},{"not_picked":["Clothesline","Power Through"],"picked":"Heavy Blade","floor":5.0},{"not_picked":["Burning Pact","Warcry","Power Through"],"picked":"SKIP","floor":7.0},{"not_picked":["Metallicize","Intimidate"],"picked":"Headbutt","floor":8.0},{"not_picked":["Double Tap","Clash"],"picked":"Shockwave","floor":10.0},{"not_picked":["Intimidate","Body Slam","Evolve"],"picked":"SKIP","floor":12.0},{"not_picked":["Bludgeon","Double Tap"],"picked":"Demon Form","floor":16.0},{"not_picked":["Armaments","Pommel Strike"],"picked":"Power Through","floor":18.0},{"not_picked":["Cleave+1","Dropkick+1","Perfected Strike"],"picked":"SKIP","floor":18.0},{"not_picked":["Exhume","Iron Wave+1"],"picked":"Flame Barrier","floor":19.0},{"not_picked":["Clothesline","Wild Strike+1"],"picked":"Ghostly Armor+1","floor":19.0},{"not_picked":["Metallicize","Iron Wave"],"picked":"Disarm","floor":24.0},{"not_picked":["Dark Embrace","Headbutt"],"picked":"Heavy Blade+1","floor":25.0},{"not_picked":["Corruption","Cleave"],"picked":"Battle Trance","floor":27.0},{"not_picked":["Thunderclap","Sever Soul","Heavy Blade"],"picked":"SKIP","floor":27.0},{"not_picked":["Shrug It Off","Thunderclap","Wild Strike"],"picked":"SKIP","floor":29.0},{"not_picked":["Wild Strike","Pommel Strike+1"],"picked":"Armaments+1","floor":31.0},{"not_picked":["Wild Strike+1","Havoc"],"picked":"Immolate","floor":31.0},{"not_picked":["Limit Break","Juggernaut"],"picked":"Demon Form","floor":33.0},{"not_picked":["Shrug It Off","Clothesline+1","Rampage+1"],"picked":"SKIP","floor":35.0},{"not_picked":["True Grit","Whirlwind","Carnage"],"picked":"SKIP","floor":35.0},{"not_picked":["Ghostly Armor","Clash"],"picked":"Disarm+1","floor":37.0},{"not_picked":["Cleave","Iron Wave","Wild Strike+1"],"picked":"SKIP","floor":38.0},{"not_picked":["Armaments+1","Infernal Blade","Body Slam"],"picked":"SKIP","floor":38.0},{"not_picked":["Searing Blow","Cleave+1"],"picked":"Bludgeon","floor":39.0},{"not_picked":["Iron Wave+1","Infernal Blade"],"picked":"Heavy Blade+1","floor":39.0},{"not_picked":["Rage+1","Evolve+1"],"picked":"Dual Wield+1","floor":40.0},{"not_picked":["Rupture","Body Slam","Hemokinesis+1"],"picked":"SKIP","floor":44.0},{"not_picked":["Iron Wave","True Grit+1","Dropkick+1"],"picked":"SKIP","floor":47.0}],"player_experience":174808,"relics_obtained":[{"floor":7.0,"key":"Du-Vu Doll"},{"floor":9.0,"key":"Bird Faced Urn"},{"floor":12.0,"key":"Prayer Wheel"},{"floor":17.0,"key":"Bronze Scales"},{"floor":17.0,"key":"Blue Candle"},{"floor":17.0,"key":"WingedGreaves"},{"floor":22.0,"key":"Red Mask"},{"floor":24.0,"key":"Ice Cream"},{"floor":25.0,"key":"Pen Nib"},{"floor":29.0,"key":"Orichalcum"},{"floor":37.0,"key":"Turnip"},{"floor":40.0,"key":"Incense Burner"},{"floor":43.0,"key":"Champion Belt"},{"floor":44.0,"key":"MawBank"},{"floor":46.0,"key":"Toxic Egg 2"},{"floor":47.0,"key":"Ornamental Fan"}],"event_choices":[{"damage_healed":0.0,"max_hp_gain":0.0,"max_hp_loss":0.0,"gold_gain":75.0,"event_name":"World of Goop","player_choice":"Gather Gold","floor":2.0,"gold_loss":0.0,"damage_taken":11.0},{"damage_healed":0.0,"max_hp_gain":0.0,"max_hp_loss":0.0,"gold_gain":0.0,"event_name":"Big Fish","player_choice":"Box","floor":14.0,"gold_loss":0.0,"damage_taken":0.0,"relics_obtained":["Red Skull"],"cards_obtained":["Regret"]},{"damage_healed":0.0,"max_hp_gain":0.0,"max_hp_loss":0.0,"gold_gain":0.0,"event_name":"The Mausoleum","player_choice":"Opened","floor":20.0,"gold_loss":0.0,"damage_taken":0.0,"relics_obtained":["Thread and Needle"]},{"damage_healed":0.0,"max_hp_gain":0.0,"max_hp_loss":0.0,"gold_gain":0.0,"event_name":"Forgotten Altar","player_choice":"Smashed Altar","floor":21.0,"gold_loss":0.0,"damage_taken":0.0,"cards_obtained":["Decay"]},{"damage_healed":0.0,"max_hp_gain":0.0,"max_hp_loss":0.0,"gold_gain":0.0,"event_name":"Masked Bandits","player_choice":"Fought Bandits","floor":22.0,"gold_loss":0.0,"damage_taken":0.0},{"damage_healed":0.0,"max_hp_gain":0.0,"max_hp_loss":0.0,"gold_gain":0.0,"event_name":"Mysterious Sphere","player_choice":"Fight","floor":37.0,"gold_loss":0.0,"damage_taken":0.0}],"is_beta":false,"boss_relics":[{"not_picked":["White Beast Statue","Pandora\u0027s Box"],"picked":"Calling Bell"},{"not_picked":["Velvet Choker","Runic Dome"],"picked":"Snecko Eye"}],"items_purged_floors":[4,36],"is_endless":false,"potions_floor_spawned":[3,8,10,12,19,24,27,29,31,37,44],"ascension_level":5}