{"gold_per_floor":[115,115,9,59,71,71,88,88,88,88,104,139,152,229,229,302,302,316,366,366,434,454,454,473,504,504,520,520,1,12,22,22,96,96,113,130,34,100,163,192,192,207,258,258,308,333,383,395,395,395,395,395,395,22,50,50],"floor_reached":56,"playtime":6870,"items_purged":["Dualcast"],"score":1858,"play_id":"e18ddf5a-753a-46da-b147-ecbb8188e96b","local_time":"20190715171102","is_ascension_mode":true,"campfire_choices":[{"data":"Beam Cell","floor":6,"key":"SMITH"},{"data":"Zap","floor":8,"key":"SMITH"},{"data":"Scrape","floor":10,"key":"SMITH"},{"floor":15,"key":"REST"},{"floor":23,"key":"REST"},{"floor":28,"key":"REST"},{"floor":32,"key":"REST"},{"data":"Seek","floor":41,"key":"SMITH"},{"floor":44,"key":"RECALL"},{"data":"Seek","floor":49,"key":"SMITH"},{"floor":53,"key":"REST"}],"neow_cost":"TEN_PERCENT_HP_LOSS","seed_source_timestamp":629274347044300,"circlet_count":0,"master_deck":["AscendersBane","Zap+1","Genetic Algorithm","Beam Cell+1","Gash","Scrape+1","Genetic Algorithm","Machine Learning+1","Seek+1","Stack","Tempest","Hyperbeam","Steam Power","Streamline","Conserve Battery","Beam Cell","Barrage","Rebound+1","Leap","Stack+1","PanicButton","Magnetism+1","Seek+1","Turbo","Leap+1","Dark Shackles","Stack","Scrape","Fusion","Compile Driver","Go for the Eyes","Creative AI+1","Rainbow"],"relics":["Cracked Core","Ginger","SsserpentHead","StoneCalendar","Frozen Egg 2","Lantern","Pandora\u0027s Box","Boot","Meat on the Bone","Strange Spoon","Black Star","Mango","Smiling Mask","Bronze Scales","Sundial","ClockworkSouvenir","Cables","Oddly Smooth Stone"],"potions_floor_usage":[12,16,22,25,30,33,35,40,50,50],"damage_taken":[{"damage":7,"enemies":"Small Slimes","floor":1,"turns":4},{"damage":1,"enemies":"Cultist","floor":5,"turns":3},{"damage":6,"enemies":"Jaw Worm","floor":7,"turns":3},{"damage":9,"enemies":"Looter","floor":11,"turns":3},{"damage":39,"enemies":"3 Sentries","floor":12,"turns":7},{"damage":0,"enemies":"Blue Slaver","floor":13,"turns":2},{"damage":3,"enemies":"Hexaghost","floor":16,"turns":7},{"damage":0,"enemies":"Chosen","floor":18,"turns":4},{"damage":0,"enemies":"3 Byrds","floor":21,"turns":4},{"damage":23,"enemies":"Centurion and Healer","floor":22,"turns":4},{"damage":22,"enemies":"3 Cultists","floor":24,"turns":5},{"damage":25,"enemies":"Book of Stabbing","floor":25,"turns":4},{"damage":0,"enemies":"Cultist and Chosen","floor":27,"turns":3},{"damage":29,"enemies":"Shelled Parasite and Fungi","floor":30,"turns":5},{"damage":4,"enemies":"Automaton","floor":33,"turns":9},{"damage":8,"enemies":"3 Shapes","floor":35,"turns":7},{"damage":13,"enemies":"Orb Walker","floor":36,"turns":3},{"damage":3,"enemies":"Spire Growth","floor":38,"turns":5},{"damage":5,"enemies":"Writhing Mass","floor":39,"turns":8},{"damage":2,"enemies":"Reptomancer","floor":40,"turns":7},{"damage":8,"enemies":"Sphere and 2 Shapes","floor":42,"turns":4},{"damage":13,"enemies":"Nemesis","floor":46,"turns":7},{"damage":0,"enemies":"4 Shapes","floor":48,"turns":7},{"damage":72,"enemies":"Time Eater","floor":50,"turns":16},{"damage":30,"enemies":"Donu and Deca","floor":51,"turns":13},{"damage":82,"enemies":"Shield and Spear","floor":55,"turns":8},{"damage":31,"enemies":"The Heart","floor":56,"turns":6}],"seed_played":"-4270849368980412533","potions_obtained":[{"floor":5,"key":"AttackPotion"},{"floor":12,"key":"EssenceOfSteel"},{"floor":16,"key":"PowerPotion"},{"floor":18,"key":"Dexterity Potion"},{"floor":21,"key":"Regen Potion"},{"floor":25,"key":"LiquidBronze"},{"floor":27,"key":"Ancient Potion"},{"floor":31,"key":"Block Potion"},{"floor":31,"key":"PowerPotion"},{"floor":36,"key":"GamblersBrew"},{"floor":38,"key":"AttackPotion"},{"floor":42,"key":"AttackPotion"}],"is_trial":false,"path_per_floor":["M","?","$","?","M","R","M","R","T","R","M","E","M","T","R","B",null,"M","?","?","M","M","R","M","E","T","M","R","$","M","?","R","B",null,"M","M","$","M","M","E","R","M","T","R","?","E","?","M","R","B","B",null,"R","$","E","B"],"character_chosen":"DEFECT","items_purchased":["Beam Cell","Gash","Strange Spoon","PanicButton","Magnetism+1","Dark Shackles","Creative AI+1","ClockworkSouvenir"],"campfire_rested":5,"item_purchase_floors":[3,3,29,29,29,37,54,54],"current_hp_per_floor":[57,57,57,62,61,61,55,55,55,55,46,7,7,7,27,24,58,58,39,39,39,28,50,28,3,3,15,37,37,20,20,42,38,65,57,44,44,41,48,60,60,52,52,52,52,51,98,98,98,38,20,79,98,98,28,0],"gold":50,"neow_bonus":"ONE_RARE_RELIC","is_prod":false,"is_daily":false,"chose_seed":false,"campfire_upgraded":5,"win_rate":0,"timestamp":1563225062,"path_taken":["M","?","?","?","M","R","M","R","T","R","M","E","M","?","R","BOSS","M","?","?","?","M","R","M","E","T","M","R","$","M","?","R","BOSS","M","M","$","?","?","E","R","M","T","R","?","E","?","M","R","BOSS","BOSS","R","$","E","BOSS"],"build_version":"2019-07-05","purchased_purges":1,"victory":false,"max_hp_per_floor":[64,64,64,69,69,69,69,69,69,69,69,69,69,69,69,69,69,69,74,74,74,74,74,74,74,74,74,74,74,74,74,74,74,74,74,74,74,74,74,88,88,88,88,88,88,88,98,98,98,98,98,98,98,98,98,98],"card_choices":[{"not_picked":["Cold Snap","Barrage"],"picked":"Genetic Algorithm","floor":1},{"not_picked":["Steam Power","Turbo"],"picked":"Go for the Eyes","floor":5},{"not_picked":["Rebound","Stack"],"picked":"Scrape","floor":7},{"not_picked":["Storm","Turbo"],"picked":"Genetic Algorithm","floor":11},{"not_picked":["Go for the Eyes","Fusion","Leap"],"picked":"SKIP","floor":12},{"not_picked":["Conserve Battery","Hologram"],"picked":"Machine Learning+1","floor":13},{"not_picked":["Fission","Core Surge"],"picked":"Seek","floor":16},{"not_picked":["Scrape+1","Conserve Battery"],"picked":"Rebound+1","floor":18},{"not_picked":["Melter","Lockon","Ball Lightning"],"picked":"SKIP","floor":21},{"not_picked":["Beam Cell","Stack"],"picked":"Leap","floor":22},{"not_picked":["Conserve Battery","Barrage"],"picked":"Stack+1","floor":24},{"not_picked":["Rebound","Go for the Eyes"],"picked":"Hyperbeam","floor":25},{"not_picked":["Steam Power","Stack","Loop+1"],"picked":"SKIP","floor":27},{"not_picked":["Recycle","Aggregate","Rip and Tear"],"picked":"SKIP","floor":30},{"not_picked":["Electrodynamics+1","Machine Learning+1"],"picked":"Seek","floor":33},{"not_picked":["Gash","Redo"],"picked":"Turbo","floor":35},{"not_picked":["Ball Lightning","Stack"],"picked":"Leap+1","floor":36},{"not_picked":["Barrage","Leap","Rebound"],"picked":"SKIP","floor":38},{"not_picked":["Loop+1","Coolheaded+1"],"picked":"Stack","floor":39},{"not_picked":["Storm+1","Capacitor+1"],"picked":"Scrape","floor":40},{"not_picked":["Chaos+1","Streamline+1"],"picked":"Fusion","floor":42},{"not_picked":["Force Field","Glacier"],"picked":"Compile Driver","floor":46},{"not_picked":["Ball Lightning","Streamline"],"picked":"Go for the Eyes","floor":48},{"not_picked":["FTL+1","Compile Driver"],"picked":"Rainbow","floor":55}],"player_experience":2281684,"relics_obtained":[{"floor":9,"key":"StoneCalendar"},{"floor":12,"key":"Frozen Egg 2"},{"floor":14,"key":"Lantern"},{"floor":25,"key":"Boot"},{"floor":26,"key":"Meat on the Bone"},{"floor":40,"key":"Mango"},{"floor":40,"key":"Smiling Mask"},{"floor":46,"key":"Bronze Scales"},{"floor":46,"key":"Sundial"},{"floor":55,"key":"Cables"},{"floor":55,"key":"Oddly Smooth Stone"}],"event_choices":[{"damage_healed":0,"gold_gain":0,"player_choice":"Trade","damage_taken":0,"relics_obtained":["SsserpentHead"],"max_hp_gain":0,"max_hp_loss":0,"event_name":"FaceTrader","floor":2,"gold_loss":0},{"damage_healed":0,"gold_gain":0,"player_choice":"Donut","damage_taken":0,"max_hp_gain":5,"max_hp_loss":0,"event_name":"Big Fish","floor":4,"gold_loss":0},{"damage_healed":0,"gold_gain":0,"player_choice":"Shed Blood","damage_taken":24,"max_hp_gain":5,"max_hp_loss":0,"event_name":"Forgotten Altar","floor":19,"gold_loss":0},{"damage_healed":0,"gold_gain":0,"player_choice":"Bet on Murderer","damage_taken":0,"max_hp_gain":0,"max_hp_loss":0,"event_name":"The Joust","floor":20,"gold_loss":50},{"damage_healed":0,"gold_gain":0,"player_choice":"Bought 3 Potions","damage_taken":0,"max_hp_gain":0,"max_hp_loss":0,"event_name":"The Woman in Blue","floor":31,"gold_loss":0},{"cards_removed":["Go for the Eyes"],"damage_healed":0,"gold_gain":0,"player_choice":"Removed Attack","damage_taken":0,"max_hp_gain":0,"max_hp_loss":0,"event_name":"Falling","floor":45,"gold_loss":0},{"cards_removed":["Hyperbeam"],"damage_healed":37,"gold_gain":0,"player_choice":"Offered Rare","damage_taken":0,"max_hp_gain":10,"max_hp_loss":0,"event_name":"Bonfire Elementals","floor":47,"gold_loss":0}],"is_beta":false,"boss_relics":[{"not_picked":["Tiny House","Cursed Key"],"picked":"Pandora\u0027s Box"},{"not_picked":["Empty Cage","Lizard Tail"],"picked":"Black Star"}],"items_purged_floors":[3],"is_endless":false,"potions_floor_spawned":[5,12,16,18,21,25,27,36,38,42,46],"killed_by":"The Heart","ascension_level":20}