{"gold_per_floor":[111,122,35,54,54,54,70,70,70,105,121,121,139,165,165,260,260,279,279],"floor_reached":19,"playtime":939,"items_purged":[],"score":235,"play_id":"d75fade0-fc31-4d0b-88ca-db141d25b18a","local_time":"20190307230352","is_ascension_mode":true,"campfire_choices":[{"data":"Sweeping Beam","floor":6,"key":"SMITH"},{"data":"Zap","floor":8,"key":"SMITH"},{"data":"Cold Snap","floor":12,"key":"SMITH"},{"data":"Chaos","floor":15,"key":"SMITH"}],"neow_cost":"NONE","seed_source_timestamp":592786479666060,"circlet_count":0,"master_deck":["Strike_B","Defend_B","Defend_B","Defend_B","Defend_B","Zap+1","Dualcast","Conserve Battery","Dark Shackles","Sweeping Beam+1","Chill","Steam","Cold Snap+1","Self Repair","Chaos+1","Seek","BootSequence+1","Amplify+1","Auto Shields+1","Coolheaded"],"relics":["Cracked Core","Centennial Puzzle","Question Card","Letter Opener","Du-Vu Doll","DataDisk","Astrolabe"],"potions_floor_usage":[19],"damage_taken":[{"damage":0,"enemies":"Cultist","floor":1,"turns":4},{"damage":7,"enemies":"Jaw Worm","floor":2,"turns":3},{"damage":2,"enemies":"Small Slimes","floor":4,"turns":3},{"damage":1,"enemies":"Exordium Wildlife","floor":7,"turns":6},{"damage":8,"enemies":"Lagavulin","floor":10,"turns":6},{"damage":0,"enemies":"Large Slime","floor":11,"turns":4},{"damage":0,"enemies":"2 Fungi Beasts","floor":13,"turns":2},{"damage":0,"enemies":"3 Sentries","floor":14,"turns":8},{"damage":32,"enemies":"Hexaghost","floor":16,"turns":11},{"damage":0,"enemies":"3 Byrds","floor":18,"turns":3},{"damage":2,"enemies":"Colosseum Slavers","floor":19,"turns":4},{"damage":103,"enemies":"Colosseum Nobs","floor":19,"turns":5}],"seed_played":"-4162697744486770878","potions_obtained":[{"floor":2,"key":"Energy Potion"},{"floor":4,"key":"FearPotion"},{"floor":10,"key":"SneckoOil"},{"floor":13,"key":"Regen Potion"}],"is_trial":false,"path_per_floor":["M","M","$","M","?","R","M","R","T","E","M","R","M","E","R","B",null,"M","?"],"character_chosen":"DEFECT","items_purchased":["Dark Shackles"],"campfire_rested":0,"item_purchase_floors":[3],"current_hp_per_floor":[75,68,68,66,59,59,58,58,58,50,50,50,50,57,57,32,75,75,0],"gold":279,"neow_bonus":"RANDOM_COMMON_RELIC","is_prod":false,"is_daily":false,"chose_seed":false,"campfire_upgraded":4,"win_rate":0,"timestamp":1552017832,"path_taken":["M","M","?","M","?","R","M","R","T","E","M","R","M","E","R","BOSS","M","?"],"build_version":"2019-01-23","purchased_purges":0,"victory":false,"max_hp_per_floor":[75,75,75,75,75,75,75,75,75,75,75,75,75,75,75,75,75,75,75],"card_choices":[{"not_picked":["Redo","Fusion","Compile Driver"],"picked":"SKIP","floor":1},{"not_picked":["Skim","Storm"],"picked":"Conserve Battery","floor":2},{"not_picked":["Go for the Eyes","Rip and Tear"],"picked":"Sweeping Beam","floor":4},{"not_picked":["Turbo","Gash","Hologram"],"picked":"Chill","floor":7},{"not_picked":["Tempest","Sweeping Beam","Reprogram"],"picked":"Steam","floor":10},{"not_picked":["Compile Driver","Heatsinks","Turbo"],"picked":"Cold Snap","floor":11},{"not_picked":["Recycle","Compile Driver","Aggregate"],"picked":"Self Repair","floor":13},{"not_picked":["Static Discharge","Gash","Biased Cognition"],"picked":"Chaos","floor":14},{"not_picked":["Reboot","Core Surge","Amplify"],"picked":"Seek","floor":16},{"not_picked":["Leap","Redo","Sweeping Beam+1"],"picked":"Coolheaded","floor":18}],"player_experience":308493,"relics_obtained":[{"floor":9,"key":"Letter Opener"},{"floor":10,"key":"Du-Vu Doll"},{"floor":14,"key":"DataDisk"}],"event_choices":[{"damage_healed":0,"gold_gain":0,"player_choice":"Success","damage_taken":7,"relics_obtained":["Question Card"],"max_hp_gain":0,"max_hp_loss":0,"event_name":"Scrap Ooze","floor":5,"gold_loss":0},{"damage_healed":0,"gold_gain":0,"player_choice":"Fight","damage_taken":0,"max_hp_gain":0,"max_hp_loss":0,"event_name":"Colosseum","floor":19,"gold_loss":0},{"damage_healed":0,"gold_gain":0,"player_choice":"Fought Nobs","damage_taken":0,"max_hp_gain":0,"max_hp_loss":0,"event_name":"Colosseum","floor":19,"gold_loss":0}],"is_beta":false,"boss_relics":[{"not_picked":["Ectoplasm","Velvet Choker"],"picked":"Astrolabe"}],"items_purged_floors":[],"is_endless":false,"potions_floor_spawned":[2,4,10,13,16,18],"killed_by":"Colosseum Nobs","ascension_level":3}