{"gold_per_floor":[118,43,62,137,156,156,186,186,186,203,228,252,318,330,330,330],"floor_reached":16,"playtime":550,"items_purged":["Decay"],"score":160,"play_id":"69f0adcf-8700-4b8f-8bc0-fc4a6ac29787","local_time":"20190622120532","is_ascension_mode":true,"campfire_choices":[{"data":"True Grit","floor":6,"key":"SMITH"},{"floor":15,"key":"REST"}],"neow_cost":"CURSE","seed_source_timestamp":143118396101266,"circlet_count":0,"master_deck":["Strike_R","Strike_R","Strike_R+1","Defend_R","Defend_R","Defend_R","Defend_R","Bash","Flex","Shockwave","Pommel Strike+1","True Grit+1","Carnage","Pummel","Seeing Red","Corruption"],"relics":["Burning Blood","Shuriken","Darkstone Periapt","Whetstone","Smiling Mask","Odd Mushroom"],"potions_floor_usage":[7,11,11],"damage_taken":[{"damage":17,"enemies":"Small Slimes","floor":1,"turns":4},{"damage":1,"enemies":"Cultist","floor":3,"turns":3},{"damage":4,"enemies":"Jaw Worm","floor":5,"turns":3},{"damage":21,"enemies":"Lagavulin","floor":7,"turns":6},{"damage":24,"enemies":"Gremlin Gang","floor":10,"turns":6},{"damage":12,"enemies":"Gremlin Nob","floor":11,"turns":3},{"damage":21,"enemies":"The Mushroom Lair","floor":12,"turns":4},{"damage":1,"enemies":"Looter","floor":14,"turns":3},{"damage":47,"enemies":"The Guardian","floor":16,"turns":8}],"seed_played":"8416673542569593473","potions_obtained":[{"floor":3,"key":"Regen Potion"},{"floor":7,"key":"Strength Potion"},{"floor":10,"key":"Weak Potion"},{"floor":11,"key":"LiquidBronze"}],"is_trial":false,"path_per_floor":["M","$","M","?","M","R","E","?","T","M","E","?","?","M","R","B"],"character_chosen":"IRONCLAD","items_purchased":[],"campfire_rested":1,"item_purchase_floors":[],"current_hp_per_floor":[61,61,66,55,57,57,54,54,54,36,30,15,15,20,44,0],"gold":330,"neow_bonus":"TRANSFORM_TWO_CARDS","is_prod":false,"is_daily":false,"chose_seed":false,"campfire_upgraded":1,"win_rate":0,"timestamp":1561223132,"path_taken":["M","$","M","?","M","R","E","?","T","M","E","?","?","M","R","BOSS"],"build_version":"2019-01-23","purchased_purges":1,"victory":false,"max_hp_per_floor":[80,80,80,80,80,80,80,80,80,80,80,80,80,80,80,80],"card_choices":[{"not_picked":["Havoc","Sentinel"],"picked":"Pommel Strike","floor":1},{"not_picked":["Burning Pact","Havoc"],"picked":"True Grit","floor":3},{"not_picked":["Havoc","Fire Breathing"],"picked":"Carnage","floor":5},{"not_picked":["Flame Barrier","Warcry"],"picked":"Pummel","floor":7},{"not_picked":["Clash","Sword Boomerang","Warcry"],"picked":"SKIP","floor":10},{"not_picked":["Berserk","Reckless Charge","Thunderclap"],"picked":"SKIP","floor":11},{"not_picked":["Sword Boomerang","Anger"],"picked":"Seeing Red","floor":12},{"not_picked":["Dropkick","Warcry"],"picked":"Corruption","floor":14}],"player_experience":246722,"relics_obtained":[{"floor":7,"key":"Shuriken"},{"floor":9,"key":"Whetstone"},{"floor":11,"key":"Smiling Mask"},{"floor":12,"key":"Odd Mushroom"}],"event_choices":[{"damage_healed":0,"gold_gain":75,"player_choice":"Gather Gold","damage_taken":11,"max_hp_gain":0,"max_hp_loss":0,"event_name":"World of Goop","floor":4,"gold_loss":0},{"damage_healed":0,"gold_gain":0,"player_choice":"Searched \u00271\u0027 times","damage_taken":0,"relics_obtained":["Darkstone Periapt"],"max_hp_gain":0,"max_hp_loss":0,"event_name":"Dead Adventurer","floor":8,"gold_loss":0},{"damage_healed":0,"gold_gain":0,"player_choice":"Fought Mushrooms","damage_taken":0,"max_hp_gain":0,"max_hp_loss":0,"event_name":"Mushrooms","floor":12,"gold_loss":0},{"damage_healed":0,"gold_gain":66,"player_choice":"Gained Gold","damage_taken":0,"max_hp_gain":0,"max_hp_loss":0,"event_name":"Golden Wing","floor":13,"gold_loss":0}],"is_beta":false,"boss_relics":[],"items_purged_floors":[2],"is_endless":false,"potions_floor_spawned":[3,7,10,11],"killed_by":"The Guardian","ascension_level":9}