{"gold_per_floor":[118,68,22,36,56,89,89,106,161,62,62,62,82,102,102,202,202,217,230,22,40,40,40,54,54,54,67,67,10,10,22,22,120,120,138,157,72,82,19,51,61,61,61,76,76,1,15,15],"floor_reached":48,"playtime":1945,"items_purged":["Strike_R","Defend_R","Strike_R"],"score":466,"play_id":"952735ce-e411-4d80-a272-d7ad1be03bc5","local_time":"20181121003432","is_ascension_mode":false,"campfire_choices":[{"data":"Bash","floor":7,"key":"SMITH"},{"data":"Inflame","floor":11,"key":"SMITH"},{"floor":15,"key":"REST"},{"data":"Infernal Blade","floor":23,"key":"SMITH"},{"data":"Warcry","floor":25,"key":"SMITH"},{"data":"Fiend Fire","floor":32,"key":"SMITH"},{"floor":42,"key":"REST"}],"neow_cost":"NONE","seed_source_timestamp":601224693220413,"circlet_count":0,"master_deck":["Strike_R","Defend_R","Defend_R","Bash+1","Finesse","Inflame+1","Havoc","Warcry+1","Fire Breathing","Blood for Blood","Immolate","Havoc","Infernal Blade+1","Warcry","Cleave","Fiend Fire+1","Fire Breathing","Iron Wave","Wild Strike","Burning Pact","Seeing Red","Sever Soul","Brutality","Feel No Pain","Fire Breathing+1","Anger+1","Infernal Blade+1","Inflame","Combust","Evolve"],"relics":["Burning Blood","Self Forming Clay","Regal Pillow","Busted Crown","Membership Card","Red Skull","Dead Branch","Runic Cube","Mercury Hourglass","The Courier"],"potions_floor_usage":[16,19,31,33,40,47,48,48],"damage_taken":[{"damage":15,"enemies":"Small Slimes","floor":1,"turns":3},{"damage":9,"enemies":"Jaw Worm","floor":4,"turns":2},{"damage":4,"enemies":"Cultist","floor":5,"turns":3},{"damage":49,"enemies":"Lagavulin","floor":6,"turns":6},{"damage":12,"enemies":"Looter","floor":8,"turns":4},{"damage":8,"enemies":"Lots of Slimes","floor":13,"turns":2},{"damage":16,"enemies":"Large Slime","floor":14,"turns":5},{"damage":35,"enemies":"Slime Boss","floor":16,"turns":7},{"damage":12,"enemies":"3 Byrds","floor":18,"turns":4},{"damage":0,"enemies":"Chosen","floor":19,"turns":4},{"damage":32,"enemies":"Snake Plant","floor":21,"turns":4},{"damage":16,"enemies":"Chosen and Byrds","floor":24,"turns":5},{"damage":19,"enemies":"Sentry and Sphere","floor":27,"turns":3},{"damage":5,"enemies":"Cultist and Chosen","floor":31,"turns":7},{"damage":35,"enemies":"Automaton","floor":33,"turns":6},{"damage":4,"enemies":"3 Shapes","floor":35,"turns":2},{"damage":17,"enemies":"3 Darklings","floor":36,"turns":3},{"damage":33,"enemies":"Maw","floor":38,"turns":6},{"damage":32,"enemies":"Giant Head","floor":40,"turns":6},{"damage":20,"enemies":"4 Shapes","floor":41,"turns":2},{"damage":30,"enemies":"Writhing Mass","floor":44,"turns":4},{"damage":35,"enemies":"Maw","floor":47,"turns":6},{"damage":17,"enemies":"3 Darklings","floor":48,"turns":2}],"seed_played":"2243887229751938099","potions_obtained":[{"floor":1,"key":"SkillPotion"},{"floor":14,"key":"Explosive Potion"},{"floor":16,"key":"SkillPotion"},{"floor":24,"key":"GamblersBrew"},{"floor":27,"key":"Fruit Juice"},{"floor":31,"key":"GamblersBrew"},{"floor":38,"key":"BloodPotion"},{"floor":40,"key":"Regen Potion"},{"floor":47,"key":"Swift Potion"}],"is_trial":false,"path_per_floor":["M","?","$","M","M","E","R","M","T","$","R","?","M","M","R","B",null,"M","M","$","M","?","R","M","R","T","M","?","$","$","M","R","B",null,"M","M","$","M","$","E","M","R","T","M","?","$","M","M"],"character_chosen":"IRONCLAD","items_purchased":["Havoc","Havoc","Membership Card","Seeing Red","Sever Soul","Feel No Pain","Inflame","Combust","Evolve"],"campfire_rested":2,"item_purchase_floors":[3,10,20,29,29,37,46,46,46],"current_hp_per_floor":[71,71,71,68,70,27,27,21,21,21,21,21,19,9,48,19,80,74,80,80,54,54,54,44,44,44,31,31,31,31,37,37,8,85,85,74,74,47,47,29,15,55,55,31,31,31,16,0],"gold":15,"neow_bonus":"RANDOM_COLORLESS","is_prod":false,"is_daily":false,"chose_seed":false,"campfire_upgraded":5,"win_rate":0,"timestamp":1542778472,"path_taken":["M","?","?","?","M","E","R","M","T","$","R","?","M","M","R","BOSS","M","M","$","?","?","R","?","R","T","M","?","?","$","M","R","BOSS","M","M","$","M","$","E","M","R","T","M","?","$","M","M"],"build_version":"2018-11-15","purchased_purges":3,"victory":false,"max_hp_per_floor":[80,80,80,80,80,80,80,80,80,80,80,80,80,80,80,80,80,80,80,80,80,80,80,80,80,80,80,80,80,80,85,85,85,85,85,85,85,85,85,85,85,85,85,85,85,85,85,85],"card_choices":[{"not_picked":["Pummel","Havoc"],"picked":"Inflame","floor":1},{"not_picked":["Twin Strike","Shrug It Off"],"picked":"Warcry","floor":4},{"not_picked":["Clothesline","Clash"],"picked":"Fire Breathing","floor":5},{"not_picked":["Searing Blow","Spot Weakness"],"picked":"Blood for Blood","floor":6},{"not_picked":["Headbutt","Twin Strike"],"picked":"Immolate","floor":8},{"not_picked":["Carnage","Headbutt"],"picked":"Warcry","floor":13},{"not_picked":["Carnage","Body Slam"],"picked":"Cleave","floor":14},{"not_picked":["Juggernaut","Impervious"],"picked":"Fiend Fire","floor":16},{"not_picked":[],"picked":"Fire Breathing","floor":18},{"not_picked":[],"picked":"Iron Wave","floor":19},{"not_picked":["Armaments"],"picked":"SKIP","floor":21},{"not_picked":[],"picked":"Wild Strike","floor":24},{"not_picked":["Perfected Strike+1"],"picked":"SKIP","floor":27},{"not_picked":["Clash"],"picked":"SKIP","floor":31},{"not_picked":[],"picked":"Brutality","floor":33},{"not_picked":["Anger+1"],"picked":"SKIP","floor":35},{"not_picked":["Reckless Charge+1"],"picked":"SKIP","floor":36},{"not_picked":["Armaments+1"],"picked":"SKIP","floor":38},{"not_picked":[],"picked":"Fire Breathing+1","floor":40},{"not_picked":["Body Slam+1"],"picked":"SKIP","floor":41},{"not_picked":[],"picked":"Anger+1","floor":44},{"not_picked":["Clash"],"picked":"SKIP","floor":47}],"player_experience":142032,"relics_obtained":[{"floor":6,"key":"Self Forming Clay"},{"floor":9,"key":"Regal Pillow"},{"floor":26,"key":"Dead Branch"},{"floor":40,"key":"Mercury Hourglass"},{"floor":43,"key":"The Courier"}],"event_choices":[{"cards_removed":["Defend_R"],"damage_healed":0,"gold_gain":0,"player_choice":"Card Removal","damage_taken":0,"max_hp_gain":0,"max_hp_loss":0,"event_name":"The Cleric","floor":2,"gold_loss":50},{"damage_healed":0,"gold_gain":0,"cards_transformed":["Strike_R"],"player_choice":"Transformed","damage_taken":0,"max_hp_gain":0,"max_hp_loss":0,"event_name":"Transmorgrifier","floor":12,"gold_loss":0,"cards_obtained":["Infernal Blade"]},{"damage_healed":0,"gold_gain":0,"player_choice":"Gave Potion","damage_taken":0,"relics_obtained":["Red Skull"],"max_hp_gain":0,"max_hp_loss":0,"event_name":"WeMeetAgain","floor":22,"gold_loss":0},{"damage_healed":0,"gold_gain":0,"cards_transformed":["Strike_R"],"player_choice":"Transformed","damage_taken":0,"max_hp_gain":0,"max_hp_loss":0,"event_name":"Transmorgrifier","floor":28,"gold_loss":0,"cards_obtained":["Burning Pact"]},{"damage_healed":0,"gold_gain":0,"player_choice":"Copied","damage_taken":0,"max_hp_gain":0,"max_hp_loss":0,"event_name":"Duplicator","floor":45,"gold_loss":0,"cards_obtained":["Infernal Blade"]}],"is_beta":false,"boss_relics":[{"not_picked":["Calling Bell","Eternal Feather"],"picked":"Busted Crown"},{"not_picked":["Cursed Key","Velvet Choker"],"picked":"Runic Cube"}],"items_purged_floors":[10,37,39],"is_endless":false,"potions_floor_spawned":[1,14,16,24,27,31,38,40,47],"killed_by":"3 Darklings","ascension_level":0}