{"gold_per_floor":[115,130,149,149,27,59,59,73,73,73,107,107,141,156,156,233,233,251,268,268,315,230,230,250,103,103,121,153,170,195,10,10,81,81,100,100,100,114,124,124,124],"floor_reached":41,"playtime":2287,"items_purged":["Strike_R","Perfected Strike"],"score":744,"play_id":"d769d512-3353-4f09-8ecc-dea65230a86f","local_time":"20190710225529","is_ascension_mode":true,"campfire_choices":[{"data":"Clothesline","floor":7,"key":"SMITH"},{"floor":10,"key":"REST"},{"data":"Anger","floor":15,"key":"SMITH"},{"floor":23,"key":"REST"},{"data":"Inflame","floor":32,"key":"SMITH"},{"floor":40,"key":"REST"}],"neow_cost":"NONE","seed_source_timestamp":749115047791339,"circlet_count":0,"master_deck":["AscendersBane","Strike_R","Strike_R","Strike_R","Defend_R","Defend_R","Defend_R","Defend_R","Bash","Thunderclap","Shrug It Off","Clothesline+1","Cleave","Immolate","Anger+1","Brutality","Thunderclap","Pommel Strike","Necronomicurse","Rampage","Shrug It Off","Sword Boomerang","Headbutt+1","Metallicize","Inflame+1","Battle Trance","Whirlwind","Offering","Havoc","True Grit"],"relics":["Burning Blood","NeowsBlessing","Shuriken","Kunai","Mercury Hourglass","Boot","Ornamental Fan","Bottled Lightning","Sozu","Necronomicon","PreservedInsect","Dodecahedron","Matryoshka","Paper Frog","Blood Vial","Cursed Key"],"potions_floor_usage":[6,16,28],"damage_taken":[{"damage":0,"enemies":"Small Slimes","floor":1,"turns":1},{"damage":0,"enemies":"Jaw Worm","floor":2,"turns":1},{"damage":0,"enemies":"2 Louse","floor":3,"turns":1},{"damage":32,"enemies":"Gremlin Nob","floor":6,"turns":4},{"damage":26,"enemies":"Exordium Thugs","floor":8,"turns":5},{"damage":31,"enemies":"3 Sentries","floor":11,"turns":5},{"damage":24,"enemies":"Gremlin Nob","floor":13,"turns":4},{"damage":4,"enemies":"Looter","floor":14,"turns":3},{"damage":10,"enemies":"Hexaghost","floor":16,"turns":9},{"damage":15,"enemies":"2 Thieves","floor":18,"turns":2},{"damage":20,"enemies":"Shell Parasite","floor":19,"turns":4},{"damage":3,"enemies":"Snecko","floor":24,"turns":3},{"damage":0,"enemies":"3 Cultists","floor":27,"turns":2},{"damage":20,"enemies":"Book of Stabbing","floor":28,"turns":4},{"damage":0,"enemies":"Centurion and Healer","floor":29,"turns":3},{"damage":4,"enemies":"Slavers","floor":30,"turns":4},{"damage":32,"enemies":"Champ","floor":33,"turns":7},{"damage":0,"enemies":"Orb Walker","floor":35,"turns":3},{"damage":20,"enemies":"3 Darklings","floor":38,"turns":3},{"damage":49,"enemies":"Writhing Mass","floor":39,"turns":5},{"damage":50,"enemies":"4 Shapes","floor":41,"turns":2}],"seed_played":"6812865050179044636","potions_obtained":[{"floor":2,"key":"GamblersBrew"},{"floor":3,"key":"Explosive Potion"},{"floor":13,"key":"SpeedPotion"}],"is_trial":false,"path_per_floor":["M","M","M","?","$","E","R","M","T","R","E","T","E","M","R","B",null,"M","M","?","T","?","R","M","$","T","M","E","M","E","$","R","B",null,"M","?","?","M","M","R","M"],"character_chosen":"IRONCLAD","items_purchased":["Shrug It Off","Shrug It Off","Inflame","Battle Trance","Whirlwind"],"campfire_rested":3,"item_purchase_floors":[5,25,31,31,31],"current_hp_per_floor":[78,80,80,77,77,51,51,31,31,55,30,30,12,14,14,10,63,54,40,24,24,24,48,51,51,51,57,43,49,51,51,51,27,67,75,75,75,63,22,46,0],"gold":124,"neow_bonus":"THREE_ENEMY_KILL","is_prod":false,"is_daily":false,"chose_seed":false,"campfire_upgraded":3,"win_rate":0,"timestamp":1562813729,"path_taken":["M","M","M","?","$","E","R","M","T","R","E","?","E","M","R","BOSS","M","M","?","?","?","R","M","$","T","?","E","M","E","?","R","BOSS","M","?","?","M","M","R","?"],"build_version":"2019-07-05","purchased_purges":2,"victory":false,"max_hp_per_floor":[80,80,80,80,80,80,80,80,80,80,80,80,80,80,80,80,80,80,80,80,80,80,80,80,80,80,80,80,80,80,80,80,80,80,80,80,80,80,80,80,80],"card_choices":[{"not_picked":["Sword Boomerang","Sever Soul"],"picked":"Perfected Strike","floor":1},{"not_picked":["Rage","Seeing Red"],"picked":"Thunderclap","floor":2},{"not_picked":["Feel No Pain","Heavy Blade","Pommel Strike"],"picked":"SKIP","floor":3},{"not_picked":["Wild Strike","Carnage"],"picked":"Clothesline","floor":6},{"not_picked":["Dropkick","Armaments"],"picked":"Cleave","floor":8},{"not_picked":["Entrench","Rupture","Warcry"],"picked":"SKIP","floor":11},{"not_picked":["Infernal Blade","Havoc"],"picked":"Immolate","floor":13},{"not_picked":["Havoc","Thunderclap"],"picked":"Anger","floor":14},{"not_picked":["Exhume","Barricade"],"picked":"Brutality","floor":16},{"not_picked":["Clothesline","Ghostly Armor"],"picked":"Thunderclap","floor":18},{"not_picked":["Cleave","Uppercut"],"picked":"Pommel Strike","floor":19},{"not_picked":["Corruption+1","Wild Strike"],"picked":"Rampage","floor":24},{"not_picked":["Body Slam","Sever Soul","Feel No Pain"],"picked":"SKIP","floor":27},{"not_picked":["Thunderclap","Clash"],"picked":"Sword Boomerang","floor":28},{"not_picked":["Thunderclap","Shrug It Off"],"picked":"Headbutt+1","floor":29},{"not_picked":["Perfected Strike","Second Wind"],"picked":"Metallicize","floor":30},{"not_picked":["Juggernaut","Berserk"],"picked":"Offering","floor":33},{"not_picked":["Cleave","Wild Strike"],"picked":"Havoc","floor":35},{"not_picked":["Rampage","Headbutt+1","Clash"],"picked":"SKIP","floor":38},{"not_picked":["Flex+1","Wild Strike"],"picked":"True Grit","floor":39}],"player_experience":675558,"relics_obtained":[{"floor":6,"key":"Kunai"},{"floor":9,"key":"Mercury Hourglass"},{"floor":11,"key":"Boot"},{"floor":12,"key":"Ornamental Fan"},{"floor":13,"key":"Bottled Lightning"},{"floor":20,"key":"Necronomicon"},{"floor":21,"key":"PreservedInsect"},{"floor":26,"key":"Matryoshka"},{"floor":28,"key":"Paper Frog"},{"floor":30,"key":"Blood Vial"}],"event_choices":[{"damage_healed":0,"gold_gain":0,"player_choice":"Success","damage_taken":3,"relics_obtained":["Shuriken"],"max_hp_gain":0,"max_hp_loss":0,"event_name":"Scrap Ooze","floor":4,"gold_loss":0},{"damage_healed":0,"gold_gain":0,"player_choice":"Obtained Book","damage_taken":16,"max_hp_gain":0,"max_hp_loss":0,"event_name":"Cursed Tome","floor":20,"gold_loss":0},{"damage_healed":0,"gold_gain":0,"player_choice":"Obtained Relic","damage_taken":0,"relics_obtained":["Dodecahedron"],"max_hp_gain":0,"max_hp_loss":0,"event_name":"Addict","floor":22,"gold_loss":85},{"cards_removed":["Strike_R"],"damage_healed":0,"gold_gain":0,"player_choice":"Removed Attack","damage_taken":0,"max_hp_gain":0,"max_hp_loss":0,"event_name":"Falling","floor":36,"gold_loss":0},{"damage_healed":0,"gold_gain":0,"player_choice":"Bought 0 Potions","damage_taken":0,"max_hp_gain":0,"max_hp_loss":0,"event_name":"The Woman in Blue","floor":37,"gold_loss":0}],"is_beta":false,"boss_relics":[{"not_picked":["Orrery","Calling Bell"],"picked":"Sozu"},{"not_picked":["White Beast Statue","Runic Cube"],"picked":"Cursed Key"}],"items_purged_floors":[5,25],"is_endless":false,"potions_floor_spawned":[2,3,13,24,28,30,39],"killed_by":"4 Shapes","ascension_level":13}