{"path_per_floor":["M","?","M","M","M","E","?","E","T","E","R","?","M","?","R","B",null,"M","?","?","?","?","R","E","$","T","M","M","M","E","?","R"],"character_chosen":"THE_SILENT","items_purchased":["Predator","Backflip","Deep Breath"],"gold_per_floor":[112,62,77,94,111,142,242,270,270,300,300,364,374,374,374,469,499,519,519,519,434,534,534,560,292,292,309,323,341,371,371,371],"floor_reached":33,"campfire_rested":4,"playtime":2651,"current_hp_per_floor":[69,69,69,69,61,43,43,45,45,28,49,30,30,30,51,67,75,72,56,47,47,47,71,62,62,62,62,62,50,28,28,52],"items_purged":["Strike_G"],"gold":371,"play_id":"2ce11024-d89a-4fde-a31f-ca52da421c21","is_prod":false,"is_daily":false,"campfire_rituals":0,"campfire_upgraded":0,"is_hardmode":false,"path_taken":["M","?","M","M","M","E","?","E","T","E","R","?","?","?","R","BOSS","M","?","?","?","?","R","E","?","T","M","M","M","E","?","R","BOSS"],"build_version":"2018-01-11-PROD2","purchased_purges":1,"victory":false,"master_deck":["Defend_G","Defend_G","Defend_G","Strike_G","Strike_G","Strike_G","Strike_G","Survivor","Neutralize","Quick Slash","Backflip","Deflect","Unload","Flying Knee","Flying Knee","Dagger Throw","Blade Dance","Prepared","Tools of the Trade","Flying Knee","Acrobatics","Necronomicurse","Slice","Predator","Backflip","Deep Breath","Predator","Dagger Throw","Phantasmal Killer","Dagger Spray"],"max_hp_per_floor":[70,70,70,70,70,70,70,70,70,70,70,70,70,70,70,70,75,75,75,80,80,80,80,80,80,80,80,80,80,80,80,80],"relics":["Ring of the Snake","Lantern","Unceasing Top","Tingsha","Pantograph","Toolbox","Tiny House","Necronomicon","Vajra","Juzu Bracelet","Tough Bandages","Gambling Chip"],"campfire_meditates":0,"card_choices":[{"not_picked":["Acrobatics","Terror"],"picked":"Quick Slash"},{"not_picked":["Blade Dance","Riddle With Holes"],"picked":"Backflip"},{"not_picked":["Poisoned Stab","Terror"],"picked":"Deflect"},{"not_picked":["Infinite Blades","Well Laid Plans"],"picked":"Unload"},{"not_picked":["Endless Agony","Backflip"],"picked":"Flying Knee"},{"not_picked":["Footwork","Deflect"],"picked":"Flying Knee"},{"not_picked":["PiercingWail","Slice"],"picked":"Dagger Throw"},{"not_picked":["Blur","Masterful Stab"],"picked":"Blade Dance"},{"not_picked":["Noxious Fumes","Infinite Blades"],"picked":"Prepared"},{"not_picked":["Glass Knife","Venomology"],"picked":"Tools of the Trade"},{"not_picked":["Outmaneuver","Deflect"],"picked":"Flying Knee"},{"not_picked":["PiercingWail","Sucker Punch"],"picked":"Acrobatics"},{"not_picked":["Poisoned Stab","All Out Attack"],"picked":"Slice"},{"not_picked":["Dagger Throw","Blur"],"picked":"Predator"},{"not_picked":["Dagger Spray","PiercingWail"],"picked":"Dagger Throw"},{"not_picked":["Deadly Poison","Footwork"],"picked":"Phantasmal Killer"},{"not_picked":["Crippling Poison","All Out Attack"],"picked":"Dagger Spray"}],"player_experience":21855,"potions_floor_usage":[6,8,16,16,24,24,30,30],"damage_taken":[{"damage":1,"enemies":"Jaw Worm","floor":1,"turns":6},{"damage":0,"enemies":"Small Slimes","floor":3,"turns":3},{"damage":0,"enemies":"2 Louse","floor":4,"turns":2},{"damage":8,"enemies":"Lots of Slimes","floor":5,"turns":5},{"damage":33,"enemies":"3 Sentries","floor":6,"turns":8},{"damage":7,"enemies":"Gremlin Nob","floor":8,"turns":4},{"damage":17,"enemies":"Lagavulin","floor":10,"turns":5},{"damage":19,"enemies":"Lagavulin Event","floor":12,"turns":5},{"damage":0,"enemies":"Exordium Thugs","floor":13,"turns":2},{"damage":3,"enemies":"Slime Boss","floor":16,"turns":6},{"damage":3,"enemies":"3 Byrds","floor":18,"turns":5},{"damage":21,"enemies":"Slavers","floor":24,"turns":5},{"damage":0,"enemies":"2 Thieves","floor":27,"turns":3},{"damage":0,"enemies":"3 Cultists","floor":28,"turns":3},{"damage":12,"enemies":"Snecko","floor":29,"turns":4},{"damage":22,"enemies":"Gremlin Leader","floor":30,"turns":4},{"damage":83,"enemies":"Automaton","floor":33,"turns":8}],"event_choices":[{"event_name":"The Cleric","player_choice":"Card Removal","floor":2,"damage_taken":0},{"event_name":"Wheel of Change","player_choice":"Gold","floor":7,"damage_taken":0},{"event_name":"Dead Adventurer","player_choice":"Searched \u00273\u0027 times","floor":12,"damage_taken":0},{"event_name":"Upgrade Shrine","player_choice":"Upgraded","floor":14,"damage_taken":0},{"event_name":"Cursed Tome","player_choice":"Obtained Book","floor":19,"damage_taken":0},{"event_name":"Forgotten Altar","player_choice":"Shed Blood","floor":20,"damage_taken":0},{"event_name":"Addict","player_choice":"Obtained Relic","floor":21,"damage_taken":0},{"event_name":"Golden Shrine","player_choice":"Pray","floor":22,"damage_taken":0},{"event_name":"Back to Basics","player_choice":"Elegance","floor":31,"damage_taken":0}],"boss_relics":[{"not_picked":["Velvet Choker","Astrolabe"],"picked":"Tiny House"}],"potions_floor_spawned":[5,6,8,10,12,27,29],"seed_played":"-2114881770745060515","killed_by":"Automaton","is_trial":false}