{"gold_per_floor":[365,111,111,39,114,114,126,126,126,73,73,98,98,109,109,208,208,218,61,61,76,76,101,101,116,116,130,130,140,157,157,157,157],"floor_reached":33,"playtime":2312,"items_purged":["Decay"],"score":263,"play_id":"6429c2bf-5116-4939-9598-7fe49545e4df","local_time":"20190103140713","is_ascension_mode":false,"campfire_choices":[{"floor":6,"key":"REST"},{"data":"Envenom","floor":11,"key":"SMITH"},{"data":"Neutralize","floor":15,"key":"SMITH"},{"floor":24,"key":"REST"},{"floor":32,"key":"REST"}],"neow_cost":"TEN_PERCENT_HP_LOSS","seed_source_timestamp":952211154855176,"circlet_count":0,"master_deck":["Defend_G+1","Defend_G","Defend_G","Defend_G","Defend_G","Strike_G+1","Strike_G","Strike_G","Survivor","Neutralize+1","Deadly Poison","Envenom+1","Cloak And Dagger","Sucker Punch","Corpse Explosion","Calculated Gamble","Acrobatics","Adrenaline","Shame","Normality","Crippling Poison","Infinite Blades","Slice","Leg Sweep","Glass Knife","Blur","Adrenaline","Backstab+1","Blade Dance","Writhe"],"relics":["Ring of the Snake","Meat on the Bone","Anchor","Calling Bell","Bag of Marbles","Dodecahedron","Bird Faced Urn","Vajra","Pear","Centennial Puzzle"],"potions_floor_usage":[12,16,21,23,30,33],"damage_taken":[{"damage":0,"enemies":"2 Louse","floor":1,"turns":4},{"damage":0,"enemies":"Small Slimes","floor":7,"turns":4},{"damage":13,"enemies":"Lagavulin","floor":12,"turns":10},{"damage":0,"enemies":"Jaw Worm","floor":14,"turns":2},{"damage":31,"enemies":"Hexaghost","floor":16,"turns":10},{"damage":34,"enemies":"Shell Parasite","floor":18,"turns":7},{"damage":9,"enemies":"3 Byrds","floor":21,"turns":6},{"damage":29,"enemies":"Gremlin Leader","floor":23,"turns":10},{"damage":40,"enemies":"Sentry and Sphere","floor":25,"turns":8},{"damage":4,"enemies":"Snecko","floor":27,"turns":5},{"damage":28,"enemies":"Centurion and Healer","floor":29,"turns":5},{"damage":6,"enemies":"Snake Plant","floor":30,"turns":5},{"damage":75,"enemies":"Automaton","floor":33,"turns":10}],"seed_played":"6327108381038528819","potions_obtained":[{"floor":7,"key":"Weak Potion"},{"floor":12,"key":"Poison Potion"},{"floor":18,"key":"Energy Potion"},{"floor":21,"key":"Fire Potion"},{"floor":29,"key":"Dexterity Potion"},{"floor":30,"key":"AttackPotion"}],"is_trial":false,"path_per_floor":["M","$","?","$","?","R","M","?","T","$","R","E","?","M","R","B",null,"M","$","?","M","$","E","R","M","T","M","?","M","M","?","R","B"],"character_chosen":"THE_SILENT","items_purchased":["Meat on the Bone","Envenom","Sucker Punch","Infinite Blades"],"campfire_rested":3,"item_purchase_floors":[2,4,10,19],"current_hp_per_floor":[63,63,50,50,39,57,57,50,50,50,50,37,37,37,37,18,63,41,41,30,37,37,24,44,20,30,40,40,28,38,38,61,0],"gold":157,"neow_bonus":"TWO_FIFTY_GOLD","is_prod":false,"is_daily":false,"chose_seed":false,"campfire_upgraded":2,"win_rate":0,"timestamp":1546502833,"path_taken":["M","$","?","$","?","R","M","?","T","?","R","E","?","?","R","BOSS","M","$","?","M","$","E","R","M","T","M","?","M","?","?","R","BOSS"],"build_version":"2018-12-20","purchased_purges":1,"victory":false,"max_hp_per_floor":[63,63,63,63,63,63,63,63,63,63,63,63,63,63,63,63,63,63,63,68,68,68,68,68,68,78,78,78,78,78,78,78,78],"card_choices":[{"not_picked":["Outmaneuver","PiercingWail"],"picked":"Deadly Poison","floor":1},{"not_picked":["Bane","PiercingWail"],"picked":"Cloak And Dagger","floor":7},{"not_picked":["Sucker Punch","Finisher"],"picked":"Corpse Explosion","floor":12},{"not_picked":["Deflect","Setup"],"picked":"Acrobatics","floor":14},{"not_picked":["Die Die Die","Night Terror"],"picked":"Adrenaline","floor":16},{"not_picked":["Quick Slash","Backflip"],"picked":"Crippling Poison","floor":18},{"not_picked":["Prepared+1","Acrobatics"],"picked":"Slice","floor":21},{"not_picked":["Concentrate","Slice"],"picked":"Leg Sweep","floor":23},{"not_picked":["Cloak And Dagger+1","Accuracy"],"picked":"Glass Knife","floor":25},{"not_picked":["Dagger Spray+1","Predator"],"picked":"Blur","floor":27},{"not_picked":["Cloak And Dagger","Dagger Throw"],"picked":"Backstab+1","floor":29},{"not_picked":["Underhanded Strike","PiercingWail"],"picked":"Blade Dance","floor":30}],"player_experience":481797,"relics_obtained":[{"floor":12,"key":"Anchor"},{"floor":17,"key":"Bag of Marbles"},{"floor":17,"key":"Dodecahedron"},{"floor":17,"key":"Bird Faced Urn"},{"floor":23,"key":"Vajra"},{"floor":26,"key":"Pear"}],"event_choices":[{"damage_healed":0,"gold_gain":0,"player_choice":"Entered Light","damage_taken":13,"max_hp_gain":0,"max_hp_loss":0,"event_name":"Shining Light","floor":3,"gold_loss":0,"cards_upgraded":["Defend_G","Strike_G"]},{"damage_healed":0,"gold_gain":75,"player_choice":"Gather Gold","damage_taken":11,"max_hp_gain":0,"max_hp_loss":0,"event_name":"World of Goop","floor":5,"gold_loss":0},{"cards_removed":["Strike_G"],"damage_healed":0,"gold_gain":0,"player_choice":"Card Removal","damage_taken":7,"max_hp_gain":0,"max_hp_loss":0,"event_name":"Golden Wing","floor":8,"gold_loss":0},{"damage_healed":0,"gold_gain":0,"cards_transformed":["Strike_G"],"player_choice":"Transformed","damage_taken":0,"max_hp_gain":0,"max_hp_loss":0,"event_name":"Transmorgrifier","floor":13,"gold_loss":0,"cards_obtained":["Calculated Gamble"]},{"damage_healed":0,"gold_gain":0,"player_choice":"Shed Blood","damage_taken":16,"max_hp_gain":5,"max_hp_loss":0,"event_name":"Forgotten Altar","floor":20,"gold_loss":0},{"damage_healed":0,"gold_gain":0,"player_choice":"Copied","damage_taken":0,"max_hp_gain":0,"max_hp_loss":0,"event_name":"Duplicator","floor":28,"gold_loss":0,"cards_obtained":["Adrenaline"]},{"damage_healed":0,"gold_gain":0,"player_choice":"Opened","damage_taken":0,"relics_obtained":["Centennial Puzzle"],"max_hp_gain":0,"max_hp_loss":0,"event_name":"The Mausoleum","floor":31,"gold_loss":0,"cards_obtained":["Writhe"]}],"is_beta":false,"boss_relics":[{"not_picked":["Fusion Hammer","Empty Cage"],"picked":"Calling Bell"}],"items_purged_floors":[19],"is_endless":false,"potions_floor_spawned":[7,12,18,21,29,30],"killed_by":"Automaton","ascension_level":0}