{"gold_per_floor":[213,9,23,43,43,86,100,100,100,100,125,139,155,155,155,155],"floor_reached":16,"playtime":696,"items_purged":[],"score":120,"play_id":"07af72a2-abff-405e-89e3-d0b96e7a9d4f","local_time":"20190818122126","is_ascension_mode":true,"campfire_choices":[{"floor":10,"key":"REST"},{"floor":15,"key":"REST"}],"neow_cost":"NONE","seed_source_timestamp":74826602879998,"circlet_count":0,"master_deck":["Strike_R+1","Strike_R","Strike_R","Strike_R+1","Strike_R","Defend_R","Defend_R","Defend_R","Defend_R","Bash","Armaments","Dual Wield","Carnage","Flame Barrier","Pummel"],"relics":["Burning Blood","Whetstone","Golden Idol","Strawberry","Darkstone Periapt","Bird Faced Urn"],"potions_floor_usage":[6,6,12,13,13,16,16],"damage_taken":[{"damage":4,"enemies":"Small Slimes","floor":1,"turns":5},{"damage":0,"enemies":"Jaw Worm","floor":3,"turns":3},{"damage":7,"enemies":"2 Louse","floor":4,"turns":3},{"damage":32,"enemies":"Lagavulin","floor":6,"turns":10},{"damage":3,"enemies":"2 Fungi Beasts","floor":7,"turns":3},{"damage":13,"enemies":"Blue Slaver","floor":11,"turns":4},{"damage":6,"enemies":"Looter","floor":12,"turns":2},{"damage":18,"enemies":"Gremlin Gang","floor":13,"turns":4},{"damage":60,"enemies":"Hexaghost","floor":16,"turns":11}],"seed_played":"-4642067117858672080","potions_obtained":[{"floor":1,"key":"SpeedPotion"},{"floor":4,"key":"SkillPotion"},{"floor":6,"key":"Energy Potion"},{"floor":12,"key":"EntropicBrew"}],"is_trial":false,"path_per_floor":["M","$","M","M","?","E","M","?","T","R","M","M","M","?","R","B"],"character_chosen":"IRONCLAD","items_purchased":["Armaments","Whetstone"],"campfire_rested":2,"item_purchase_floors":[2,2],"current_hp_per_floor":[80,80,80,79,59,40,43,43,43,69,62,62,50,32,58,0],"gold":155,"neow_bonus":"HUNDRED_GOLD","is_prod":false,"is_daily":false,"chose_seed":false,"campfire_upgraded":0,"win_rate":0,"timestamp":1566127286,"path_taken":["M","$","M","M","?","E","M","?","T","R","M","M","M","?","R","BOSS"],"build_version":"2019-07-17","purchased_purges":0,"victory":false,"max_hp_per_floor":[80,80,80,80,80,87,87,87,87,87,87,87,87,87,87,87],"card_choices":[{"not_picked":["Searing Blow","Sever Soul","Anger"],"picked":"SKIP","floor":1},{"not_picked":["Heavy Blade","Twin Strike"],"picked":"Dual Wield","floor":3},{"not_picked":["Twin Strike","Cleave"],"picked":"Carnage","floor":4},{"not_picked":["Spot Weakness","Dropkick"],"picked":"Flame Barrier","floor":6},{"not_picked":["Havoc","Cleave","Dark Embrace"],"picked":"SKIP","floor":7},{"not_picked":["Entrench","Thunderclap","Armaments"],"picked":"SKIP","floor":11},{"not_picked":["Uppercut","Heavy Blade"],"picked":"Pummel","floor":12},{"not_picked":["Heavy Blade","Headbutt","Sever Soul"],"picked":"SKIP","floor":13}],"player_experience":407534,"relics_obtained":[{"floor":6,"key":"Strawberry"},{"floor":9,"key":"Darkstone Periapt"}],"event_choices":[{"damage_healed":0,"gold_gain":0,"player_choice":"Take Damage","damage_taken":20,"relics_obtained":["Golden Idol"],"max_hp_gain":0,"max_hp_loss":0,"event_name":"Golden Idol","floor":5,"gold_loss":0},{"damage_healed":0,"gold_gain":0,"player_choice":"Ignored","damage_taken":0,"max_hp_gain":0,"max_hp_loss":0,"event_name":"Liars Game","floor":8,"gold_loss":0},{"damage_healed":0,"gold_gain":0,"player_choice":"Success","damage_taken":18,"relics_obtained":["Bird Faced Urn"],"max_hp_gain":0,"max_hp_loss":0,"event_name":"Scrap Ooze","floor":14,"gold_loss":0}],"is_beta":false,"boss_relics":[],"items_purged_floors":[],"is_endless":false,"potions_floor_spawned":[1,4,6,12],"killed_by":"Hexaghost","ascension_level":3}