{"gold_per_floor":[111,161,34,45,45,74,74,100,100,112,112,132,161,177,177,177],"floor_reached":16,"playtime":813,"items_purged":["Strike_G"],"score":276,"play_id":"1ea3a206-5879-40a6-aeb1-81910f24104d","local_time":"20190811180002","is_ascension_mode":true,"campfire_choices":[{"floor":11.0,"key":"REST"},{"data":"Leg Sweep","floor":15,"key":"SMITH"}],"neow_cost":"NONE","seed_source_timestamp":2831821826862386,"circlet_count":0,"master_deck":["AscendersBane","Strike_G","Strike_G","Strike_G","Strike_G","Defend_G","Defend_G","Defend_G","Defend_G","Defend_G","Survivor","Neutralize","A Thousand Cuts","Backstab","Dagger Spray","Pain","Leg Sweep+1","Backflip","Crippling Poison","Doppelganger","Blade Dance"],"special_seed":0,"relics":["Ring of the Snake","WarpedTongs","Turnip","Singing Bowl","Tingsha","Prayer Wheel"],"potions_floor_usage":[13,16],"damage_taken":[{"damage":0.0,"enemies":"2 Louse","floor":1.0,"turns":4.0},{"damage":0.0,"enemies":"Cultist","floor":4.0,"turns":4.0},{"damage":24.0,"enemies":"Gremlin Nob","floor":6.0,"turns":4.0},{"damage":22.0,"enemies":"Lagavulin","floor":8.0,"turns":12.0},{"damage":2.0,"enemies":"Small Slimes","floor":10.0,"turns":4.0},{"damage":8.0,"enemies":"Gremlin Gang","floor":12.0,"turns":4.0},{"damage":1,"enemies":"3 Sentries","floor":13,"turns":8},{"damage":9,"enemies":"Exordium Wildlife","floor":14,"turns":4},{"damage":18,"enemies":"Hexaghost","floor":16,"turns":11}],"seed_played":"-1209146365366967305","potions_obtained":[{"floor":1.0,"key":"Fire Potion"},{"floor":6.0,"key":"Swift Potion"},{"floor":8.0,"key":"Dexterity Potion"},{"floor":14,"key":"GhostInAJar"}],"is_trial":false,"path_per_floor":["M","?","$","M","?","E","$","E","T","M","R","M","E","M","R","B"],"character_chosen":"THE_SILENT","items_purchased":["Dagger Spray"],"campfire_rested":1,"item_purchase_floors":[3],"current_hp_per_floor":[59,59,59,59,59,35,35,13,13,11,30,24,23,16,16,0],"gold":177,"neow_bonus":"ONE_RANDOM_RARE_CARD","is_prod":false,"is_daily":false,"chose_seed":false,"campfire_upgraded":1,"win_rate":0,"timestamp":1565564402,"path_taken":["M","?","?","M","?","E","$","E","T","M","R","?","E","M","R","BOSS"],"build_version":"2019-07-17","purchased_purges":1,"victory":false,"max_hp_per_floor":[66,66,66,66,66,66,66,66,66,66,66,68,68,70,70,70],"card_choices":[{"not_picked":["Underhanded Strike","PiercingWail"],"picked":"Backstab","floor":1.0},{"not_picked":["Endless Agony","Blade Dance","Choke"],"picked":"SKIP","floor":4.0},{"not_picked":["Finisher","Terror"],"picked":"Leg Sweep","floor":6.0},{"not_picked":["Envenom","Flying Knee"],"picked":"Backflip","floor":8.0},{"not_picked":["Underhanded Strike","Bane"],"picked":"Crippling Poison","floor":10.0},{"not_picked":["Dodge and Roll","Deadly Poison","Flechettes"],"picked":"Singing Bowl","floor":12.0},{"not_picked":["Cloak And Dagger","Skewer"],"picked":"Doppelganger","floor":13},{"not_picked":["Skewer","Dash","Dagger Spray"],"picked":"Singing Bowl","floor":14},{"not_picked":["Leg Sweep","Slice"],"picked":"Blade Dance","floor":14}],"player_experience":424232,"relics_obtained":[{"floor":6.0,"key":"Turnip"},{"floor":8.0,"key":"Singing Bowl"},{"floor":9.0,"key":"Tingsha"},{"floor":13,"key":"Prayer Wheel"}],"event_choices":[{"damage_healed":0.0,"max_hp_gain":0.0,"max_hp_loss":0.0,"gold_gain":50.0,"event_name":"Golden Shrine","player_choice":"Pray","floor":2.0,"gold_loss":0.0,"damage_taken":0.0},{"damage_healed":0.0,"max_hp_gain":0.0,"max_hp_loss":0.0,"gold_gain":0.0,"event_name":"Accursed Blacksmith","player_choice":"Rummage","floor":5.0,"gold_loss":0.0,"damage_taken":0.0,"relics_obtained":["WarpedTongs"],"cards_obtained":["Pain"]}],"is_beta":false,"boss_relics":[],"items_purged_floors":[3],"is_endless":false,"potions_floor_spawned":[1,6,8,14],"killed_by":"Hexaghost","ascension_level":18}