{"gold_per_floor":[116,132,432,446,464,464,497,497,578,590,608,385,395,415,415,415],"floor_reached":16,"playtime":493,"items_purged":["Strike_R"],"score":131,"play_id":"7a2e5ac8-a89a-48e0-b30a-70b102abfa60","local_time":"20181120231809","is_ascension_mode":false,"campfire_choices":[{"data":"Bash","floor":6,"key":"SMITH"},{"data":"Dropkick","floor":8,"key":"SMITH"},{"data":"Wild Strike","floor":15,"key":"SMITH"}],"neow_cost":"NONE","seed_source_timestamp":598094656903562,"circlet_count":0,"master_deck":["Strike_R","Strike_R","Strike_R","Defend_R","Defend_R","Defend_R","Defend_R","Bash+1","Dropkick+1","Wild Strike+1","Rupture","Rupture","Wild Strike+1","Wild Strike+1","Anger","Wild Strike"],"relics":["Burning Blood","Old Coin","Bag of Marbles","Bottled Lightning","Whetstone"],"potions_floor_usage":[14,16,16],"damage_taken":[{"damage":1,"enemies":"Cultist","floor":1,"turns":4},{"damage":6,"enemies":"2 Louse","floor":2,"turns":2},{"damage":11,"enemies":"Jaw Worm","floor":4,"turns":3},{"damage":11,"enemies":"Blue Slaver","floor":5,"turns":4},{"damage":28,"enemies":"Gremlin Nob","floor":7,"turns":4},{"damage":14,"enemies":"2 Fungi Beasts","floor":10,"turns":3},{"damage":0,"enemies":"Exordium Wildlife","floor":11,"turns":3},{"damage":0,"enemies":"Red Slaver","floor":13,"turns":1},{"damage":0,"enemies":"Blue Slaver","floor":14,"turns":1},{"damage":59,"enemies":"The Guardian","floor":16,"turns":6}],"seed_played":"-3533886970062415494","potions_obtained":[{"floor":2,"key":"FearPotion"},{"floor":7,"key":"Strength Potion"},{"floor":11,"key":"Fire Potion"},{"floor":13,"key":"SkillPotion"}],"is_trial":false,"path_per_floor":["M","M","?","M","M","R","E","R","T","M","M","$","M","M","R","B"],"character_chosen":"IRONCLAD","items_purchased":["Whetstone"],"campfire_rested":0,"item_purchase_floors":[12],"current_hp_per_floor":[80,80,80,75,70,70,48,48,48,40,46,46,52,58,58,0],"gold":415,"neow_bonus":"TRANSFORM_CARD","is_prod":false,"is_daily":false,"chose_seed":false,"campfire_upgraded":3,"win_rate":0,"timestamp":1542773889,"path_taken":["M","?","?","M","M","R","E","R","T","M","M","$","M","?","R","BOSS"],"build_version":"2018-11-15","purchased_purges":1,"victory":false,"max_hp_per_floor":[80,80,80,80,80,80,80,80,80,80,80,80,80,80,80,80],"card_choices":[{"not_picked":["Flex","Perfected Strike"],"picked":"Wild Strike","floor":1},{"not_picked":["Warcry","Bloodletting"],"picked":"Rupture","floor":2},{"not_picked":["Juggernaut","Body Slam","Power Through"],"picked":"SKIP","floor":4},{"not_picked":["Wild Strike","Infernal Blade"],"picked":"Rupture","floor":5},{"not_picked":["Fiend Fire","Iron Wave"],"picked":"Wild Strike","floor":7},{"not_picked":["Second Wind","Pummel","Havoc"],"picked":"SKIP","floor":10},{"not_picked":["Body Slam","Flex"],"picked":"Wild Strike","floor":11},{"not_picked":["Searing Blow","Body Slam"],"picked":"Anger","floor":13},{"not_picked":["Reckless Charge","Anger"],"picked":"Wild Strike","floor":14}],"player_experience":140249,"relics_obtained":[{"floor":7,"key":"Bag of Marbles"},{"floor":9,"key":"Bottled Lightning"}],"event_choices":[{"damage_healed":0,"gold_gain":0,"player_choice":"Gave Potion","damage_taken":0,"relics_obtained":["Old Coin"],"max_hp_gain":0,"max_hp_loss":0,"event_name":"WeMeetAgain","floor":3,"gold_loss":0}],"is_beta":false,"boss_relics":[],"items_purged_floors":[12],"is_endless":false,"potions_floor_spawned":[2,7,11,13],"killed_by":"The Guardian","ascension_level":0}