{"gold_per_floor":[118,131,56,73,87,87,101,101,126,136,136,165,65,65,65,168,168,184,59,75,75,75,75,174,174,174,89,14,32,57,57,57,156,156,166,1,14,29,29,29,29,64,64,64,0,0,0,27,27,27],"floor_reached":50,"playtime":1974,"items_purged":["Strike_R","Strike_R","Defend_R","Defend_R"],"score":592,"play_id":"cad34479-9a6e-4f7a-ba32-eb781adef398","local_time":"20181118223126","is_ascension_mode":true,"campfire_choices":[{"data":"Infernal Blade","floor":6.0,"key":"SMITH"},{"data":"Armaments","floor":8.0,"key":"SMITH"},{"data":"Bash","floor":11.0,"key":"SMITH"},{"data":"Flex","floor":15.0,"key":"SMITH"},{"data":"Heavy Blade","floor":23.0,"key":"SMITH"},{"data":"Clash","floor":25.0,"key":"SMITH"},{"data":"Sword Boomerang","floor":32.0,"key":"SMITH"},{"floor":40,"key":"REST"},{"data":"Rupture","floor":44,"key":"SMITH"},{"data":"Demon Form","floor":46,"key":"SMITH"},{"floor":49,"key":"REST"}],"neow_cost":"NONE","seed_source_timestamp":0,"circlet_count":0,"master_deck":["Strike_R+1","Bash+1","Armaments+1","Pommel Strike+1","Flex+1","Infernal Blade+1","Heavy Blade+1","Clash+1","Sword Boomerang+1","Juggernaut","Infernal Blade+1","Thunderclap+1","Havoc+1","Dark Embrace","Rupture+1","Warcry","Metallicize","Heavy Blade+1","Metallicize+1","Master of Strategy","Demon Form+1","Seeing Red"],"special_seed":0,"relics":["Burning Blood","NeowsBlessing","Strawberry","Whetstone","Runic Dome","Nilry\u0027s Codex","MutagenicStrength","FossilizedHelix","Blood Vial","Mercury Hourglass","Smiling Mask","Empty Cage","Bird Faced Urn","Torii","Red Mask","Bottled Flame"],"potions_floor_usage":[48],"damage_taken":[{"damage":0.0,"enemies":"Cultist","floor":1.0,"turns":1.0},{"damage":0.0,"enemies":"2 Louse","floor":2.0,"turns":1.0},{"damage":0.0,"enemies":"Small Slimes","floor":4.0,"turns":1.0},{"damage":5.0,"enemies":"3 Louse","floor":5.0,"turns":4.0},{"damage":14.0,"enemies":"2 Fungi Beasts","floor":7.0,"turns":3.0},{"damage":10.0,"enemies":"Exordium Wildlife","floor":10.0,"turns":4.0},{"damage":24.0,"enemies":"Lagavulin","floor":12.0,"turns":5.0},{"damage":56.0,"enemies":"Slime Boss","floor":16.0,"turns":12.0},{"damage":0.0,"enemies":"Shell Parasite","floor":18.0,"turns":1.0},{"damage":5.0,"enemies":"Spheric Guardian","floor":20.0,"turns":3.0},{"damage":14.0,"enemies":"Snake Plant","floor":29.0,"turns":2.0},{"damage":6.0,"enemies":"Book of Stabbing","floor":30.0,"turns":2.0},{"damage":16.0,"enemies":"Automaton","floor":33.0,"turns":4.0},{"damage":0.0,"enemies":"Orb Walker","floor":35.0,"turns":2.0},{"damage":33,"enemies":"3 Darklings","floor":37,"turns":4},{"damage":27,"enemies":"Spire Growth","floor":38,"turns":4},{"damage":6,"enemies":"Giant Head","floor":42,"turns":5},{"damage":72,"enemies":"Reptomancer","floor":48,"turns":5},{"damage":67,"enemies":"Donu and Deca","floor":50,"turns":5}],"seed_played":"1444678609912886335","potions_obtained":[{"floor":4.0,"key":"Fruit Juice"},{"floor":12.0,"key":"FearPotion"},{"floor":18.0,"key":"AttackPotion"},{"floor":20.0,"key":"Fire Potion"},{"floor":30.0,"key":"AttackPotion"},{"floor":37,"key":"AttackPotion"},{"floor":48,"key":"SkillPotion"}],"is_trial":false,"path_per_floor":["M","M","$","M","M","R","M","R","T","M","R","E","$","?","R","B",null,"M","$","M","?","?","R","?","R","T","?","?","M","E","?","R","B",null,"M","M","$","M","M","?","R","$","E","T","R","?","R","?","E","R","B"],"character_chosen":"IRONCLAD","items_purchased":["Warcry","Metallicize"],"campfire_rested":2,"item_purchase_floors":[36,36],"current_hp_per_floor":[80,80,80,80,85,85,77,77,84,80,80,62,62,62,62,12,92,92,92,92,76,76,76,76,76,76,76,76,70,72,72,72,64,92,92,92,65,46,46,73,73,75,75,75,75,75,75,23,50,0],"gold":27,"neow_bonus":"THREE_ENEMY_KILL","is_prod":false,"is_daily":false,"chose_seed":false,"campfire_upgraded":9,"win_rate":0,"timestamp":1542598286,"path_taken":["M","M","$","M","M","R","M","R","T","M","R","E","$","?","R","BOSS","M","$","M","?","?","R","?","R","T","?","?","?","E","?","R","BOSS","M","$","M","M","?","R","$","E","T","R","?","R","?","E","R","BOSS"],"build_version":"2018-11-15","purchased_purges":4,"victory":false,"max_hp_per_floor":[80,80,80,80,85,85,85,85,92,92,92,92,92,92,92,92,92,92,92,92,92,92,92,92,92,92,92,92,92,92,92,92,92,92,92,92,92,92,92,92,92,92,92,92,92,92,92,92,92,92],"card_choices":[{"not_picked":["Anger","Corruption"],"picked":"Armaments","floor":1.0},{"not_picked":["Clothesline","True Grit"],"picked":"Pommel Strike","floor":2.0},{"not_picked":["Feed","Thunderclap"],"picked":"Flex","floor":4.0},{"not_picked":["Dropkick","Anger"],"picked":"Infernal Blade","floor":5.0},{"not_picked":["Havoc","Iron Wave"],"picked":"Heavy Blade","floor":7.0},{"not_picked":["Twin Strike","Cleave"],"picked":"Clash","floor":10.0},{"not_picked":["Carnage","Sentinel"],"picked":"Sword Boomerang","floor":12.0},{"not_picked":["Berserk","Reaper"],"picked":"Juggernaut","floor":16.0},{"not_picked":["Warcry","Anger","Headbutt+1"],"picked":"SKIP","floor":18.0},{"not_picked":["Wild Strike+1","Dual Wield+1"],"picked":"Infernal Blade+1","floor":20.0},{"not_picked":["Intimidate","Blood for Blood"],"picked":"Thunderclap+1","floor":29.0},{"not_picked":["Clash","Spot Weakness+1"],"picked":"Havoc+1","floor":30.0},{"not_picked":["Exhume","Fiend Fire"],"picked":"Dark Embrace","floor":33.0},{"not_picked":["Iron Wave+1","Cleave"],"picked":"Rupture","floor":35},{"not_picked":["Whirlwind+1","Intimidate+1"],"picked":"Heavy Blade+1","floor":37},{"not_picked":["Flame Barrier","Carnage+1"],"picked":"Metallicize+1","floor":38},{"not_picked":["Mind Blast","Finesse"],"picked":"Master of Strategy","floor":39},{"not_picked":["Shockwave","Iron Wave+1"],"picked":"Demon Form","floor":42},{"not_picked":["Pommel Strike","Thunderclap+1"],"picked":"Seeing Red","floor":48}],"player_experience":127432,"relics_obtained":[{"floor":9.0,"key":"Strawberry"},{"floor":12.0,"key":"Whetstone"},{"floor":21.0,"key":"Nilry\u0027s Codex"},{"floor":26.0,"key":"FossilizedHelix"},{"floor":30.0,"key":"Mercury Hourglass"},{"floor":42,"key":"Bird Faced Urn"},{"floor":43,"key":"Torii"},{"floor":48,"key":"Bottled Flame"}],"event_choices":[{"cards_removed":["Defend_R"],"damage_healed":0.0,"max_hp_gain":0.0,"max_hp_loss":0.0,"gold_gain":0.0,"event_name":"Living Wall","player_choice":"Forget","floor":14.0,"gold_loss":0.0,"damage_taken":0.0},{"damage_healed":0.0,"max_hp_gain":0.0,"max_hp_loss":0.0,"gold_gain":0.0,"event_name":"Cursed Tome","player_choice":"Obtained Book","floor":21.0,"gold_loss":0.0,"damage_taken":16.0},{"damage_healed":0.0,"max_hp_gain":0.0,"max_hp_loss":0.0,"gold_gain":0.0,"event_name":"Drug Dealer","player_choice":"Inject Mutagens","floor":22.0,"gold_loss":0.0,"damage_taken":0.0,"relics_obtained":["MutagenicStrength"]},{"damage_healed":0.0,"max_hp_gain":0.0,"max_hp_loss":0.0,"gold_gain":99.0,"event_name":"Nest","player_choice":"Stole From Cult","floor":24.0,"gold_loss":0.0,"damage_taken":0.0},{"damage_healed":0.0,"max_hp_gain":0.0,"max_hp_loss":0.0,"gold_gain":0.0,"event_name":"Addict","player_choice":"Obtained Relic","floor":27.0,"gold_loss":85.0,"damage_taken":0.0,"relics_obtained":["Blood Vial"]},{"cards_removed":["Defend_R"],"damage_healed":0.0,"max_hp_gain":0.0,"max_hp_loss":0.0,"gold_gain":0.0,"event_name":"Beggar","player_choice":"Gave Gold","floor":28.0,"gold_loss":75.0,"damage_taken":0.0},{"damage_healed":0.0,"max_hp_gain":0.0,"max_hp_loss":0.0,"gold_gain":0.0,"event_name":"The Mausoleum","player_choice":"Opened","floor":31.0,"gold_loss":0.0,"damage_taken":0.0,"relics_obtained":["Smiling Mask"]},{"damage_healed":0,"gold_gain":0,"player_choice":"Memory 1","damage_taken":0,"max_hp_gain":0,"max_hp_loss":0,"event_name":"SensoryStone","floor":39,"gold_loss":0},{"damage_healed":0,"gold_gain":0,"player_choice":"Paid","damage_taken":0,"relics_obtained":["Red Mask"],"max_hp_gain":0,"max_hp_loss":0,"event_name":"Tomb of Lord Red Mask","floor":45,"gold_loss":64},{"damage_healed":0,"gold_gain":0,"player_choice":"Ignored","damage_taken":0,"max_hp_gain":0,"max_hp_loss":0,"event_name":"Mysterious Sphere","floor":47,"gold_loss":0}],"is_beta":false,"boss_relics":[{"not_picked":["Busted Crown","Coffee Dripper"],"picked":"Runic Dome"},{"not_picked":["White Beast Statue","Pandora\u0027s Box"],"picked":"Empty Cage"}],"items_purged_floors":[3,13,19,36],"is_endless":false,"potions_floor_spawned":[4,12,18,20,30,37,48],"killed_by":"Donu and Deca","ascension_level":1}