{"gold_per_floor":[112,126,126,142,14,41,41,66,66,95,108,121,46,46,46,141,141,154,165,90,100,66,92,92,104,154,182,193,226,245,277,277,373,373,390,70,70,81,99,99,132,132,156,184,197,209,236,27,27,27,27,27,27,58,58],"floor_reached":56,"playtime":15648,"items_purged":["Strike_B","Defend_B"],"score":1638,"play_id":"7b5db724-1b72-4fa7-9093-e064ce66ef9b","local_time":"20190704002547","is_ascension_mode":true,"campfire_choices":[{"data":"Streamline","floor":7.0,"key":"SMITH"},{"data":"Dualcast","floor":15.0,"key":"SMITH"},{"data":"Seek","floor":24,"key":"SMITH"},{"floor":32,"key":"DIG"},{"data":"Seek","floor":40,"key":"SMITH"},{"floor":42,"key":"DIG"},{"floor":49,"key":"RECALL"},{"floor":52,"key":"DIG"}],"neow_cost":"NONE","seed_source_timestamp":0,"circlet_count":0,"master_deck":["Defend_B","Zap+1","Dualcast+1","Glacier","Compile Driver","Streamline+1","All For One","Self Repair","Rainbow","Heatsinks+1","Steam","Echo Form+1","Seek+1","Capacitor+1","Conserve Battery+1","Doom and Gloom+1","Coolheaded+1","Steam+1","Consume","Loop+1","Machine Learning+1","Chill","Consume+1","Loop+1","Storm+1","Seek+1","Barrage+1","White Noise","Purity","Capacitor+1","Creative AI+1","Buffer+1","Redo+1"],"special_seed":0,"relics":["Coffee Dripper","PreservedInsect","Frozen Egg 2","Pantograph","Astrolabe","Dream Catcher","Centennial Puzzle","Pen Nib","Mummified Hand","Shovel","FossilizedHelix","Runic Pyramid","Bottled Lightning","Ornamental Fan","Strawberry","Smiling Mask","Toxic Egg 2","Bag of Preparation","Dodecahedron","Blood Vial"],"potions_floor_usage":[27,29,31,33,33,46,50,50],"damage_taken":[{"damage":0.0,"enemies":"Small Slimes","floor":1.0,"turns":3.0},{"damage":0.0,"enemies":"Cultist","floor":2.0,"turns":3.0},{"damage":7.0,"enemies":"Jaw Worm","floor":4.0,"turns":4.0},{"damage":0.0,"enemies":"3 Sentries","floor":6.0,"turns":7.0},{"damage":2.0,"enemies":"Gremlin Nob","floor":8.0,"turns":4.0},{"damage":0.0,"enemies":"Lagavulin","floor":10.0,"turns":3.0},{"damage":14.0,"enemies":"Exordium Thugs","floor":11.0,"turns":4.0},{"damage":4.0,"enemies":"Looter","floor":12.0,"turns":4.0},{"damage":10.0,"enemies":"Hexaghost","floor":16.0,"turns":8.0},{"damage":22,"enemies":"2 Thieves","floor":18,"turns":4},{"damage":0,"enemies":"Spheric Guardian","floor":19,"turns":4},{"damage":0,"enemies":"Centurion and Healer","floor":21,"turns":6},{"damage":15,"enemies":"Book of Stabbing","floor":23,"turns":7},{"damage":4,"enemies":"Shelled Parasite and Fungi","floor":25,"turns":5},{"damage":2,"enemies":"Gremlin Leader","floor":27,"turns":6},{"damage":1,"enemies":"Cultist and Chosen","floor":28,"turns":7},{"damage":7,"enemies":"Book of Stabbing","floor":29,"turns":5},{"damage":0,"enemies":"Snake Plant","floor":30,"turns":4},{"damage":11,"enemies":"Gremlin Leader","floor":31,"turns":3},{"damage":0,"enemies":"Collector","floor":33,"turns":5},{"damage":0,"enemies":"3 Shapes","floor":35,"turns":4},{"damage":0,"enemies":"3 Darklings","floor":38,"turns":2},{"damage":0,"enemies":"Transient","floor":39,"turns":5},{"damage":0,"enemies":"Giant Head","floor":41,"turns":4},{"damage":0,"enemies":"Reptomancer","floor":44,"turns":3},{"damage":0,"enemies":"Jaw Worm Horde","floor":45,"turns":3},{"damage":0,"enemies":"3 Darklings","floor":46,"turns":3},{"damage":0,"enemies":"Giant Head","floor":47,"turns":5},{"damage":0,"enemies":"Time Eater","floor":50,"turns":7},{"damage":0,"enemies":"Shield and Spear","floor":54,"turns":3},{"damage":14,"enemies":"The Heart","floor":55,"turns":6}],"seed_played":"-8168066817746156409","potions_obtained":[{"floor":1.0,"key":"SteroidPotion"},{"floor":4.0,"key":"AttackPotion"},{"floor":11.0,"key":"Explosive Potion"},{"floor":12.0,"key":"Block Potion"},{"floor":19,"key":"FearPotion"},{"floor":28,"key":"SkillPotion"},{"floor":30,"key":"Energy Potion"},{"floor":31,"key":"Dexterity Potion"},{"floor":38,"key":"Weak Potion"},{"floor":39,"key":"FearPotion"},{"floor":45,"key":"Explosive Potion"}],"is_trial":false,"path_per_floor":["M","M","?","M","$","E","R","E","T","E","M","M","$","?","R","B",null,"M","M","?","M","$","E","R","M","T","E","M","E","M","E","R","B",null,"M","$","?","M","M","R","E","R","T","E","M","M","E","$","R","B",null,"R","$","E","B",null],"character_chosen":"DEFECT","items_purchased":["All For One","Fire Potion","Loop+1","Bottled Lightning","White Noise","Buffer+1"],"campfire_rested":0,"item_purchase_floors":[5,5,22,36,36,48],"current_hp_per_floor":[75,75,75,68,68,68,68,73,73,75,61,64,64,64,64,65,75,60,67,67,74,74,73,73,75,75,75,75,75,75,71,71,75,75,75,75,75,75,75,75,75,82,82,82,82,82,82,82,82,82,82,82,82,82,75],"gold":58,"neow_bonus":"BOSS_RELIC","is_prod":false,"is_daily":false,"chose_seed":false,"campfire_upgraded":4,"win_rate":1,"timestamp":1562225147,"path_taken":["M","M","?","M","?","E","R","E","T","E","?","M","$","?","R","BOSS","M","M","?","M","$","E","R","M","T","E","M","E","M","E","R","BOSS","M","$","?","M","?","R","E","R","T","E","M","M","E","$","R","BOSS","R","$","E","BOSS"],"build_version":"2019-07-01","purchased_purges":2,"victory":true,"max_hp_per_floor":[75,75,75,75,75,75,75,75,75,75,75,75,75,75,75,75,75,75,75,75,75,75,75,75,75,75,75,75,75,75,75,75,75,75,75,75,75,75,75,75,75,82,82,82,82,82,82,82,82,82,82,82,82,82,82],"card_choices":[{"not_picked":["BootSequence","Genetic Algorithm"],"picked":"Glacier","floor":1.0},{"not_picked":["Stack","Beam Cell"],"picked":"Compile Driver","floor":2.0},{"not_picked":["Turbo","Steam Power"],"picked":"Streamline","floor":4.0},{"not_picked":["Compile Driver","Meteor Strike"],"picked":"Self Repair","floor":6.0},{"not_picked":["Sweeping Beam","Redo"],"picked":"Rainbow","floor":8.0},{"not_picked":["Sunder","Redo"],"picked":"Heatsinks+1","floor":10.0},{"not_picked":["Ball Lightning","Rip and Tear","Cold Snap"],"picked":"SKIP","floor":11.0},{"not_picked":["Hello World+1","Compile Driver"],"picked":"Steam","floor":12.0},{"not_picked":["Machine Learning+1","Buffer+1"],"picked":"Seek","floor":16.0},{"not_picked":["Ball Lightning+1","Compile Driver+1"],"picked":"Coolheaded+1","floor":18},{"not_picked":["Beam Cell","Coolheaded+1"],"picked":"Steam+1","floor":19},{"not_picked":["Beam Cell","Rainbow"],"picked":"Consume","floor":21},{"not_picked":["Ball Lightning","Leap"],"picked":"Machine Learning+1","floor":23},{"not_picked":["Gash","Beam Cell"],"picked":"Chill","floor":25},{"not_picked":["Reinforced Body+1","Aggregate+1"],"picked":"Consume+1","floor":27},{"not_picked":["Glacier+1","BootSequence","Conserve Battery"],"picked":"SKIP","floor":28},{"not_picked":["Glacier+1","BootSequence","Conserve Battery"],"picked":"SKIP","floor":28},{"not_picked":["Steam","Self Repair+1"],"picked":"Loop+1","floor":29},{"not_picked":["Steam","Gash"],"picked":"Storm+1","floor":30},{"not_picked":["Genetic Algorithm+1","Coolheaded","Reinforced Body"],"picked":"SKIP","floor":31},{"not_picked":["Multi-Cast","Machine Learning+1"],"picked":"Seek","floor":33},{"not_picked":["Loop+1","Gash"],"picked":"Barrage+1","floor":35},{"not_picked":["Redo+1","Melter","Streamline"],"picked":"SKIP","floor":38},{"not_picked":["Ball Lightning+1","Gash"],"picked":"Capacitor+1","floor":39},{"not_picked":["Chill+1","Fusion+1"],"picked":"Creative AI+1","floor":41},{"not_picked":["Aggregate","Meteor Strike","Ball Lightning+1"],"picked":"SKIP","floor":44},{"not_picked":["Lockon+1","Gash","Streamline"],"picked":"SKIP","floor":45},{"not_picked":["Coolheaded+1","Chaos+1","Gash+1"],"picked":"SKIP","floor":46},{"not_picked":["Compile Driver","Gash+1","Coolheaded+1"],"picked":"SKIP","floor":47},{"not_picked":["Compile Driver","Lockon"],"picked":"Redo+1","floor":54}],"player_experience":144009,"relics_obtained":[{"floor":6.0,"key":"PreservedInsect"},{"floor":8.0,"key":"Frozen Egg 2"},{"floor":10.0,"key":"Pantograph"},{"floor":23,"key":"Dream Catcher"},{"floor":26,"key":"Centennial Puzzle"},{"floor":27,"key":"Pen Nib"},{"floor":29,"key":"Mummified Hand"},{"floor":31,"key":"Shovel"},{"floor":32,"key":"FossilizedHelix"},{"floor":41,"key":"Ornamental Fan"},{"floor":42,"key":"Strawberry"},{"floor":43,"key":"Smiling Mask"},{"floor":44,"key":"Toxic Egg 2"},{"floor":47,"key":"Bag of Preparation"},{"floor":52,"key":"Dodecahedron"},{"floor":54,"key":"Blood Vial"}],"event_choices":[{"damage_healed":0.0,"max_hp_gain":0.0,"max_hp_loss":0.0,"gold_gain":0.0,"event_name":"Accursed Blacksmith","player_choice":"Forge","floor":3.0,"gold_loss":0.0,"damage_taken":0.0,"cards_upgraded":["Zap"]},{"damage_healed":0.0,"max_hp_gain":0.0,"max_hp_loss":0.0,"gold_gain":0.0,"cards_transformed":["Strike_B"],"event_name":"Living Wall","player_choice":"Change","floor":14.0,"gold_loss":0.0,"damage_taken":0.0,"cards_obtained":["Echo Form"]},{"cards_removed":["Defend_B"],"damage_healed":0,"gold_gain":0,"player_choice":"Gave Gold","damage_taken":0,"max_hp_gain":0,"max_hp_loss":0,"event_name":"Beggar","floor":20,"gold_loss":75},{"damage_healed":0,"gold_gain":0,"player_choice":"1 cards matched","damage_taken":0,"max_hp_gain":0,"max_hp_loss":0,"event_name":"Match and Keep!","floor":37,"gold_loss":0,"cards_obtained":["Purity"]}],"is_beta":false,"boss_relics":[{"not_picked":["Snecko Eye","Tiny House"],"picked":"Astrolabe"},{"not_picked":["Eternal Feather","Black Star"],"picked":"Runic Pyramid"}],"items_purged_floors":[13,48],"is_endless":false,"potions_floor_spawned":[1,4,11,12,19,28,30,31,38,39,45],"ascension_level":2}