{"gold_per_floor":[113,130,147,158,158,183,183,108,108,108,147,147,167,185,185,306,306,331,352,97,97],"floor_reached":21,"playtime":2652,"items_purged":["Strike_G"],"score":183,"play_id":"9cb95c43-a6d7-4b50-be10-426aa9ffb348","local_time":"20190817202454","is_ascension_mode":false,"campfire_choices":[{"data":"Noxious Fumes","floor":7,"key":"SMITH"},{"data":"Neutralize","floor":10,"key":"SMITH"},{"data":"Venomology","floor":12,"key":"SMITH"},{"floor":15,"key":"REST"}],"neow_cost":"NONE","seed_source_timestamp":152759577554000,"circlet_count":0,"master_deck":["Strike_G","Strike_G","Strike_G","Strike_G","Defend_G","Defend_G","Defend_G","Defend_G","Defend_G","Survivor","Neutralize+1","Endless Agony","Calculated Gamble","Calculated Gamble","Endless Agony","Noxious Fumes+1","Venomology+1","Deflect","Envenom"],"relics":["Sozu","Golden Idol","Singing Bowl","Ornamental Fan","WristBlade","Toxic Egg 2"],"potions_floor_usage":[],"damage_taken":[{"damage":0,"enemies":"Small Slimes","floor":1,"turns":4},{"damage":4,"enemies":"Jaw Worm","floor":2,"turns":4},{"damage":0,"enemies":"2 Louse","floor":3,"turns":2},{"damage":21,"enemies":"Lots of Slimes","floor":4,"turns":7},{"damage":0,"enemies":"Red Slaver","floor":6,"turns":4},{"damage":24,"enemies":"3 Sentries","floor":11,"turns":9},{"damage":2,"enemies":"Looter","floor":13,"turns":5},{"damage":4,"enemies":"2 Fungi Beasts","floor":14,"turns":4},{"damage":28,"enemies":"Hexaghost","floor":16,"turns":13},{"damage":45,"enemies":"Chosen","floor":18,"turns":9},{"damage":0,"enemies":"Shell Parasite","floor":19,"turns":8},{"damage":28,"enemies":"Centurion and Healer","floor":21,"turns":8}],"seed_played":"5075545043080803984","potions_obtained":[],"is_trial":false,"path_per_floor":["M","M","M","M","?","M","R","$","T","R","E","R","M","M","R","B",null,"M","M","$","M"],"character_chosen":"THE_SILENT","items_purchased":["Toxic Egg 2"],"campfire_rested":1,"item_purchase_floors":[20],"current_hp_per_floor":[70,66,66,45,45,45,45,45,45,45,21,21,19,17,37,9,67,24,26,26,0],"gold":97,"neow_bonus":"BOSS_RELIC","is_prod":false,"is_daily":false,"chose_seed":false,"campfire_upgraded":3,"win_rate":0.0,"timestamp":1566098694,"path_taken":["M","M","M","M","?","M","R","?","T","R","E","R","M","M","R","BOSS","M","M","$","M"],"build_version":"2019-07-17","purchased_purges":1,"victory":false,"max_hp_per_floor":[70,70,70,70,65,65,65,65,65,65,65,65,65,67,67,67,67,69,71,71,71],"card_choices":[{"not_picked":["Masterful Stab","Acrobatics"],"picked":"Endless Agony","floor":1},{"not_picked":["Well Laid Plans","Masterful Stab"],"picked":"Calculated Gamble","floor":2},{"not_picked":["Footwork","Masterful Stab"],"picked":"Calculated Gamble","floor":3},{"not_picked":["Backflip","Underhanded Strike"],"picked":"Endless Agony","floor":4},{"not_picked":["Blade Dance","Eviscerate"],"picked":"Noxious Fumes","floor":6},{"not_picked":["Quick Slash","Prepared"],"picked":"Venomology","floor":11},{"not_picked":["Acrobatics","PiercingWail"],"picked":"Deflect","floor":13},{"not_picked":["Quick Slash","PiercingWail","Blade Dance"],"picked":"Singing Bowl","floor":14},{"not_picked":["Phantasmal Killer","Die Die Die"],"picked":"Envenom","floor":16},{"not_picked":["Predator","Dagger Spray+1","Slice"],"picked":"Singing Bowl","floor":18},{"not_picked":["Expertise","Masterful Stab","Bane"],"picked":"Singing Bowl","floor":19}],"player_experience":182919,"relics_obtained":[{"floor":9,"key":"Singing Bowl"},{"floor":11,"key":"Ornamental Fan"}],"event_choices":[{"damage_healed":0,"gold_gain":0,"player_choice":"Lose Max HP","damage_taken":0,"relics_obtained":["Golden Idol"],"max_hp_gain":0,"max_hp_loss":5,"event_name":"Golden Idol","floor":5,"gold_loss":0}],"is_beta":false,"boss_relics":[{"not_picked":["Philosopher\u0027s Stone","Orrery"],"picked":"WristBlade"}],"items_purged_floors":[8],"is_endless":false,"potions_floor_spawned":[1,11,13,14,16],"killed_by":"Centurion and Healer","ascension_level":0}