{"gold_per_floor":[117,134,144,31,45,72,91,91,91,91,163,128,28,42,42,147,147,166,184,284,300,55,55,55],"floor_reached":24,"playtime":1337,"items_purged":["Buffer","Biased Cognition","Amplify"],"score":218,"play_id":"823638e6-26c6-44b2-b483-b9f7dfdeca6d","local_time":"20190801094050","is_ascension_mode":true,"campfire_choices":[{"floor":8,"key":"REST"},{"floor":10,"key":"REST"},{"data":"Echo Form","floor":15,"key":"SMITH"},{"floor":23,"key":"REST"}],"neow_cost":"NONE","seed_source_timestamp":363255291057739,"circlet_count":0,"master_deck":["Zap","Dualcast","Conserve Battery","Melter","Capacitor","Coolheaded","Echo Form+1","Coolheaded","Hologram","Sunder","Beam Cell","Glacier","Turbo+1","Compile Driver","Cold Snap+1"],"relics":["Pandora\u0027s Box","Omamori","Du-Vu Doll","Empty Cage","Tiny Chest"],"potions_floor_usage":[6,19,21,21,21],"damage_taken":[{"damage":2,"enemies":"Cultist","floor":1,"turns":4},{"damage":8,"enemies":"2 Louse","floor":2,"turns":2},{"damage":8,"enemies":"Jaw Worm","floor":3,"turns":5},{"damage":9,"enemies":"2 Fungi Beasts","floor":5,"turns":3},{"damage":19,"enemies":"3 Sentries","floor":6,"turns":7},{"damage":25,"enemies":"Gremlin Gang","floor":7,"turns":5},{"damage":0,"enemies":"3 Louse","floor":14,"turns":4},{"damage":25,"enemies":"The Guardian","floor":16,"turns":10},{"damage":28,"enemies":"Shell Parasite","floor":18,"turns":6},{"damage":30,"enemies":"3 Byrds","floor":19,"turns":7},{"damage":18,"enemies":"3 Cultists","floor":21,"turns":6},{"damage":40,"enemies":"Slavers","floor":24,"turns":2}],"seed_played":"5683793616583149821","potions_obtained":[{"floor":3,"key":"PowerPotion"},{"floor":6,"key":"Poison Potion"},{"floor":7,"key":"Fire Potion"},{"floor":14,"key":"AttackPotion"},{"floor":16,"key":"Regen Potion"},{"floor":19,"key":"GamblersBrew"},{"floor":21,"key":"SpeedPotion"}],"is_trial":false,"path_per_floor":["M","M","M","$","M","E","M","R","T","R","?","?","$","M","R","B",null,"M","M","?","M","$","R","E"],"character_chosen":"DEFECT","items_purchased":["Sunder","Tiny Chest"],"campfire_rested":3,"item_purchase_floors":[4,22],"current_hp_per_floor":[73,65,57,57,48,29,4,26,26,48,48,66,66,66,66,41,75,47,32,32,14,14,36,0],"gold":55,"neow_bonus":"BOSS_RELIC","is_prod":false,"is_daily":false,"chose_seed":false,"campfire_upgraded":1,"win_rate":0,"timestamp":1564677650,"path_taken":["M","M","M","$","M","E","?","R","T","R","?","?","?","M","R","BOSS","M","M","?","?","$","R","E"],"build_version":"2019-07-17","purchased_purges":3,"victory":false,"max_hp_per_floor":[75,75,75,75,75,75,75,75,75,75,75,75,75,75,75,75,75,75,75,75,75,75,75,75],"card_choices":[{"not_picked":["Reprogram","Static Discharge"],"picked":"Coolheaded","floor":1},{"not_picked":["Stack","Compile Driver","Conserve Battery"],"picked":"SKIP","floor":2},{"not_picked":["Stack","Sweeping Beam"],"picked":"Hologram","floor":3},{"not_picked":["Compile Driver","Melter","Force Field"],"picked":"SKIP","floor":5},{"not_picked":["Redo","All For One"],"picked":"Heatsinks","floor":6},{"not_picked":["Go for the Eyes","Barrage"],"picked":"Beam Cell","floor":7},{"not_picked":["Cold Snap","Streamline"],"picked":"Glacier","floor":14},{"not_picked":["Meteor Strike","Electrodynamics"],"picked":"Amplify","floor":16},{"not_picked":["Conserve Battery","Stack"],"picked":"Turbo+1","floor":18},{"not_picked":["Beam Cell","Barrage"],"picked":"Compile Driver","floor":19},{"not_picked":["Hologram","Gash+1"],"picked":"Cold Snap+1","floor":21}],"player_experience":288397,"relics_obtained":[{"floor":6,"key":"Omamori"},{"floor":9,"key":"Du-Vu Doll"}],"event_choices":[{"damage_healed":0,"gold_gain":72,"player_choice":"Gained Gold","damage_taken":0,"max_hp_gain":0,"max_hp_loss":0,"event_name":"Golden Wing","floor":11,"gold_loss":0},{"damage_healed":18,"gold_gain":0,"player_choice":"Healed","damage_taken":0,"max_hp_gain":0,"max_hp_loss":0,"event_name":"The Cleric","floor":12,"gold_loss":35},{"damage_healed":0,"gold_gain":100,"player_choice":"Pray","damage_taken":0,"max_hp_gain":0,"max_hp_loss":0,"event_name":"Golden Shrine","floor":20,"gold_loss":0}],"is_beta":false,"boss_relics":[{"not_picked":["Calling Bell","Astrolabe"],"picked":"Empty Cage"}],"items_purged_floors":[4,13,22],"is_endless":false,"potions_floor_spawned":[3,6,7,14,16,19,21],"killed_by":"Slavers","ascension_level":2}