{"gold_per_floor":[116,191,116,116,137,170,170,170,170,29,29,29,29,60,60,60],"floor_reached":16,"playtime":572,"items_purged":["Strike_B","Defend_B"],"score":94,"play_id":"9759a1de-eba4-4117-ba89-332753d36457","local_time":"20190716184411","is_ascension_mode":false,"campfire_choices":[{"floor":7,"key":"REST"},{"floor":8,"key":"REST"},{"floor":11,"key":"REST"},{"floor":13,"key":"REST"},{"floor":15,"key":"REST"}],"neow_cost":"NONE","seed_source_timestamp":672786037908222,"circlet_count":0,"master_deck":["Strike_B","Strike_B","Strike_B","Defend_B","Defend_B","Defend_B","Zap","Dualcast","Deep Breath","Turbo","Stack","Self Repair","Melter"],"relics":["Cracked Core","Golden Idol","WingedGreaves","Matryoshka","Blood Vial","Odd Mushroom"],"potions_floor_usage":[],"damage_taken":[{"damage":0,"enemies":"2 Louse","floor":1,"turns":3},{"damage":5,"enemies":"Small Slimes","floor":5,"turns":4},{"damage":35,"enemies":"3 Sentries","floor":6,"turns":8},{"damage":41,"enemies":"The Mushroom Lair","floor":14,"turns":5},{"damage":47,"enemies":"The Guardian","floor":16,"turns":9}],"seed_played":"7179174370065344635","potions_obtained":[{"floor":1,"key":"Poison Potion"},{"floor":5,"key":"Block Potion"}],"is_trial":false,"path_per_floor":["M","?","$","?","M","E","R","R","T","$","R","?","R","?","R","B"],"character_chosen":"DEFECT","items_purchased":["Self Repair"],"campfire_rested":5,"item_purchase_floors":[10],"current_hp_per_floor":[75,64,64,46,41,6,28,50,50,50,72,30,52,20,42,0],"gold":60,"neow_bonus":"RANDOM_COLORLESS","is_prod":false,"is_daily":false,"chose_seed":false,"campfire_upgraded":0,"win_rate":0.0,"timestamp":1563327851,"path_taken":["M","?","$","?","M","E","R","R","T","$","R","?","R","?","R","BOSS"],"build_version":"2019-07-05","purchased_purges":2,"victory":false,"max_hp_per_floor":[75,75,75,75,75,75,75,75,75,75,75,75,75,75,75,75],"card_choices":[{"not_picked":["Compile Driver","Cold Snap"],"picked":"Turbo","floor":1},{"not_picked":["Rebound","Conserve Battery"],"picked":"Stack","floor":5},{"not_picked":["Doom and Gloom","Darkness","Ball Lightning"],"picked":"SKIP","floor":6},{"not_picked":["Sweeping Beam","Meteor Strike"],"picked":"Melter","floor":14}],"player_experience":134226,"relics_obtained":[{"floor":6,"key":"WingedGreaves"},{"floor":9,"key":"Matryoshka"},{"floor":14,"key":"Odd Mushroom"}],"event_choices":[{"damage_healed":0,"gold_gain":75,"player_choice":"Gather Gold","damage_taken":11,"max_hp_gain":0,"max_hp_loss":0,"event_name":"World of Goop","floor":2,"gold_loss":0},{"damage_healed":0,"gold_gain":0,"player_choice":"Take Damage","damage_taken":18,"relics_obtained":["Golden Idol"],"max_hp_gain":0,"max_hp_loss":0,"event_name":"Golden Idol","floor":4,"gold_loss":0},{"damage_healed":0,"gold_gain":0,"player_choice":"Success","damage_taken":42,"relics_obtained":["Blood Vial"],"max_hp_gain":0,"max_hp_loss":0,"event_name":"Scrap Ooze","floor":12,"gold_loss":0},{"damage_healed":0,"gold_gain":0,"player_choice":"Fought Mushrooms","damage_taken":0,"max_hp_gain":0,"max_hp_loss":0,"event_name":"Mushrooms","floor":14,"gold_loss":0}],"is_beta":false,"boss_relics":[],"items_purged_floors":[3,10],"is_endless":false,"potions_floor_spawned":[1,5],"killed_by":"The Guardian","ascension_level":0}