{"gold_per_floor":[118,137,154,171,182,208,208,221,221,256,267,278,278,291,291,392,392,392,302,257,257,257,257,257,257,257,257,257,257,257,257,257,257,257,257,257,257,257,257,257,257],"floor_reached":41,"playtime":2610,"items_purged":[],"score":484,"play_id":"1e4d1d51-c839-43bf-b80c-ed9801a4d4a8","local_time":"20190608224903","is_ascension_mode":false,"campfire_choices":[{"data":"1","floor":7,"key":"LIFT"},{"data":"2","floor":13,"key":"LIFT"},{"data":"3","floor":15,"key":"LIFT"},{"data":"Chill","floor":23,"key":"SMITH"},{"data":"Rainbow","floor":25,"key":"SMITH"},{"floor":32,"key":"REST"}],"neow_cost":"TEN_PERCENT_HP_LOSS","seed_source_timestamp":123888635968457,"circlet_count":0,"master_deck":["Strike_B","Strike_B","Strike_B","Defend_B","Defend_B","Defend_B","Defend_B+1","Zap","Dualcast","Rainbow+1","Cold Snap","Reinforced Body","BootSequence","Consume","Compile Driver","Ball Lightning","Glacier","Static Discharge","Seek","Go for the Eyes","Barrage","Chill+1","Fusion+1","Stack+1","Creative AI","Echo Form","Loop"],"relics":["Cracked Core","Girya","Dodecahedron","Boot","Ectoplasm","Bottled Flame","Mercury Hourglass","Kunai","Inserter"],"potions_floor_usage":[6,18,20,21,22,24,40],"damage_taken":[{"damage":0,"enemies":"Cultist","floor":1,"turns":4},{"damage":2,"enemies":"Jaw Worm","floor":2,"turns":4},{"damage":0,"enemies":"2 Louse","floor":3,"turns":3},{"damage":3,"enemies":"Looter","floor":4,"turns":4},{"damage":0,"enemies":"Large Slime","floor":5,"turns":6},{"damage":14,"enemies":"Gremlin Nob","floor":6,"turns":4},{"damage":4,"enemies":"3 Louse","floor":8,"turns":3},{"damage":14,"enemies":"Lagavulin","floor":10,"turns":6},{"damage":0,"enemies":"Gremlin Gang","floor":11,"turns":4},{"damage":0,"enemies":"Large Slime","floor":12,"turns":3},{"damage":0,"enemies":"Looter","floor":14,"turns":2},{"damage":3,"enemies":"Slime Boss","floor":16,"turns":8},{"damage":0,"enemies":"3 Byrds","floor":18,"turns":3},{"damage":0,"enemies":"2 Thieves","floor":20,"turns":3},{"damage":0,"enemies":"Centurion and Healer","floor":21,"turns":6},{"damage":3,"enemies":"Snecko","floor":22,"turns":4},{"damage":33,"enemies":"Gremlin Leader","floor":24,"turns":9},{"damage":7,"enemies":"Snake Plant","floor":27,"turns":3},{"damage":3,"enemies":"Book of Stabbing","floor":28,"turns":6},{"damage":0,"enemies":"Chosen and Byrds","floor":29,"turns":4},{"damage":1,"enemies":"Sentry and Sphere","floor":30,"turns":5},{"damage":4,"enemies":"Snecko","floor":31,"turns":5},{"damage":11,"enemies":"Champ","floor":33,"turns":19},{"damage":0,"enemies":"3 Shapes","floor":35,"turns":3},{"damage":3,"enemies":"Orb Walker","floor":36,"turns":3},{"damage":0,"enemies":"Spire Growth","floor":38,"turns":5},{"damage":24,"enemies":"3 Darklings","floor":39,"turns":5},{"damage":20,"enemies":"Sphere and 2 Shapes","floor":40,"turns":7},{"damage":36,"enemies":"Spire Growth","floor":41,"turns":3}],"seed_played":"-1113133958692133426","potions_obtained":[{"floor":3,"key":"SmokeBomb"},{"floor":5,"key":"PowerPotion"},{"floor":6,"key":"Swift Potion"},{"floor":11,"key":"SteroidPotion"},{"floor":12,"key":"Weak Potion"},{"floor":14,"key":"LiquidBronze"},{"floor":18,"key":"Explosive Potion"},{"floor":20,"key":"PowerPotion"},{"floor":21,"key":"Ancient Potion"},{"floor":29,"key":"Dexterity Potion"},{"floor":30,"key":"FearPotion"},{"floor":36,"key":"Regen Potion"}],"is_trial":false,"path_per_floor":["M","M","M","M","M","E","R","M","T","E","M","M","R","M","R","B",null,"M","?","M","M","M","R","E","R","T","M","E","M","M","M","R","B",null,"M","M","?","M","M","M","M"],"character_chosen":"DEFECT","items_purchased":[],"campfire_rested":1,"item_purchase_floors":[],"current_hp_per_floor":[68,66,66,63,63,49,49,45,45,31,31,31,31,31,31,28,68,68,68,68,68,65,65,32,32,32,25,22,22,21,17,37,26,68,68,65,65,65,41,36,0],"gold":257,"neow_bonus":"THREE_RARE_CARDS","is_prod":false,"is_daily":false,"chose_seed":false,"campfire_upgraded":2,"win_rate":0,"timestamp":1560052143,"path_taken":["M","M","M","?","M","E","R","M","T","E","M","M","R","M","R","BOSS","M","?","M","M","M","R","E","R","T","M","E","M","?","M","R","BOSS","M","M","?","M","M","M","M"],"build_version":"2019-01-23","purchased_purges":0,"victory":false,"max_hp_per_floor":[68,68,68,68,68,68,68,68,68,68,68,68,68,68,68,68,68,68,68,68,68,68,68,68,68,68,68,68,68,68,68,68,68,68,68,68,68,68,68,68,68],"card_choices":[{"not_picked":["Amplify","Creative AI"],"picked":"Rainbow","floor":0},{"not_picked":["Aggregate","Sweeping Beam"],"picked":"Cold Snap","floor":1},{"not_picked":["Redo","Coolheaded"],"picked":"Reinforced Body","floor":2},{"not_picked":["Skim","Streamline"],"picked":"BootSequence","floor":3},{"not_picked":["Lockon","Conserve Battery"],"picked":"Consume","floor":4},{"not_picked":["Aggregate","Leap","Streamline"],"picked":"SKIP","floor":5},{"not_picked":["Thunder Strike","Reprogram","Streamline"],"picked":"SKIP","floor":6},{"not_picked":["Chill","Stack"],"picked":"Compile Driver","floor":8},{"not_picked":["Conserve Battery","BootSequence"],"picked":"Ball Lightning","floor":10},{"not_picked":["Coolheaded","Rebound"],"picked":"Glacier","floor":11},{"not_picked":["Beam Cell","White Noise","Glacier"],"picked":"SKIP","floor":12},{"not_picked":["Leap","Skim"],"picked":"Static Discharge","floor":14},{"not_picked":["Amplify","Meteor Strike"],"picked":"Seek","floor":16},{"not_picked":["Steam","Rebound"],"picked":"Go for the Eyes","floor":18},{"not_picked":["Leap","Aggregate"],"picked":"Barrage","floor":20},{"not_picked":["Ball Lightning","BootSequence","Chill"],"picked":"SKIP","floor":21},{"not_picked":["Ball Lightning","BootSequence"],"picked":"Chill","floor":21},{"not_picked":["Barrage","Steam+1"],"picked":"Fusion+1","floor":22},{"not_picked":["Force Field","Recycle+1","Sweeping Beam"],"picked":"SKIP","floor":24},{"not_picked":["Heatsinks+1","Compile Driver"],"picked":"Stack+1","floor":27},{"not_picked":["Darkness","Force Field+1","Steam"],"picked":"SKIP","floor":28},{"not_picked":["Fusion","Compile Driver"],"picked":"Creative AI","floor":29},{"not_picked":["Sweeping Beam","Go for the Eyes","Tempest"],"picked":"SKIP","floor":30},{"not_picked":["Sweeping Beam","Barrage","Stack+1"],"picked":"SKIP","floor":31},{"not_picked":["Multi-Cast","Fission"],"picked":"Echo Form","floor":33},{"not_picked":["Skim+1","Auto Shields","Conserve Battery"],"picked":"SKIP","floor":35},{"not_picked":["Rip and Tear+1","Reprogram+1","Stack+1"],"picked":"SKIP","floor":36},{"not_picked":["FTL","Lockon+1","Genetic Algorithm+1"],"picked":"SKIP","floor":38},{"not_picked":["Lockon","Stack+1"],"picked":"Loop","floor":39},{"not_picked":["Streamline","White Noise+1","Coolheaded"],"picked":"SKIP","floor":40}],"player_experience":148575,"relics_obtained":[{"floor":6,"key":"Girya"},{"floor":9,"key":"Dodecahedron"},{"floor":10,"key":"Boot"},{"floor":24,"key":"Bottled Flame"},{"floor":26,"key":"Mercury Hourglass"},{"floor":28,"key":"Kunai"}],"event_choices":[{"cards_removed":["Strike_B"],"damage_healed":0,"gold_gain":0,"player_choice":"Upgrade and Remove","damage_taken":0,"max_hp_gain":0,"max_hp_loss":0,"event_name":"Designer","floor":19,"gold_loss":90,"cards_upgraded":["Defend_B"]},{"damage_healed":0,"gold_gain":100,"player_choice":"Pray","damage_taken":0,"max_hp_gain":0,"max_hp_loss":0,"event_name":"Golden Shrine","floor":37,"gold_loss":0}],"is_beta":false,"boss_relics":[{"not_picked":["Coffee Dripper","Tiny House"],"picked":"Ectoplasm"},{"not_picked":["Runic Pyramid","White Beast Statue"],"picked":"Inserter"}],"items_purged_floors":[],"is_endless":false,"potions_floor_spawned":[3,5,6,11,12,14,18,20,21,29,30,36],"killed_by":"Spire Growth","ascension_level":0}