{"gold_per_floor":[109,109,128,128,128,160,210,210,210,235,235,267,267,282,282,357,357,376,39,39,57,77,77,107,22,46,46,46,59,24,37,37,111,111,131,131,141,3,0,0,0,34,73,85,197,229,241,265,277,289],"floor_reached":51,"playtime":2406,"items_purged":["Strike_G"],"score":1340,"play_id":"fee0b413-0199-40b1-8f55-256e6c9de6f6","local_time":"20190718221056","is_ascension_mode":true,"campfire_choices":[{"data":"Noxious Fumes","floor":8.0,"key":"SMITH"},{"floor":11.0,"key":"REST"},{"floor":13.0,"key":"REST"},{"data":"Infinite Blades","floor":15.0,"key":"SMITH"},{"floor":23.0,"key":"REST"},{"data":"Catalyst","floor":32.0,"key":"SMITH"},{"data":"Bandage Up","floor":40,"key":"SMITH"},{"data":"Malaise","floor":44,"key":"SMITH"},{"floor":47,"key":"REST"},{"data":"Noxious Fumes","floor":49,"key":"SMITH"}],"neow_cost":"NONE","seed_source_timestamp":771554339717501,"circlet_count":0,"master_deck":["AscendersBane","Strike_G","Strike_G","Strike_G","Defend_G","Defend_G","Defend_G","Defend_G","Defend_G","Survivor","Neutralize+1","Choke","Escape Plan","Bouncing Flask","Noxious Fumes+1","Noxious Fumes+1","PiercingWail","Infinite Blades+1","Malaise+1","Deflect","Noxious Fumes+1","Catalyst+1","Corpse Explosion","Bandage Up+1","PiercingWail"],"special_seed":0,"relics":["Ring of the Snake","The Courier","Omamori","Ninja Scroll","Art of War","Dead Branch","Runic Pyramid","Shuriken","Frozen Egg 2","Vajra","Lantern","WarpedTongs","HoveringKite","PreservedInsect","Red Mask","MawBank","Snake Skull","FossilizedHelix"],"potions_floor_usage":[],"damage_taken":[{"damage":1.0,"enemies":"Cultist","floor":1.0,"turns":4.0},{"damage":3.0,"enemies":"Small Slimes","floor":3.0,"turns":5.0},{"damage":12.0,"enemies":"3 Sentries","floor":6.0,"turns":8.0},{"damage":38.0,"enemies":"Gremlin Nob","floor":10.0,"turns":5.0},{"damage":19.0,"enemies":"3 Sentries","floor":12.0,"turns":6.0},{"damage":1.0,"enemies":"Jaw Worm","floor":14.0,"turns":4.0},{"damage":14.0,"enemies":"Slime Boss","floor":16.0,"turns":7.0},{"damage":25.0,"enemies":"2 Thieves","floor":18.0,"turns":4.0},{"damage":1.0,"enemies":"Chosen","floor":21.0,"turns":4.0},{"damage":30.0,"enemies":"Snake Plant","floor":22.0,"turns":6.0},{"damage":10.0,"enemies":"Book of Stabbing","floor":24.0,"turns":5.0},{"damage":0.0,"enemies":"Snecko","floor":29.0,"turns":4.0},{"damage":3.0,"enemies":"Cultist and Chosen","floor":31.0,"turns":5.0},{"damage":33,"enemies":"Collector","floor":33,"turns":6},{"damage":10,"enemies":"3 Shapes","floor":35,"turns":3},{"damage":5,"enemies":"3 Darklings","floor":37,"turns":4},{"damage":2,"enemies":"Nemesis","floor":42,"turns":7},{"damage":0,"enemies":"Mind Bloom Boss Battle","floor":45,"turns":5},{"damage":15,"enemies":"Writhing Mass","floor":46,"turns":6},{"damage":1,"enemies":"4 Shapes","floor":48,"turns":3},{"damage":45,"enemies":"Time Eater","floor":50,"turns":8}],"seed_played":"-8903430413841004657","potions_obtained":[{"floor":3.0,"key":"Fire Potion"},{"floor":6.0,"key":"Regen Potion"},{"floor":10.0,"key":"SneckoOil"},{"floor":18.0,"key":"Strength Potion"},{"floor":22.0,"key":"FearPotion"},{"floor":33,"key":"Fire Potion"},{"floor":37,"key":"Regen Potion"}],"is_trial":false,"path_per_floor":["M","?","M","?","?","E","T","R","T","E","R","E","R","M","R","B",null,"M","$","?","M","M","R","E","?","T","?","?","M","$","M","R","B",null,"M","?","M","$","?","R","?","E","T","R","?","M","R","M","R","B",null],"character_chosen":"THE_SILENT","items_purchased":["Shuriken","Regen Potion","Catalyst","PreservedInsect"],"campfire_rested":4,"item_purchase_floors":[19,19,30,38],"current_hp_per_floor":[58,58,55,60,60,48,48,48,48,24,45,26,47,46,46,32,61,36,36,36,35,20,41,31,31,31,45,45,45,45,42,42,9,56,46,46,45,45,45,45,45,49,49,49,55,46,66,67,67,22],"gold":301,"neow_bonus":"THREE_CARDS","is_prod":false,"is_daily":false,"chose_seed":false,"campfire_upgraded":6,"win_rate":0,"timestamp":1563505856,"path_taken":["M","?","?","?","?","E","?","R","T","E","R","E","R","M","R","BOSS","M","$","?","M","M","R","E","?","T","?","?","?","?","M","R","BOSS","M","?","M","$","?","R","?","E","T","R","?","M","R","M","R","BOSS"],"build_version":"2019-07-17","purchased_purges":1,"victory":true,"max_hp_per_floor":[66,66,66,71,71,71,71,71,71,71,71,71,71,71,71,71,71,71,71,71,71,71,71,71,71,71,71,71,71,71,71,71,71,71,71,71,71,71,71,71,67,67,67,67,67,67,67,67,67,67],"card_choices":[{"not_picked":["Outmaneuver","PiercingWail"],"picked":"Choke","floor":0.0},{"not_picked":["Sucker Punch","Skewer"],"picked":"Escape Plan","floor":1.0},{"not_picked":["Choke","Bane"],"picked":"Bouncing Flask","floor":3.0},{"not_picked":["Deadly Poison","All Out Attack"],"picked":"Noxious Fumes","floor":6.0},{"not_picked":["Burst","Poisoned Stab"],"picked":"Noxious Fumes","floor":10.0},{"not_picked":["Slice","Deadly Poison"],"picked":"PiercingWail","floor":12.0},{"not_picked":["PiercingWail","Poisoned Stab"],"picked":"Infinite Blades","floor":14.0},{"not_picked":["Wraith Form v2","Envenom"],"picked":"Malaise","floor":16.0},{"not_picked":["All Out Attack","Flying Knee","Dagger Throw"],"picked":"SKIP","floor":18.0},{"not_picked":["Blade Dance","Prepared","Flying Knee"],"picked":"SKIP","floor":21.0},{"not_picked":["All Out Attack","Poisoned Stab"],"picked":"Deflect","floor":22.0},{"not_picked":["Escape Plan","Setup","Quick Slash"],"picked":"SKIP","floor":24.0},{"not_picked":["Envenom+1","Crippling Poison"],"picked":"Noxious Fumes+1","floor":29.0},{"not_picked":["Deadly Poison","Underhanded Strike+1","Blade Dance"],"picked":"SKIP","floor":31.0},{"not_picked":["Venomology","Envenom+1"],"picked":"Corpse Explosion","floor":33},{"not_picked":["Quick Slash","Eviscerate","Dash"],"picked":"SKIP","floor":35},{"not_picked":["Secret Weapon","Trip"],"picked":"Bandage Up","floor":36},{"not_picked":["Backflip+1","Skewer"],"picked":"PiercingWail","floor":37},{"not_picked":["Setup","Terror","Flying Knee"],"picked":"SKIP","floor":42},{"not_picked":["Bouncing Flask+1","Dagger Throw","Outmaneuver"],"picked":"SKIP","floor":46},{"not_picked":["Underhanded Strike","Slice+1","Dagger Throw"],"picked":"SKIP","floor":48}],"player_experience":387705,"relics_obtained":[{"floor":6.0,"key":"The Courier"},{"floor":7.0,"key":"Omamori"},{"floor":9.0,"key":"Ninja Scroll"},{"floor":10.0,"key":"Art of War"},{"floor":12.0,"key":"Dead Branch"},{"floor":24.0,"key":"Frozen Egg 2"},{"floor":26.0,"key":"Lantern"},{"floor":42,"key":"MawBank"},{"floor":43,"key":"Snake Skull"},{"floor":45,"key":"FossilizedHelix"}],"event_choices":[{"cards_removed":["Strike_G"],"damage_healed":0.0,"max_hp_gain":0.0,"max_hp_loss":0.0,"gold_gain":0.0,"event_name":"Bonfire Elementals","player_choice":"Offered Basic","floor":2.0,"gold_loss":0.0,"damage_taken":0.0},{"damage_healed":0.0,"max_hp_gain":5.0,"max_hp_loss":0.0,"gold_gain":0.0,"event_name":"Big Fish","player_choice":"Donut","floor":4.0,"gold_loss":0.0,"damage_taken":0.0},{"damage_healed":0.0,"max_hp_gain":0.0,"max_hp_loss":0.0,"gold_gain":0.0,"event_name":"Living Wall","player_choice":"Grow","floor":5.0,"gold_loss":0.0,"damage_taken":0.0,"cards_upgraded":["Neutralize"]},{"damage_healed":0.0,"max_hp_gain":0.0,"max_hp_loss":0.0,"gold_gain":0.0,"event_name":"Forgotten Altar","player_choice":"Smashed Altar","floor":20.0,"gold_loss":0.0,"damage_taken":0.0,"cards_obtained":["Decay"]},{"damage_healed":0.0,"max_hp_gain":0.0,"max_hp_loss":0.0,"gold_gain":0.0,"event_name":"Addict","player_choice":"Obtained Relic","floor":25.0,"gold_loss":85.0,"damage_taken":0.0,"relics_obtained":["Vajra"]},{"damage_healed":14.0,"max_hp_gain":0.0,"max_hp_loss":0.0,"gold_gain":0.0,"event_name":"The Library","player_choice":"Heal","floor":27.0,"gold_loss":0.0,"damage_taken":0.0},{"damage_healed":0.0,"max_hp_gain":0.0,"max_hp_loss":0.0,"gold_gain":0.0,"event_name":"Accursed Blacksmith","player_choice":"Rummage","floor":28.0,"gold_loss":0.0,"damage_taken":0.0,"relics_obtained":["WarpedTongs"],"cards_obtained":["Pain"]},{"damage_healed":0,"gold_gain":0,"player_choice":"Memory 1","damage_taken":0,"max_hp_gain":0,"max_hp_loss":0,"event_name":"SensoryStone","floor":36,"gold_loss":0},{"damage_healed":0,"gold_gain":0,"player_choice":"Paid","damage_taken":0,"relics_obtained":["Red Mask"],"max_hp_gain":0,"max_hp_loss":0,"event_name":"Tomb of Lord Red Mask","floor":39,"gold_loss":3},{"damage_healed":0,"gold_gain":0,"player_choice":"Max HP","damage_taken":0,"max_hp_gain":0,"max_hp_loss":4,"event_name":"Winding Halls","floor":41,"gold_loss":0},{"damage_healed":0,"gold_gain":0,"player_choice":"Fight","damage_taken":0,"max_hp_gain":0,"max_hp_loss":0,"event_name":"MindBloom","floor":45,"gold_loss":0}],"is_beta":false,"boss_relics":[{"not_picked":["Busted Crown","Fusion Hammer"],"picked":"Runic Pyramid"},{"not_picked":["Snecko Eye","Calling Bell"],"picked":"HoveringKite"}],"items_purged_floors":[19],"is_endless":false,"potions_floor_spawned":[3,6,10,18,22,33,37],"ascension_level":17}