{"gold_per_floor":[17,17,28,38,49,49,74,94,94,124,138,138,158,186,186,260,260,279,279,75,87,107,137,137,170,170,170,186,186,200,200,200,271,271,290,290,290,26,40,68,68,98,125,157,157,175,175,175,175,175,175,175,175,50,83,83],"floor_reached":57,"playtime":6160,"items_purged":["Zap","Streamline","Hyperbeam"],"score":2975,"play_id":"Baalorlord-b542809d","local_time":"20190702155846","is_ascension_mode":true,"campfire_choices":[{"data":"Lockon","floor":6,"key":"SMITH"},{"data":"Go for the Eyes","floor":12,"key":"SMITH"},{"data":"Static Discharge","floor":15,"key":"SMITH"},{"data":"Fission","floor":24,"key":"SMITH"},{"data":"Seek","floor":27,"key":"SMITH"},{"data":"Biased Cognition","floor":29,"key":"SMITH"},{"data":"Coolheaded","floor":32,"key":"SMITH"},{"floor":41,"key":"RECALL"},{"data":"Capacitor","floor":45,"key":"SMITH"},{"data":"Loop","floor":49,"key":"SMITH"},{"data":"Turbo","floor":53,"key":"SMITH"}],"neow_cost":"NO_GOLD","seed_source_timestamp":709950523243800,"circlet_count":0,"master_deck":["AscendersBane","Dualcast","Glacier","Lockon+1","Tempest","Skim","Coolheaded+1","Seek+1","Static Discharge+1","Turbo","Biased Cognition+1","Machine Learning","Lockon","Echo Form","Stack","Echo Form","BootSequence","Fission+1","Turbo+1","Storm","Leap","Self Repair","Steam+1","Ball Lightning","Genetic Algorithm","Reinforced Body","Reprogram+1","Echo Form","Amplify+1","Capacitor+1","Finesse+1","PanicButton+1","Impatience+1","Reboot+1","Undo+1","Coolheaded+1","Consume+1","Loop+1"],"relics":["Cracked Core","Vajra","Mercury Hourglass","Lantern","Incense Burner","Pandora\u0027s Box","Mummified Hand","Omamori","Toxic Egg 2","Nilry\u0027s Codex","Black Star","Oddly Smooth Stone","Singing Bowl","Ice Cream","Mango","Molten Egg 2","Pear","Art of War","Shuriken"],"potions_floor_usage":[5,14,23,25,44,56,56],"damage_taken":[{"damage":0,"enemies":"2 Louse","floor":1,"turns":3},{"damage":0,"enemies":"Cultist","floor":3,"turns":3},{"damage":1,"enemies":"Jaw Worm","floor":4,"turns":3},{"damage":4,"enemies":"Red Slaver","floor":5,"turns":4},{"damage":19,"enemies":"Lagavulin","floor":7,"turns":9},{"damage":0,"enemies":"3 Louse","floor":8,"turns":2},{"damage":10,"enemies":"3 Sentries","floor":10,"turns":4},{"damage":0,"enemies":"Blue Slaver","floor":11,"turns":2},{"damage":0,"enemies":"2 Fungi Beasts","floor":13,"turns":2},{"damage":6,"enemies":"Gremlin Nob","floor":14,"turns":3},{"damage":24,"enemies":"Hexaghost","floor":16,"turns":4},{"damage":11,"enemies":"Shell Parasite","floor":18,"turns":4},{"damage":13,"enemies":"3 Byrds","floor":21,"turns":3},{"damage":0,"enemies":"Snecko","floor":22,"turns":10},{"damage":10,"enemies":"Book of Stabbing","floor":23,"turns":4},{"damage":22,"enemies":"Gremlin Leader","floor":25,"turns":6},{"damage":0,"enemies":"Centurion and Healer","floor":28,"turns":9},{"damage":5,"enemies":"Chosen and Byrds","floor":30,"turns":2},{"damage":8,"enemies":"Champ","floor":33,"turns":9},{"damage":7,"enemies":"3 Darklings","floor":35,"turns":3},{"damage":0,"enemies":"3 Shapes","floor":39,"turns":5},{"damage":11,"enemies":"Nemesis","floor":40,"turns":5},{"damage":2,"enemies":"Reptomancer","floor":42,"turns":2},{"damage":0,"enemies":"Nemesis","floor":44,"turns":5},{"damage":0,"enemies":"Sphere and 2 Shapes","floor":46,"turns":5},{"damage":0,"enemies":"Donu and Deca","floor":50,"turns":5},{"damage":1,"enemies":"Time Eater","floor":51,"turns":31},{"damage":0,"enemies":"Shield and Spear","floor":55,"turns":6},{"damage":9,"enemies":"The Heart","floor":56,"turns":6}],"seed_played":"-920377982544794233","potions_obtained":[{"floor":1,"key":"Swift Potion"},{"floor":3,"key":"Strength Potion"},{"floor":7,"key":"FocusPotion"},{"floor":16,"key":"FearPotion"},{"floor":18,"key":"GamblersBrew"},{"floor":30,"key":"Poison Potion"},{"floor":40,"key":"Explosive Potion"},{"floor":42,"key":"Strength Potion"},{"floor":46,"key":"Swift Potion"}],"is_trial":false,"path_per_floor":["M","?","M","M","M","R","E","M","T","E","M","R","M","E","R","B",null,"M","?","$","M","M","E","R","E","T","R","M","R","M","?","R","B",null,"M","?","?","$","M","E","R","E","T","E","R","M","?","?","R","B","B",null,"R","$","E","B",null],"character_chosen":"DEFECT","items_purchased":["Leap","Self Repair","Reboot+1"],"campfire_rested":0,"item_purchase_floors":[20,20,38],"current_hp_per_floor":[78,78,78,77,73,73,54,54,54,44,44,44,44,38,38,14,67,56,56,56,43,57,61,61,46,46,46,60,60,55,34,34,40,74,74,74,64,64,78,74,74,88,88,105,105,111,111,111,111,111,111,111,111,111,113,113],"gold":83,"neow_bonus":"TWENTY_PERCENT_HP_BONUS","is_prod":false,"is_daily":false,"chose_seed":false,"campfire_upgraded":10,"win_rate":0,"timestamp":1562097526,"path_taken":["M","?","M","?","M","R","E","M","T","E","?","R","M","E","R","BOSS","M","?","$","M","?","E","R","E","T","R","M","R","M","?","R","BOSS","M","?","?","$","M","E","R","E","T","E","R","M","?","?","R","BOSS","BOSS","R","$","E","BOSS"],"build_version":"2019-07-01","purchased_purges":3,"victory":true,"max_hp_per_floor":[85,85,85,85,85,85,85,85,85,85,85,85,85,85,85,85,85,85,85,85,85,85,85,85,85,85,85,85,85,85,85,85,85,85,85,85,85,85,85,85,85,101,101,111,111,111,111,111,111,111,111,111,111,111,113,113],"card_choices":[{"not_picked":["White Noise","Gash"],"picked":"Glacier","floor":1},{"not_picked":["Sweeping Beam","Turbo"],"picked":"Go for the Eyes","floor":3},{"not_picked":["Chaos","Steam Power"],"picked":"Tempest","floor":4},{"not_picked":["Beam Cell","BootSequence"],"picked":"Skim","floor":5},{"not_picked":["Blizzard","Gash"],"picked":"Hyperbeam","floor":7},{"not_picked":["Conserve Battery","Gash"],"picked":"Coolheaded","floor":8},{"not_picked":["Streamline","Gash"],"picked":"Seek","floor":10},{"not_picked":["Barrage","Cold Snap"],"picked":"Static Discharge","floor":11},{"not_picked":["Stack","Gash","Chaos"],"picked":"SKIP","floor":13},{"not_picked":["Barrage","Undo"],"picked":"Turbo","floor":14},{"not_picked":["Seek","Electrodynamics"],"picked":"Biased Cognition","floor":16},{"not_picked":["BootSequence","Go for the Eyes"],"picked":"Turbo","floor":18},{"not_picked":["Rebound","Hologram"],"picked":"Steam+1","floor":21},{"not_picked":["Scrape+1","Gash"],"picked":"Ball Lightning","floor":22},{"not_picked":["Capacitor","Leap"],"picked":"Genetic Algorithm","floor":23},{"not_picked":["Sunder","Barrage"],"picked":"Reinforced Body","floor":25},{"not_picked":["Go for the Eyes","Steam+1"],"picked":"Reprogram+1","floor":28},{"not_picked":["Ball Lightning+1","Turbo+1"],"picked":"Echo Form","floor":30},{"not_picked":["Multi-Cast+1","All For One"],"picked":"Amplify+1","floor":33},{"not_picked":["Reinforced Body+1","Recycle+1"],"picked":"Capacitor","floor":35},{"not_picked":["Enlightenment+1","Mind Blast"],"picked":"Finesse+1","floor":37},{"not_picked":["Mind Blast","Mayhem"],"picked":"PanicButton+1","floor":37},{"not_picked":["Jack Of All Trades+1","Thinking Ahead+1"],"picked":"Impatience+1","floor":37},{"not_picked":["Steam+1","Scrape+1"],"picked":"Undo+1","floor":39},{"not_picked":["Ball Lightning","Rainbow+1"],"picked":"Coolheaded+1","floor":40},{"not_picked":["Blizzard","Gash+1","Leap+1"],"picked":"Singing Bowl","floor":42},{"not_picked":["Fusion+1","BootSequence+1"],"picked":"Consume+1","floor":44},{"not_picked":["Hello World","Recycle+1"],"picked":"Loop","floor":46},{"not_picked":["Aggregate+1","Redo+1","Streamline+1"],"picked":"Singing Bowl","floor":55}],"player_experience":1680680,"relics_obtained":[{"floor":7,"key":"Vajra"},{"floor":9,"key":"Mercury Hourglass"},{"floor":10,"key":"Lantern"},{"floor":14,"key":"Incense Burner"},{"floor":23,"key":"Mummified Hand"},{"floor":25,"key":"Omamori"},{"floor":26,"key":"Toxic Egg 2"},{"floor":31,"key":"Nilry\u0027s Codex"},{"floor":40,"key":"Oddly Smooth Stone"},{"floor":40,"key":"Singing Bowl"},{"floor":42,"key":"Ice Cream"},{"floor":42,"key":"Mango"},{"floor":44,"key":"Molten Egg 2"},{"floor":44,"key":"Pear"},{"floor":55,"key":"Art of War"},{"floor":55,"key":"Shuriken"}],"event_choices":[{"damage_healed":0,"gold_gain":0,"player_choice":"1 cards matched","damage_taken":0,"max_hp_gain":0,"max_hp_loss":0,"event_name":"Match and Keep!","floor":2,"gold_loss":0,"cards_obtained":["Lockon"]},{"damage_healed":0,"gold_gain":0,"player_choice":"1 cards matched","damage_taken":0,"max_hp_gain":0,"max_hp_loss":0,"event_name":"Match and Keep!","floor":2,"gold_loss":0,"cards_obtained":["Lockon"]},{"damage_healed":0,"gold_gain":0,"player_choice":"1 cards matched","damage_taken":0,"max_hp_gain":0,"max_hp_loss":0,"event_name":"Match and Keep!","floor":19,"gold_loss":0,"cards_obtained":["Storm"]},{"damage_healed":0,"gold_gain":0,"player_choice":"Obtained Book","damage_taken":21,"max_hp_gain":0,"max_hp_loss":0,"event_name":"Cursed Tome","floor":31,"gold_loss":0},{"damage_healed":0,"gold_gain":0,"player_choice":"Ignored","damage_taken":0,"max_hp_gain":0,"max_hp_loss":0,"event_name":"Tomb of Lord Red Mask","floor":36,"gold_loss":0},{"damage_healed":0,"gold_gain":0,"player_choice":"Memory 3","damage_taken":10,"max_hp_gain":0,"max_hp_loss":0,"event_name":"SensoryStone","floor":37,"gold_loss":0},{"cards_removed":["Go for the Eyes"],"damage_healed":0,"gold_gain":0,"player_choice":"Removed Attack","damage_taken":0,"max_hp_gain":0,"max_hp_loss":0,"event_name":"Falling","floor":47,"gold_loss":0},{"damage_healed":22,"gold_gain":0,"player_choice":"Writhe","damage_taken":0,"max_hp_gain":0,"max_hp_loss":0,"event_name":"Winding Halls","floor":48,"gold_loss":0,"cards_obtained":["Writhe"]}],"is_beta":false,"boss_relics":[{"not_picked":["FrozenCore","Inserter"],"picked":"Pandora\u0027s Box"},{"not_picked":["White Beast Statue","Philosopher\u0027s Stone"],"picked":"Black Star"}],"items_purged_floors":[20,38,54],"is_endless":false,"potions_floor_spawned":[1,3,4,7,16,18,21,30,40,42,46],"ascension_level":20}