{"gold_per_floor":[112,37,47,47,47,83,83,83,134,134,175,140,140,140,140,140],"floor_reached":16,"playtime":1781,"items_purged":["Strike_R"],"score":104,"play_id":"fc2387b0-aa77-4fb8-b45e-43531773270f","local_time":"20181229123734","is_ascension_mode":false,"campfire_choices":[{"floor":8,"key":"REST"},{"floor":10,"key":"REST"},{"data":"Evolve","floor":15,"key":"SMITH"}],"neow_cost":"TEN_PERCENT_HP_LOSS","seed_source_timestamp":515356248427033,"circlet_count":0,"master_deck":["Strike_R","Strike_R","Strike_R+1","Defend_R","Defend_R","Defend_R","Defend_R","Bash+1","Reaper","Metallicize","Pommel Strike","Evolve+1"],"relics":["Burning Blood","Golden Idol","Self Forming Clay","Regal Pillow","Meat on the Bone","Paper Frog"],"potions_floor_usage":[6],"damage_taken":[{"damage":6,"enemies":"Cultist","floor":1,"turns":3},{"damage":11,"enemies":"2 Louse","floor":3,"turns":3},{"damage":18,"enemies":"3 Sentries","floor":6,"turns":10},{"damage":18,"enemies":"Gremlin Nob","floor":11,"turns":4},{"damage":65,"enemies":"Slime Boss","floor":16,"turns":8}],"seed_played":"-7848503156820775855","potions_obtained":[{"floor":3,"key":"Fire Potion"}],"is_trial":false,"path_per_floor":["M","$","M","?","?","E","?","R","T","R","E","$","?","?","R","B"],"character_chosen":"IRONCLAD","items_purchased":["Evolve"],"campfire_rested":2,"item_purchase_floors":[12],"current_hp_per_floor":[72,72,72,58,40,40,33,54,54,72,60,60,60,53,53,0],"gold":140,"neow_bonus":"THREE_RARE_CARDS","is_prod":false,"is_daily":false,"chose_seed":false,"campfire_upgraded":1,"win_rate":0,"timestamp":1546065454,"path_taken":["M","$","?","?","?","E","?","R","T","R","E","?","?","?","R","BOSS"],"build_version":"2018-12-20","purchased_purges":1,"victory":false,"max_hp_per_floor":[72,72,72,72,72,72,72,72,72,72,72,72,72,72,72,72],"card_choices":[{"not_picked":["Berserk","Dark Embrace"],"picked":"Reaper","floor":0},{"not_picked":["Clothesline","Warcry","Corruption"],"picked":"SKIP","floor":1},{"not_picked":["Dual Wield","Searing Blow"],"picked":"Metallicize","floor":3},{"not_picked":["Cleave","Intimidate"],"picked":"Pommel Strike","floor":6},{"not_picked":["Wild Strike","Cleave","Blood for Blood"],"picked":"SKIP","floor":11}],"player_experience":436262,"relics_obtained":[{"floor":6,"key":"Self Forming Clay"},{"floor":9,"key":"Regal Pillow"},{"floor":11,"key":"Meat on the Bone"}],"event_choices":[{"damage_healed":0,"gold_gain":0,"player_choice":"Entered Light","damage_taken":14,"max_hp_gain":0,"max_hp_loss":0,"event_name":"Shining Light","floor":4,"gold_loss":0,"cards_upgraded":["Strike_R","Bash"]},{"damage_healed":0,"gold_gain":0,"player_choice":"Take Damage","damage_taken":18,"relics_obtained":["Golden Idol"],"max_hp_gain":0,"max_hp_loss":0,"event_name":"Golden Idol","floor":5,"gold_loss":0},{"cards_removed":["Strike_R"],"damage_healed":0,"gold_gain":0,"player_choice":"Card Removal","damage_taken":7,"max_hp_gain":0,"max_hp_loss":0,"event_name":"Golden Wing","floor":7,"gold_loss":0},{"damage_healed":0,"gold_gain":0,"player_choice":"Ignored","damage_taken":0,"max_hp_gain":0,"max_hp_loss":0,"event_name":"Liars Game","floor":13,"gold_loss":0},{"damage_healed":0,"gold_gain":0,"player_choice":"Success","damage_taken":7,"relics_obtained":["Paper Frog"],"max_hp_gain":0,"max_hp_loss":0,"event_name":"Scrap Ooze","floor":14,"gold_loss":0}],"is_beta":false,"boss_relics":[],"items_purged_floors":[2],"is_endless":false,"potions_floor_spawned":[3],"killed_by":"Slime Boss","ascension_level":0}