{"gold_per_floor":[10,185,185,200,200,200,235,3,28,66,66,90,106,129,129,260,260,276,27,45,59,74,74,115,140,140,156,156],"floor_reached":28,"playtime":1257,"items_purged":["Doubt","Strike_G"],"score":302,"play_id":"a68e0bba-47ef-48f9-94f8-59da76b02b71","local_time":"20190306010139","is_ascension_mode":true,"campfire_choices":[{"data":"Neutralize","floor":6,"key":"SMITH"},{"floor":15,"key":"REST"},{"data":"After Image","floor":23,"key":"SMITH"}],"neow_cost":"NO_GOLD","seed_source_timestamp":426733619511627,"circlet_count":0,"master_deck":["Defend_G","Defend_G","Defend_G","Defend_G","Defend_G","Strike_G","Strike_G","Strike_G","Strike_G","Survivor","Neutralize+1","Unload","Dash","Cloak And Dagger","Adrenaline","Backstab+1","All Out Attack+1","Caltrops","Dodge and Roll","Well Laid Plans","After Image+1","Blade Dance","Tools of the Trade","Slice+1","Noxious Fumes+1","Blade Dance+1","Endless Agony+1","Acrobatics","Normality","Prepared"],"relics":["Ring of the Snake","Golden Idol","Molten Egg 2","Strawberry","Oddly Smooth Stone","Pen Nib","Nunchaku","Cursed Key","Tough Bandages","Letter Opener"],"potions_floor_usage":[24,24,28],"damage_taken":[{"damage":2,"enemies":"Jaw Worm","floor":1,"turns":4},{"damage":9,"enemies":"Small Slimes","floor":4,"turns":4},{"damage":25,"enemies":"3 Sentries","floor":7,"turns":12},{"damage":8,"enemies":"Gremlin Nob","floor":10,"turns":4},{"damage":0,"enemies":"2 Louse","floor":12,"turns":1},{"damage":0,"enemies":"Red Slaver","floor":13,"turns":2},{"damage":0,"enemies":"Gremlin Gang","floor":14,"turns":1},{"damage":18,"enemies":"The Guardian","floor":16,"turns":13},{"damage":4,"enemies":"Shell Parasite","floor":18,"turns":4},{"damage":0,"enemies":"Spheric Guardian","floor":20,"turns":3},{"damage":16,"enemies":"Snake Plant","floor":21,"turns":6},{"damage":4,"enemies":"Sentry and Sphere","floor":22,"turns":6},{"damage":47,"enemies":"Slavers","floor":24,"turns":4},{"damage":0,"enemies":"3 Cultists","floor":25,"turns":4},{"damage":8,"enemies":"Centurion and Healer","floor":27,"turns":5},{"damage":10,"enemies":"Snake Plant","floor":28,"turns":1}],"seed_played":"-9219988159031033311","potions_obtained":[{"floor":1,"key":"Ancient Potion"},{"floor":4,"key":"SkillPotion"},{"floor":13,"key":"SpeedPotion"},{"floor":18,"key":"AttackPotion"},{"floor":24,"key":"Block Potion"}],"is_trial":false,"path_per_floor":["M","?","?","M","T","R","E","$","T","E","?","M","M","M","R","B",null,"M","$","M","M","M","R","E","M","T","M","M"],"character_chosen":"THE_SILENT","items_purchased":["Backstab+1","Regen Potion","Tools of the Trade"],"campfire_rested":1,"item_purchase_floors":[8,8,19],"current_hp_per_floor":[68,68,65,56,56,56,38,38,38,30,30,30,30,30,51,33,72,68,68,68,52,48,48,15,15,15,7,0],"gold":156,"neow_bonus":"THREE_RARE_CARDS","is_prod":false,"is_daily":false,"chose_seed":false,"campfire_upgraded":2,"win_rate":0,"timestamp":1551852099,"path_taken":["M","?","?","M","?","R","E","$","T","E","?","M","?","M","R","BOSS","M","$","M","M","M","R","E","M","T","?","M"],"build_version":"2019-01-23","purchased_purges":2,"victory":false,"max_hp_per_floor":[70,70,65,65,65,65,72,72,72,72,72,72,72,72,72,72,72,72,72,72,72,72,72,72,72,72,72,72],"card_choices":[{"not_picked":["Bullet Time","Wraith Form v2"],"picked":"Unload","floor":0},{"not_picked":["Catalyst","Flechettes"],"picked":"Dash","floor":1},{"not_picked":["Deflect","Outmaneuver"],"picked":"Cloak And Dagger","floor":4},{"not_picked":["Poisoned Stab+1","Venomology"],"picked":"Adrenaline","floor":7},{"not_picked":["Eviscerate+1","Blade Dance"],"picked":"All Out Attack+1","floor":10},{"not_picked":["Slice+1","Concentrate"],"picked":"Caltrops","floor":12},{"not_picked":["Deadly Poison","Sucker Punch+1"],"picked":"Dodge and Roll","floor":13},{"not_picked":["Predator+1","Choke+1"],"picked":"Well Laid Plans","floor":14},{"not_picked":["Bullet Time","Doppelganger"],"picked":"After Image","floor":16},{"not_picked":["Deflect","Bane+1"],"picked":"Blade Dance","floor":18},{"not_picked":["Outmaneuver","Deflect"],"picked":"Slice+1","floor":20},{"not_picked":["Flechettes+1","Bane+1"],"picked":"Noxious Fumes+1","floor":21},{"not_picked":["Deflect","Masterful Stab+1"],"picked":"Blade Dance+1","floor":22},{"not_picked":["Die Die Die+1","Expertise"],"picked":"Endless Agony+1","floor":24},{"not_picked":["Outmaneuver","Masterful Stab+1"],"picked":"Acrobatics","floor":25},{"not_picked":["Choke+1","Outmaneuver"],"picked":"Prepared","floor":27}],"player_experience":298030,"relics_obtained":[{"floor":5,"key":"Molten Egg 2"},{"floor":7,"key":"Strawberry"},{"floor":9,"key":"Oddly Smooth Stone"},{"floor":10,"key":"Pen Nib"},{"floor":24,"key":"Tough Bandages"},{"floor":26,"key":"Letter Opener"}],"event_choices":[{"damage_healed":0,"gold_gain":175,"player_choice":"AGREE","damage_taken":0,"max_hp_gain":0,"max_hp_loss":0,"event_name":"Liars Game","floor":2,"gold_loss":0,"cards_obtained":["Doubt"]},{"damage_healed":0,"gold_gain":0,"player_choice":"Lose Max HP","damage_taken":0,"relics_obtained":["Golden Idol"],"max_hp_gain":0,"max_hp_loss":5,"event_name":"Golden Idol","floor":3,"gold_loss":0},{"damage_healed":0,"gold_gain":0,"player_choice":"Gave Potion","damage_taken":0,"relics_obtained":["Nunchaku"],"max_hp_gain":0,"max_hp_loss":0,"event_name":"WeMeetAgain","floor":11,"gold_loss":0}],"is_beta":false,"boss_relics":[{"not_picked":["Philosopher\u0027s Stone","Ring of the Serpent"],"picked":"Cursed Key"}],"items_purged_floors":[8,19],"is_endless":false,"potions_floor_spawned":[1,4,10,13,18,21,24],"killed_by":"Snake Plant","ascension_level":4}