{"gold_per_floor":[109,109,34,49,66,66,66,66,66,104,279,109,142,165,165,290,290,309,1,1,1,1,30,30,55,78,78,98,124,143,65,65,164,164,183,183,183,199,5,34,34,34,102,122,138,138],"floor_reached":46,"playtime":1848,"items_purged":["Pain","Doubt","Strike_G"],"score":614,"play_id":"9fd8274b-9c5b-492e-a1d8-daeb214681b5","local_time":"20190311215354","is_ascension_mode":true,"campfire_choices":[{"data":"Neutralize","floor":6,"key":"SMITH"},{"data":"Cloak And Dagger","floor":8,"key":"SMITH"},{"data":"Caltrops","floor":15,"key":"SMITH"},{"data":"A Thousand Cuts","floor":24,"key":"SMITH"},{"data":"Cloak And Dagger","floor":27,"key":"SMITH"},{"data":"Noxious Fumes","floor":32,"key":"SMITH"}],"neow_cost":"NONE","seed_source_timestamp":929683763650478,"circlet_count":0,"master_deck":["Defend_G","Defend_G","Defend_G+1","Defend_G","Strike_G","Strike_G","Strike_G","Strike_G","Survivor","Neutralize+1","Doppelganger","PiercingWail+1","Cloak And Dagger+1","Deadly Poison","Caltrops+1","Infinite Blades","A Thousand Cuts+1","Corpse Explosion","Leg Sweep+1","Dodge and Roll","Dagger Spray","Cloak And Dagger+1","Noxious Fumes+1","Envenom","Footwork","Envenom","Bane","Neutralize","PiercingWail+1","Noxious Fumes","Blade Dance+1","Infinite Blades+1","Backflip"],"relics":["Ring of the Snake","WarpedTongs","Bloody Idol","Mummified Hand","Darkstone Periapt","War Paint","Sozu","Thread and Needle","Strawberry","Dream Catcher","Bronze Scales","Regal Pillow","Busted Crown","Potion Belt","Snake Skull","Ancient Tea Set"],"potions_floor_usage":[23],"damage_taken":[{"damage":1,"enemies":"2 Louse","floor":1,"turns":3},{"damage":0,"enemies":"Cultist","floor":4,"turns":3},{"damage":0,"enemies":"Jaw Worm","floor":5,"turns":4},{"damage":11,"enemies":"3 Sentries","floor":10,"turns":9},{"damage":16,"enemies":"Lagavulin","floor":13,"turns":7},{"damage":3,"enemies":"Blue Slaver","floor":14,"turns":4},{"damage":5,"enemies":"Hexaghost","floor":16,"turns":8},{"damage":0,"enemies":"3 Byrds","floor":18,"turns":2},{"damage":9,"enemies":"Slavers","floor":23,"turns":5},{"damage":2,"enemies":"Book of Stabbing","floor":25,"turns":5},{"damage":1,"enemies":"2 Thieves","floor":28,"turns":2},{"damage":12,"enemies":"Slavers","floor":29,"turns":4},{"damage":2,"enemies":"Chosen and Byrds","floor":30,"turns":4},{"damage":14,"enemies":"Collector","floor":33,"turns":8},{"damage":0,"enemies":"3 Darklings","floor":35,"turns":3},{"damage":14,"enemies":"3 Shapes","floor":38,"turns":3},{"damage":27,"enemies":"Reptomancer","floor":40,"turns":6},{"damage":21,"enemies":"Spire Growth","floor":44,"turns":4},{"damage":19,"enemies":"4 Shapes","floor":45,"turns":3},{"damage":23,"enemies":"Nemesis","floor":46,"turns":3}],"seed_played":"-7236926755685632471","potions_obtained":[{"floor":1,"key":"Explosive Potion"},{"floor":4,"key":"SpeedPotion"},{"floor":10,"key":"Explosive Potion"}],"is_trial":false,"path_per_floor":["M","?","$","M","M","R","?","R","T","E","?","$","E","M","R","B",null,"M","$","?","?","?","E","R","E","T","R","M","E","M","$","R","B",null,"M","?","?","M","$","E","T","?","T","M","M","E"],"character_chosen":"THE_SILENT","items_purchased":["Infinite Blades","Thread and Needle","Footwork","Noxious Fumes"],"campfire_rested":0,"item_purchase_floors":[12,19,31,39],"current_hp_per_floor":[69,69,69,69,69,69,65,65,65,54,60,60,44,41,41,36,71,71,71,71,71,71,74,74,77,78,78,78,71,74,74,74,65,78,78,78,78,69,69,47,47,47,52,36,22,0],"gold":138,"neow_bonus":"ONE_RANDOM_RARE_CARD","is_prod":false,"is_daily":false,"chose_seed":false,"campfire_upgraded":6,"win_rate":0,"timestamp":1552355634,"path_taken":["M","?","$","?","M","R","?","R","T","E","?","$","E","M","R","BOSS","M","$","?","?","?","E","R","E","T","R","?","E","M","$","R","BOSS","M","?","?","?","$","E","?","?","T","?","M","E"],"build_version":"2019-01-23","purchased_purges":3,"victory":false,"max_hp_per_floor":[70,70,70,70,70,70,65,65,65,65,71,71,71,71,71,71,71,71,71,71,71,71,78,78,78,78,78,78,78,78,78,78,78,78,78,78,78,78,78,78,78,78,78,78,78,78],"card_choices":[{"not_picked":["Slice","Sucker Punch"],"picked":"PiercingWail","floor":1},{"not_picked":["Quick Slash","Acrobatics"],"picked":"Cloak And Dagger","floor":4},{"not_picked":["Catalyst","Acrobatics"],"picked":"Deadly Poison","floor":5},{"not_picked":["Backstab","Burst"],"picked":"Caltrops","floor":10},{"not_picked":["Deflect","Dagger Throw"],"picked":"A Thousand Cuts","floor":13},{"not_picked":["Sucker Punch","Bane"],"picked":"Poisoned Stab","floor":14},{"not_picked":["Die Die Die","Unload"],"picked":"Corpse Explosion","floor":16},{"not_picked":["Dagger Spray","Accuracy"],"picked":"Leg Sweep+1","floor":18},{"not_picked":["Dodge and Roll","Distraction"],"picked":"Dagger Spray","floor":23},{"not_picked":["Bane+1","Finisher"],"picked":"Cloak And Dagger","floor":25},{"not_picked":["Terror+1","Deadly Poison"],"picked":"Noxious Fumes","floor":28},{"not_picked":["Dagger Spray","Sucker Punch"],"picked":"Envenom","floor":29},{"not_picked":["Bane","Outmaneuver+1","Setup"],"picked":"SKIP","floor":30},{"not_picked":["Bullet Time","Malaise"],"picked":"Envenom","floor":33},{"not_picked":["Underhanded Strike"],"picked":"SKIP","floor":35},{"not_picked":[],"picked":"PiercingWail+1","floor":38},{"not_picked":[],"picked":"Blade Dance+1","floor":40},{"not_picked":[],"picked":"Infinite Blades+1","floor":44},{"not_picked":[],"picked":"Backflip","floor":45}],"player_experience":325718,"relics_obtained":[{"floor":9,"key":"Mummified Hand"},{"floor":10,"key":"Darkstone Periapt"},{"floor":13,"key":"War Paint"},{"floor":23,"key":"Strawberry"},{"floor":25,"key":"Dream Catcher"},{"floor":26,"key":"Bronze Scales"},{"floor":29,"key":"Regal Pillow"},{"floor":40,"key":"Potion Belt"},{"floor":41,"key":"Snake Skull"}],"event_choices":[{"damage_healed":0,"gold_gain":0,"player_choice":"Rummage","damage_taken":0,"relics_obtained":["WarpedTongs"],"max_hp_gain":0,"max_hp_loss":0,"event_name":"Accursed Blacksmith","floor":2,"gold_loss":0,"cards_obtained":["Pain"]},{"damage_healed":0,"gold_gain":0,"player_choice":"Lose Max HP","damage_taken":0,"relics_obtained":["Golden Idol"],"max_hp_gain":0,"max_hp_loss":5,"event_name":"Golden Idol","floor":7,"gold_loss":0},{"damage_healed":0,"gold_gain":175,"player_choice":"AGREE","damage_taken":0,"max_hp_gain":0,"max_hp_loss":0,"event_name":"Liars Game","floor":11,"gold_loss":0,"cards_obtained":["Doubt"]},{"damage_healed":0,"gold_gain":0,"player_choice":"Ignored","damage_taken":0,"max_hp_gain":0,"max_hp_loss":0,"event_name":"Beggar","floor":20,"gold_loss":0},{"damage_healed":0,"gold_gain":0,"player_choice":"Read","damage_taken":0,"max_hp_gain":0,"max_hp_loss":0,"event_name":"The Library","floor":21,"gold_loss":0,"cards_obtained":["Dodge and Roll"]},{"damage_healed":0,"gold_gain":0,"player_choice":"Gave Idol","damage_taken":0,"relics_obtained":["Bloody Idol"],"max_hp_gain":0,"max_hp_loss":0,"event_name":"Forgotten Altar","floor":22,"relics_lost":["Golden Idol"],"gold_loss":0},{"cards_removed":["Defend_G"],"damage_healed":0,"gold_gain":0,"player_choice":"Removed Skill","damage_taken":0,"max_hp_gain":0,"max_hp_loss":0,"event_name":"Falling","floor":36,"gold_loss":0},{"damage_healed":0,"gold_gain":0,"player_choice":"2 cards matched","damage_taken":0,"max_hp_gain":0,"max_hp_loss":0,"event_name":"Match and Keep!","floor":37,"gold_loss":0,"cards_obtained":["Bane","Neutralize"]},{"cards_removed":["Poisoned Stab"],"damage_healed":0,"gold_gain":0,"player_choice":"Gave Card","damage_taken":0,"relics_obtained":["Ancient Tea Set"],"max_hp_gain":0,"max_hp_loss":0,"event_name":"WeMeetAgain","floor":42,"gold_loss":0}],"is_beta":false,"boss_relics":[{"not_picked":["Tiny House","Cursed Key"],"picked":"Sozu"},{"not_picked":["Philosopher\u0027s Stone","Runic Dome"],"picked":"Busted Crown"}],"items_purged_floors":[3,12,39],"is_endless":false,"potions_floor_spawned":[1,4,10,25,29,33,44,45],"killed_by":"Nemesis","ascension_level":4}