{"gold_per_floor":[118,130,144,30,30,65,128,128,128,128,144,144,117,149,149,247,247,266,266,278,297,152,152,152],"floor_reached":24,"playtime":968,"items_purged":["Strike_B"],"score":306,"play_id":"f19ef9c3-9996-41b9-a149-67a2fe8ec15d","local_time":"20190622170946","is_ascension_mode":true,"campfire_choices":[{"floor":8,"key":"REST"},{"floor":12,"key":"REST"},{"data":"Defragment","floor":15,"key":"SMITH"},{"floor":23,"key":"REST"}],"neow_cost":"NONE","seed_source_timestamp":160954523883168,"circlet_count":0,"master_deck":["AscendersBane","Strike_B","Strike_B","Defend_B","Defend_B","Defend_B","Defend_B","Zap+1","Dualcast","Melter","Defragment+1","Sweeping Beam","Recycle","Recycle","Compile Driver","Coolheaded","Conserve Battery","Core Surge","Sunder","Rip and Tear+1","Tempest"],"relics":["Cracked Core","Bottled Lightning","Bottled Tornado","Kunai","Happy Flower","Inserter","Singing Bowl","Blood Vial"],"potions_floor_usage":[6,14,20,21,24],"damage_taken":[{"damage":2,"enemies":"2 Louse","floor":1,"turns":3},{"damage":7,"enemies":"Jaw Worm","floor":2,"turns":3},{"damage":12,"enemies":"Small Slimes","floor":3,"turns":3},{"damage":10,"enemies":"3 Sentries","floor":6,"turns":4},{"damage":30,"enemies":"3 Sentries","floor":7,"turns":6},{"damage":1,"enemies":"Exordium Thugs","floor":11,"turns":3},{"damage":2,"enemies":"Lagavulin","floor":14,"turns":4},{"damage":29,"enemies":"Hexaghost","floor":16,"turns":13},{"damage":26,"enemies":"3 Byrds","floor":18,"turns":4},{"damage":12,"enemies":"Shell Parasite","floor":20,"turns":5},{"damage":15,"enemies":"Centurion and Healer","floor":21,"turns":9},{"damage":42,"enemies":"Shelled Parasite and Fungi","floor":24,"turns":4}],"seed_played":"5012924513138507101","potions_obtained":[{"floor":1,"key":"Explosive Potion"},{"floor":6,"key":"Weak Potion"},{"floor":7,"key":"AttackPotion"},{"floor":14,"key":"Block Potion"},{"floor":16,"key":"Ancient Potion"},{"floor":21,"key":"SpeedPotion"}],"is_trial":false,"path_per_floor":["M","M","M","$","?","E","?","R","T","?","M","R","$","E","R","B",null,"M","?","M","M","$","R","M"],"character_chosen":"DEFECT","items_purchased":["Recycle","Conserve Battery","Blood Vial"],"campfire_rested":3,"item_purchase_floors":[4,13,22],"current_hp_per_floor":[73,66,54,54,54,44,14,38,38,31,30,54,54,52,52,23,67,41,41,29,14,14,38,0],"gold":152,"neow_bonus":"TEN_PERCENT_HP_BONUS","is_prod":false,"is_daily":false,"chose_seed":false,"campfire_upgraded":1,"win_rate":0,"timestamp":1561241386,"path_taken":["M","M","M","$","?","E","?","R","T","?","M","R","$","E","R","BOSS","M","?","M","M","$","R","M"],"build_version":"2019-01-23","purchased_purges":1,"victory":false,"max_hp_per_floor":[82,82,82,82,82,82,82,82,82,82,82,82,82,82,82,82,82,82,82,82,82,82,82,82],"card_choices":[{"not_picked":["Stack","Streamline"],"picked":"Melter","floor":1},{"not_picked":["Steam","Genetic Algorithm"],"picked":"Defragment","floor":2},{"not_picked":["Fusion","Gash"],"picked":"Sweeping Beam","floor":3},{"not_picked":["Chill","Hologram"],"picked":"Recycle","floor":6},{"not_picked":["Fusion","Beam Cell"],"picked":"Compile Driver","floor":7},{"not_picked":["Consume","Compile Driver"],"picked":"Coolheaded","floor":11},{"not_picked":["Rebound","Compile Driver","Stack"],"picked":"SKIP","floor":14},{"not_picked":["All For One","Thunder Strike"],"picked":"Core Surge","floor":16},{"not_picked":["Force Field","Beam Cell"],"picked":"Sunder","floor":18},{"not_picked":["Redo","Tempest"],"picked":"Rip and Tear+1","floor":20},{"not_picked":["Hologram+1","Blizzard"],"picked":"Tempest","floor":21}],"player_experience":252139,"relics_obtained":[{"floor":6,"key":"Bottled Lightning"},{"floor":7,"key":"Bottled Tornado"},{"floor":9,"key":"Kunai"},{"floor":14,"key":"Happy Flower"}],"event_choices":[{"damage_healed":0,"gold_gain":0,"player_choice":"Grow","damage_taken":0,"max_hp_gain":0,"max_hp_loss":0,"event_name":"Living Wall","floor":5,"gold_loss":0,"cards_upgraded":["Zap"]},{"damage_healed":0,"gold_gain":0,"player_choice":"Searched \u00271\u0027 times","damage_taken":0,"max_hp_gain":0,"max_hp_loss":0,"event_name":"Dead Adventurer","floor":7,"gold_loss":0},{"cards_removed":["Strike_B"],"damage_healed":0,"gold_gain":0,"player_choice":"Card Removal","damage_taken":7,"max_hp_gain":0,"max_hp_loss":0,"event_name":"Golden Wing","floor":10,"gold_loss":0},{"damage_healed":0,"gold_gain":0,"player_choice":"Gave Potion","damage_taken":0,"relics_obtained":["Singing Bowl"],"max_hp_gain":0,"max_hp_loss":0,"event_name":"WeMeetAgain","floor":19,"gold_loss":0}],"is_beta":false,"boss_relics":[{"not_picked":["Calling Bell","FrozenCore"],"picked":"Inserter"}],"items_purged_floors":[4],"is_endless":false,"potions_floor_spawned":[1,6,7,14,16,21],"killed_by":"Shelled Parasite and Fungi","ascension_level":10}