{"gold_per_floor":[369,369,386,397,412,442,95,95,140,140,165,179,206,223,223,326,326,341,353,119,136,136,169,169,169,169,35,35,64,75,106,106,207,207,223,240,240,240,250,250,250,276,276,276,24,42,58,58,58,58,58,58,26,54,54],"floor_reached":55,"playtime":3459,"items_purged":["Strike_R","Strike_R","Pain","Writhe"],"score":1160,"play_id":"cd633295-e696-49d4-b93f-dbfda13a2348","local_time":"20190331113844","is_ascension_mode":true,"campfire_choices":[{"data":"Uppercut","floor":10,"key":"SMITH"},{"floor":15,"key":"REST"},{"data":"Armaments","floor":28,"key":"SMITH"},{"data":"Shockwave","floor":32,"key":"SMITH"},{"floor":40,"key":"REST"},{"floor":44,"key":"RECALL"},{"floor":49,"key":"REST"},{"floor":52,"key":"REST"}],"neow_cost":"PERCENT_DAMAGE","seed_source_timestamp":638489605017327,"circlet_count":0,"master_deck":["Strike_R+1","Strike_R+1","Defend_R+1","Defend_R+1","Defend_R+1","Defend_R+1","Bash","Cleave","Disarm+1","Metallicize","Shockwave+1","Inflame","Uppercut+1","Spot Weakness","Metallicize","Clothesline","Disarm","Offering","Armaments+1","Inflame","Shrug It Off","Metallicize","Sword Boomerang","Havoc","Juggernaut","Battle Trance","Thunderclap+1","Finesse","Warcry+1","Entrench+1","Headbutt+1","Disarm+1","Metallicize","Body Slam"],"relics":["Burning Blood","Mercury Hourglass","Orichalcum","WarpedTongs","Boot","Dream Catcher","PreservedInsect","Snecko Eye","Smiling Mask","The Courier","Ornamental Fan","Bag of Preparation","Fusion Hammer","War Paint","Lee\u0027s Waffle","Bottled Lightning","Bag of Marbles"],"potions_floor_usage":[11,19,23,29,29,29,33,47,50,50,55],"damage_taken":[{"damage":0,"enemies":"Small Slimes","floor":1,"turns":3},{"damage":1,"enemies":"Cultist","floor":3,"turns":3},{"damage":2,"enemies":"2 Louse","floor":4,"turns":3},{"damage":3,"enemies":"2 Fungi Beasts","floor":5,"turns":5},{"damage":30,"enemies":"Gremlin Nob","floor":6,"turns":5},{"damage":21,"enemies":"3 Sentries","floor":11,"turns":6},{"damage":10,"enemies":"3 Louse","floor":12,"turns":4},{"damage":12,"enemies":"Lagavulin","floor":13,"turns":6},{"damage":12,"enemies":"Gremlin Gang","floor":14,"turns":3},{"damage":11,"enemies":"Hexaghost","floor":16,"turns":10},{"damage":2,"enemies":"Spheric Guardian","floor":18,"turns":4},{"damage":14,"enemies":"2 Thieves","floor":19,"turns":4},{"damage":12,"enemies":"Chosen and Byrds","floor":21,"turns":8},{"damage":10,"enemies":"Gremlin Leader","floor":23,"turns":4},{"damage":27,"enemies":"Slavers","floor":29,"turns":4},{"damage":0,"enemies":"Shelled Parasite and Fungi","floor":30,"turns":5},{"damage":6,"enemies":"Book of Stabbing","floor":31,"turns":5},{"damage":77,"enemies":"Collector","floor":33,"turns":13},{"damage":26,"enemies":"3 Shapes","floor":35,"turns":5},{"damage":25,"enemies":"3 Darklings","floor":36,"turns":4},{"damage":17,"enemies":"Sphere and 2 Shapes","floor":39,"turns":4},{"damage":6,"enemies":"Reptomancer","floor":42,"turns":5},{"damage":20,"enemies":"4 Shapes","floor":46,"turns":4},{"damage":32,"enemies":"Jaw Worm Horde","floor":47,"turns":4},{"damage":66,"enemies":"Awakened One","floor":50,"turns":13},{"damage":80,"enemies":"Shield and Spear","floor":54,"turns":7},{"damage":29,"enemies":"The Heart","floor":55,"turns":3}],"seed_played":"1167642772458483646","potions_obtained":[{"floor":3,"key":"BloodPotion"},{"floor":5,"key":"PowerPotion"},{"floor":16,"key":"AttackPotion"},{"floor":19,"key":"Energy Potion"},{"floor":23,"key":"Block Potion"},{"floor":30,"key":"Regen Potion"},{"floor":36,"key":"Dexterity Potion"},{"floor":42,"key":"Swift Potion"},{"floor":47,"key":"FearPotion"},{"floor":54,"key":"SkillPotion"}],"is_trial":false,"path_per_floor":["M","?","M","M","M","E","$","?","T","R","E","M","E","M","R","B",null,"M","M","$","M","?","E","?","?","T","$","R","E","M","E","R","B",null,"M","M","?","?","M","R","?","E","T","R","$","M","M","T","R","B",null,"R","$","E","B"],"character_chosen":"IRONCLAD","items_purchased":["Inflame","Orichalcum","Uppercut","Shrug It Off","Metallicize","Havoc","Explosive Potion","Lee\u0027s Waffle","SkillPotion","Metallicize"],"campfire_rested":4,"item_purchase_floors":[7,7,7,20,20,27,27,45,45,53],"current_hp_per_floor":[57,57,62,66,69,45,45,45,45,45,38,34,28,22,46,41,70,74,66,66,60,60,56,56,90,90,90,90,69,75,75,75,13,71,51,32,32,32,21,48,71,71,71,71,97,83,57,57,86,26,79,97,97,23,0],"gold":54,"neow_bonus":"TWO_FIFTY_GOLD","is_prod":false,"is_daily":false,"chose_seed":false,"campfire_upgraded":3,"win_rate":0,"timestamp":1554046724,"path_taken":["M","?","M","?","M","E","$","?","T","R","E","M","E","M","R","BOSS","M","M","?","M","?","E","?","?","T","$","R","E","M","E","R","BOSS","M","?","?","?","M","R","?","E","T","R","?","M","M","?","R","BOSS","R","$","E","BOSS"],"build_version":"2019-01-23","purchased_purges":4,"victory":false,"max_hp_per_floor":[80,80,80,80,80,80,80,80,80,80,80,80,80,80,80,80,80,80,80,80,80,80,80,80,90,90,90,90,90,90,90,90,90,90,90,90,90,90,90,90,90,90,90,90,97,97,97,97,97,97,97,97,97,97,97],"card_choices":[{"not_picked":["Pommel Strike","Warcry"],"picked":"Cleave","floor":1},{"not_picked":["Iron Wave","Intimidate"],"picked":"Disarm","floor":3},{"not_picked":["Wild Strike","Reckless Charge"],"picked":"Metallicize","floor":4},{"not_picked":["Body Slam","Flex"],"picked":"Shockwave","floor":5},{"not_picked":["Heavy Blade","Havoc"],"picked":"Brutality","floor":6},{"not_picked":["Cleave","Entrench"],"picked":"Spot Weakness","floor":11},{"not_picked":["Armaments","Body Slam"],"picked":"Metallicize","floor":12},{"not_picked":["Dropkick","Headbutt"],"picked":"Clothesline","floor":13},{"not_picked":["Iron Wave","Fire Breathing","Evolve"],"picked":"SKIP","floor":14},{"not_picked":["Cleave","Anger"],"picked":"Disarm","floor":15},{"not_picked":["Exhume","Berserk"],"picked":"Offering","floor":16},{"not_picked":["Sword Boomerang","Flex"],"picked":"Armaments","floor":18},{"not_picked":["Armaments","Havoc"],"picked":"Inflame","floor":19},{"not_picked":["Dark Embrace","Perfected Strike"],"picked":"Sword Boomerang","floor":21},{"not_picked":["Armaments","Iron Wave","Pommel Strike"],"picked":"SKIP","floor":23},{"not_picked":["Cleave","Sentinel+1","Clash"],"picked":"SKIP","floor":29},{"not_picked":["Armaments","Warcry","Sentinel"],"picked":"SKIP","floor":30},{"not_picked":["Flex","Clothesline","Sever Soul"],"picked":"SKIP","floor":31},{"not_picked":["Barricade","Double Tap"],"picked":"Juggernaut","floor":33},{"not_picked":["Clash+1","Armaments"],"picked":"Battle Trance","floor":35},{"not_picked":["Anger+1","Carnage+1"],"picked":"Thunderclap+1","floor":36},{"not_picked":["Enlightenment","Jack Of All Trades"],"picked":"Finesse","floor":38},{"not_picked":["Rupture+1","Clothesline+1"],"picked":"Warcry+1","floor":39},{"not_picked":["Pommel Strike+1","Shockwave"],"picked":"Entrench","floor":40},{"not_picked":["Sword Boomerang+1","Thunderclap","Rampage"],"picked":"SKIP","floor":42},{"not_picked":["Seeing Red","Clash"],"picked":"Headbutt+1","floor":46},{"not_picked":["Hemokinesis","Intimidate","Pommel Strike+1"],"picked":"SKIP","floor":47},{"not_picked":["Cleave","Uppercut"],"picked":"Disarm+1","floor":52},{"not_picked":["Second Wind+1","Disarm+1"],"picked":"Body Slam","floor":54}],"player_experience":355883,"relics_obtained":[{"floor":6,"key":"Mercury Hourglass"},{"floor":9,"key":"Boot"},{"floor":11,"key":"Dream Catcher"},{"floor":13,"key":"PreservedInsect"},{"floor":23,"key":"Smiling Mask"},{"floor":26,"key":"The Courier"},{"floor":29,"key":"Ornamental Fan"},{"floor":31,"key":"Bag of Preparation"},{"floor":42,"key":"War Paint"},{"floor":48,"key":"Bottled Lightning"},{"floor":54,"key":"Bag of Marbles"}],"event_choices":[{"cards_removed":["Strike_R"],"damage_healed":0,"gold_gain":0,"player_choice":"Purged","damage_taken":0,"max_hp_gain":0,"max_hp_loss":0,"event_name":"Purifier","floor":2,"gold_loss":0},{"damage_healed":0,"gold_gain":0,"player_choice":"Rummage","damage_taken":0,"relics_obtained":["WarpedTongs"],"max_hp_gain":0,"max_hp_loss":0,"event_name":"Accursed Blacksmith","floor":8,"gold_loss":0,"cards_obtained":["Pain"]},{"damage_healed":0,"gold_gain":0,"player_choice":"Ignored","damage_taken":0,"max_hp_gain":0,"max_hp_loss":0,"event_name":"Ghosts","floor":22,"gold_loss":0},{"damage_healed":0,"gold_gain":0,"player_choice":"Simplicity","damage_taken":0,"max_hp_gain":0,"max_hp_loss":0,"event_name":"Back to Basics","floor":24,"gold_loss":0,"cards_upgraded":["Strike_R","Strike_R","Defend_R","Defend_R","Defend_R","Defend_R"]},{"cards_removed":["Brutality"],"damage_healed":24,"gold_gain":0,"player_choice":"Offered Rare","damage_taken":0,"max_hp_gain":10,"max_hp_loss":0,"event_name":"Bonfire Elementals","floor":25,"gold_loss":0},{"damage_healed":0,"gold_gain":0,"player_choice":"Ignored","damage_taken":0,"max_hp_gain":0,"max_hp_loss":0,"event_name":"Mysterious Sphere","floor":37,"gold_loss":0},{"damage_healed":0,"gold_gain":0,"player_choice":"Memory 1","damage_taken":0,"max_hp_gain":0,"max_hp_loss":0,"event_name":"SensoryStone","floor":38,"gold_loss":0},{"damage_healed":23,"gold_gain":0,"player_choice":"Writhe","damage_taken":0,"max_hp_gain":0,"max_hp_loss":0,"event_name":"Winding Halls","floor":41,"gold_loss":0,"cards_obtained":["Writhe"]}],"is_beta":false,"boss_relics":[{"not_picked":["Orrery","Mark of Pain"],"picked":"Snecko Eye"},{"not_picked":["Calling Bell","Pandora\u0027s Box"],"picked":"Fusion Hammer"}],"items_purged_floors":[7,20,27,45],"is_endless":false,"potions_floor_spawned":[3,5,16,19,23,30,36,42,46,47,54],"killed_by":"The Heart","ascension_level":8}