{"gold_per_floor":[119,131,150,150,162,188,188,203,203,234,309,309,341,351,351,455,455,475,494,512,140,152,152,166,166],"floor_reached":25,"playtime":1674,"items_purged":["Strike_B"],"score":329,"play_id":"d69aeca3-1854-485f-8c4e-678e2cb7dec4","local_time":"20190610231107","is_ascension_mode":true,"campfire_choices":[{"floor":7.0,"key":"REST"},{"data":"Zap","floor":15.0,"key":"SMITH"},{"floor":23.0,"key":"REST"}],"neow_cost":"NONE","seed_source_timestamp":394753473993831,"circlet_count":0,"master_deck":["Strike_B","Strike_B+1","Strike_B","Defend_B","Defend_B","Defend_B","Defend_B","Zap+1","Dualcast","Coolheaded","Conserve Battery","Core Surge","Ball Lightning","Coolheaded","Electrodynamics+1","Creative AI+1","Coolheaded","Conserve Battery","Genetic Algorithm","Heatsinks+1"],"special_seed":0,"relics":["Cracked Core","Whetstone","Bottled Flame","Pen Nib","Frozen Egg 2","Black Star","Anchor"],"potions_floor_usage":[25],"damage_taken":[{"damage":1.0,"enemies":"Cultist","floor":1.0,"turns":4.0},{"damage":5.0,"enemies":"Small Slimes","floor":2.0,"turns":3.0},{"damage":1.0,"enemies":"2 Louse","floor":3.0,"turns":3.0},{"damage":28.0,"enemies":"Gremlin Gang","floor":5.0,"turns":4.0},{"damage":30.0,"enemies":"3 Sentries","floor":6.0,"turns":10.0},{"damage":0.0,"enemies":"Blue Slaver","floor":8.0,"turns":3.0},{"damage":12.0,"enemies":"Gremlin Nob","floor":10.0,"turns":4.0},{"damage":23.0,"enemies":"Lagavulin","floor":13.0,"turns":6.0},{"damage":13.0,"enemies":"Exordium Thugs","floor":14.0,"turns":3.0},{"damage":40.0,"enemies":"Slime Boss","floor":16.0,"turns":10.0},{"damage":29.0,"enemies":"Shell Parasite","floor":18.0,"turns":8.0},{"damage":19.0,"enemies":"3 Byrds","floor":19.0,"turns":3.0},{"damage":11.0,"enemies":"Snecko","floor":20.0,"turns":6.0},{"damage":4.0,"enemies":"Sentry and Sphere","floor":22.0,"turns":5.0},{"damage":5.0,"enemies":"Shelled Parasite and Fungi","floor":24.0,"turns":7.0},{"damage":36,"enemies":"Book of Stabbing","floor":25,"turns":7}],"seed_played":"-3592513047814232837","potions_obtained":[{"floor":2.0,"key":"Fire Potion"},{"floor":4.0,"key":"Energy Potion"},{"floor":4.0,"key":"Block Potion"},{"floor":6.0,"key":"SteroidPotion"},{"floor":8.0,"key":"EssenceOfSteel"},{"floor":10.0,"key":"SkillPotion"}],"is_trial":false,"path_per_floor":["M","M","M","?","M","E","R","M","T","E","?","?","E","M","R","B",null,"M","M","M","$","M","R","M","E"],"character_chosen":"DEFECT","items_purchased":["Anchor","Regen Potion","Heatsinks+1"],"campfire_rested":2,"item_purchase_floors":[21,21,21],"current_hp_per_floor":[74,69,68,68,40,10,34,34,34,22,11,82,59,46,46,6,63,34,15,4,4,14,38,33,0],"gold":166,"neow_bonus":"TEN_PERCENT_HP_BONUS","is_prod":false,"is_daily":false,"chose_seed":false,"campfire_upgraded":1,"win_rate":0,"timestamp":1560222667,"path_taken":["M","?","M","?","?","E","R","M","T","E","?","?","E","M","R","BOSS","M","?","M","$","M","R","?","E"],"build_version":"2019-01-23","purchased_purges":1,"victory":false,"max_hp_per_floor":[82,82,82,82,82,82,82,82,82,82,82,82,82,82,82,82,82,82,82,82,82,82,82,82,82],"card_choices":[{"not_picked":["Blizzard","Rebound"],"picked":"Coolheaded","floor":1.0},{"not_picked":["Sweeping Beam","Skim"],"picked":"Conserve Battery","floor":2.0},{"not_picked":["Conserve Battery","Compile Driver"],"picked":"FTL","floor":3.0},{"not_picked":["Go for the Eyes","Beam Cell","Stack"],"picked":"SKIP","floor":5.0},{"not_picked":["Leap","Scrape"],"picked":"Core Surge","floor":6.0},{"not_picked":["Streamline","Sweeping Beam"],"picked":"Ball Lightning","floor":8.0},{"not_picked":["Leap","Redo"],"picked":"Coolheaded","floor":10.0},{"not_picked":["Conserve Battery","Genetic Algorithm"],"picked":"Electrodynamics","floor":13.0},{"not_picked":["Reprogram","Barrage","Streamline"],"picked":"SKIP","floor":14.0},{"not_picked":["All For One","Machine Learning+1"],"picked":"Creative AI+1","floor":16.0},{"not_picked":["Rip and Tear","Compile Driver"],"picked":"Coolheaded","floor":18.0},{"not_picked":["Hologram","Gash+1"],"picked":"Conserve Battery","floor":19.0},{"not_picked":["Scrape","Hologram"],"picked":"Genetic Algorithm","floor":20.0},{"not_picked":["Redo","Steam Power+1","Beam Cell"],"picked":"SKIP","floor":22.0},{"not_picked":["Ball Lightning+1","Hello World+1","Beam Cell"],"picked":"SKIP","floor":24.0}],"player_experience":611194,"relics_obtained":[{"floor":6.0,"key":"Whetstone"},{"floor":9.0,"key":"Bottled Flame"},{"floor":10.0,"key":"Pen Nib"},{"floor":13.0,"key":"Frozen Egg 2"}],"event_choices":[{"damage_healed":0.0,"max_hp_gain":0.0,"max_hp_loss":0.0,"gold_gain":0.0,"event_name":"Lab","player_choice":"Got Potions","floor":4.0,"gold_loss":0.0,"damage_taken":0.0},{"damage_healed":0.0,"max_hp_gain":0.0,"max_hp_loss":0.0,"gold_gain":75.0,"event_name":"World of Goop","player_choice":"Gather Gold","floor":11.0,"gold_loss":0.0,"damage_taken":11.0},{"cards_removed":["FTL"],"damage_healed":71.0,"max_hp_gain":0.0,"max_hp_loss":0.0,"gold_gain":0.0,"event_name":"Bonfire Elementals","player_choice":"Offered Uncommon","floor":12.0,"gold_loss":0.0,"damage_taken":0.0}],"is_beta":false,"boss_relics":[{"not_picked":["Runic Pyramid","White Beast Statue"],"picked":"Black Star"}],"items_purged_floors":[21],"is_endless":false,"potions_floor_spawned":[2,6,8,10,14],"killed_by":"Book of Stabbing","ascension_level":9}