{"gold_per_floor":[119,133,58,68,80,112,212,243,317,317],"floor_reached":10,"playtime":786,"items_purged":["Strike_R"],"score":82,"play_id":"3b605f35-6242-40bb-9541-2f8450d7d6a0","local_time":"20181117222531","is_ascension_mode":true,"campfire_choices":[],"neow_cost":"NONE","seed_source_timestamp":335442296035995,"circlet_count":0,"master_deck":["Strike_R","Strike_R","Strike_R","Strike_R","Defend_R","Defend_R","Defend_R","Defend_R","Bash","Cleave","Feel No Pain","Seeing Red","Heavy Blade","Metallicize","Whirlwind","Armaments"],"relics":["Burning Blood","Shovel","Girya","Ornamental Fan"],"potions_floor_usage":[8],"damage_taken":[{"damage":0,"enemies":"2 Louse","floor":1,"turns":2},{"damage":1,"enemies":"Cultist","floor":2,"turns":3},{"damage":11,"enemies":"Jaw Worm","floor":4,"turns":2},{"damage":16,"enemies":"Large Slime","floor":5,"turns":5},{"damage":19,"enemies":"3 Sentries","floor":6,"turns":9},{"damage":40,"enemies":"Lagavulin","floor":8,"turns":7},{"damage":32,"enemies":"Gremlin Nob","floor":10,"turns":4}],"seed_played":"-6652885325217029182","potions_obtained":[{"floor":4,"key":"SkillPotion"},{"floor":5,"key":"SpeedPotion"},{"floor":6,"key":"Energy Potion"}],"is_trial":false,"path_per_floor":["M","M","$","M","M","E","?","E","T","E"],"character_chosen":"IRONCLAD","items_purchased":[],"campfire_rested":0,"item_purchase_floors":[],"current_hp_per_floor":[80,80,80,75,65,52,52,18,18,0],"gold":317,"neow_bonus":"THREE_CARDS","is_prod":false,"is_daily":false,"chose_seed":false,"campfire_upgraded":0,"win_rate":0,"timestamp":1542511531,"path_taken":["M","M","$","M","M","E","?","E","T","E"],"build_version":"2018-11-15","purchased_purges":1,"victory":false,"max_hp_per_floor":[80,80,80,80,80,80,80,80,80,80],"card_choices":[{"not_picked":["Shrug It Off","Disarm"],"picked":"Cleave","floor":0},{"not_picked":["Havoc","Wild Strike"],"picked":"Feel No Pain","floor":1},{"not_picked":["Sword Boomerang","Searing Blow"],"picked":"Seeing Red","floor":2},{"not_picked":["Ghostly Armor","Second Wind"],"picked":"Heavy Blade","floor":4},{"not_picked":["Headbutt","Clothesline"],"picked":"Metallicize","floor":5},{"not_picked":["Impervious","Dual Wield"],"picked":"Whirlwind","floor":6},{"not_picked":["Flex","Anger"],"picked":"Armaments","floor":8}],"player_experience":121779,"relics_obtained":[{"floor":6,"key":"Shovel"},{"floor":8,"key":"Girya"},{"floor":9,"key":"Ornamental Fan"}],"event_choices":[{"damage_healed":0,"gold_gain":100,"player_choice":"Pray","damage_taken":0,"max_hp_gain":0,"max_hp_loss":0,"event_name":"Golden Shrine","floor":7,"gold_loss":0}],"is_beta":false,"boss_relics":[],"items_purged_floors":[3],"is_endless":false,"potions_floor_spawned":[4,5,6],"killed_by":"Gremlin Nob","ascension_level":1}