{"gold_per_floor":[210,210,210,228,242,242,277,277,277,277,302,108,136,146,146,242,242,242,242,242,242],"floor_reached":21,"playtime":803,"items_purged":["Strike_G"],"score":276,"play_id":"b129563a-2f0d-422a-b43c-80c9bee8a795","local_time":"20190602221823","is_ascension_mode":true,"campfire_choices":[{"data":"Neutralize","floor":6,"key":"SMITH"},{"floor":8,"key":"REST"},{"data":"1","floor":10,"key":"LIFT"},{"floor":15,"key":"REST"}],"neow_cost":"NONE","seed_source_timestamp":1641156034607680,"circlet_count":0,"master_deck":["Defend_G","Defend_G","Defend_G","Defend_G+1","Defend_G","Strike_G","Strike_G","Strike_G","Strike_G+1","Survivor","Neutralize+1","Dodge and Roll","Wraith Form v2","Masterful Stab","Cloak And Dagger","Footwork+1","Cloak And Dagger","Wraith Form v2","Leg Sweep","Deadly Poison"],"relics":["Ring of the Snake","Girya","Ninja Scroll","Bag of Marbles","Vajra","Ectoplasm"],"potions_floor_usage":[13,16,21],"damage_taken":[{"damage":0,"enemies":"2 Louse","floor":1,"turns":4},{"damage":1,"enemies":"Small Slimes","floor":4,"turns":4},{"damage":6,"enemies":"Jaw Worm","floor":5,"turns":5},{"damage":32,"enemies":"3 Sentries","floor":7,"turns":18},{"damage":27,"enemies":"Gremlin Nob","floor":11,"turns":6},{"damage":1,"enemies":"Lagavulin","floor":13,"turns":4},{"damage":0,"enemies":"Blue Slaver","floor":14,"turns":1},{"damage":18,"enemies":"Hexaghost","floor":16,"turns":12},{"damage":0,"enemies":"Shell Parasite","floor":18,"turns":3},{"damage":0,"enemies":"3 Byrds","floor":19,"turns":6},{"damage":61,"enemies":"3 Cultists","floor":21,"turns":7}],"seed_played":"-3509311682699459858","potions_obtained":[{"floor":5,"key":"Poison Potion"},{"floor":11,"key":"PowerPotion"},{"floor":13,"key":"SpeedPotion"},{"floor":19,"key":"LiquidBronze"}],"is_trial":false,"path_per_floor":["M","?","?","M","M","R","E","R","T","R","E","$","E","M","R","B",null,"M","M","?","M"],"character_chosen":"THE_SILENT","items_purchased":["EssenceOfSteel","Cloak And Dagger"],"campfire_rested":2,"item_purchase_floors":[12,12],"current_hp_per_floor":[63,49,49,48,42,42,10,31,31,31,4,4,3,3,24,6,54,54,54,54,0],"gold":242,"neow_bonus":"HUNDRED_GOLD","is_prod":false,"is_daily":false,"chose_seed":false,"campfire_upgraded":1,"win_rate":0,"timestamp":1559528303,"path_taken":["M","?","?","?","M","R","E","R","T","R","E","$","E","M","R","BOSS","M","M","?","?"],"build_version":"2019-01-23","purchased_purges":1,"victory":false,"max_hp_per_floor":[70,70,70,70,70,70,70,70,70,70,70,70,70,70,70,70,70,70,70,70,70],"card_choices":[{"not_picked":["Acrobatics","Deflect"],"picked":"Dodge and Roll","floor":1},{"not_picked":["Blade Dance","Acrobatics","Outmaneuver"],"picked":"SKIP","floor":4},{"not_picked":["Deadly Poison","Cloak And Dagger"],"picked":"Wraith Form v2","floor":5},{"not_picked":["Dagger Throw","Backflip"],"picked":"Masterful Stab","floor":7},{"not_picked":["Terror","Quick Slash","Expertise"],"picked":"SKIP","floor":11},{"not_picked":["Accuracy","Dagger Throw"],"picked":"Footwork","floor":13},{"not_picked":["Blade Dance","Choke"],"picked":"Cloak And Dagger","floor":14},{"not_picked":["Bullet Time","Venomology"],"picked":"Wraith Form v2","floor":16},{"not_picked":["Cloak And Dagger","Flying Knee+1"],"picked":"Leg Sweep","floor":18},{"not_picked":["Dodge and Roll","Slice"],"picked":"Deadly Poison","floor":19}],"player_experience":568415,"relics_obtained":[{"floor":7,"key":"Girya"},{"floor":9,"key":"Ninja Scroll"},{"floor":11,"key":"Bag of Marbles"},{"floor":13,"key":"Vajra"}],"event_choices":[{"damage_healed":0,"gold_gain":0,"player_choice":"Entered Light","damage_taken":14,"max_hp_gain":0,"max_hp_loss":0,"event_name":"Shining Light","floor":2,"gold_loss":0,"cards_upgraded":["Defend_G","Strike_G"]},{"damage_healed":0,"gold_gain":0,"player_choice":"Ignored","damage_taken":0,"max_hp_gain":0,"max_hp_loss":0,"event_name":"Liars Game","floor":3,"gold_loss":0},{"damage_healed":0,"gold_gain":0,"player_choice":"Upgraded","damage_taken":0,"max_hp_gain":0,"max_hp_loss":0,"event_name":"Upgrade Shrine","floor":20,"gold_loss":0,"cards_upgraded":["Footwork"]}],"is_beta":false,"boss_relics":[{"not_picked":["HoveringKite","Tiny House"],"picked":"Ectoplasm"}],"items_purged_floors":[12],"is_endless":false,"potions_floor_spawned":[5,11,13,19],"killed_by":"3 Cultists","ascension_level":8}