{"gold_per_floor":[363,363,363,363,363,363,384,420,420,3,22,36,36,186,186,186],"floor_reached":16,"playtime":1145,"items_purged":["Strike_G"],"score":196,"play_id":"007237bb-0949-4c5a-a7f1-b47057055e53","local_time":"20190817233202","is_ascension_mode":true,"campfire_choices":[{"data":"Neutralize","floor":6,"key":"SMITH"},{"floor":15,"key":"REST"}],"neow_cost":"CURSE","seed_source_timestamp":70338285386799,"circlet_count":0,"master_deck":["AscendersBane","Strike_G","Strike_G","Strike_G","Strike_G","Defend_G","Defend_G","Defend_G","Defend_G","Defend_G","Survivor","Neutralize+1","Clumsy","Leg Sweep","Masterful Stab","Envenom","Caltrops","Flechettes","Backflip","Doubt"],"special_seed":0,"relics":["Ring of the Snake","Bag of Marbles","Golden Idol","Bird Faced Urn","Torii","Bottled Tornado"],"potions_floor_usage":[8,16],"damage_taken":[{"damage":1.0,"enemies":"Small Slimes","floor":1.0,"turns":4.0},{"damage":1,"enemies":"Jaw Worm","floor":7,"turns":6},{"damage":32,"enemies":"3 Sentries","floor":8,"turns":18},{"damage":0,"enemies":"2 Louse","floor":11,"turns":5},{"damage":4,"enemies":"Gremlin Gang","floor":12,"turns":4},{"damage":41,"enemies":"Slime Boss","floor":16,"turns":7}],"seed_played":"-2318729408026777333","potions_obtained":[{"floor":1.0,"key":"Explosive Potion"},{"floor":11,"key":"Ancient Potion"}],"is_trial":false,"path_per_floor":["M","?","?","?","?","R","M","E","T","$","M","M","?","?","R","B"],"character_chosen":"THE_SILENT","items_purchased":["Bottled Tornado","Caltrops"],"campfire_rested":1,"item_purchase_floors":[10,10],"current_hp_per_floor":[58,58,58,51,51,51,50,18,18,18,20,18,18,18,37,0],"gold":186,"neow_bonus":"TWO_FIFTY_GOLD","is_prod":false,"is_daily":false,"chose_seed":false,"campfire_upgraded":1,"win_rate":0,"timestamp":1566077522,"path_taken":["M","?","?","?","?","R","M","E","T","$","M","?","?","?","R","BOSS"],"build_version":"2019-07-17","purchased_purges":1,"victory":false,"max_hp_per_floor":[66,66,66,66,66,66,66,66,66,66,66,66,66,66,66,66],"card_choices":[{"not_picked":["Quick Slash","Poisoned Stab"],"picked":"Leg Sweep","floor":1.0},{"not_picked":["Setup","Prepared"],"picked":"Masterful Stab","floor":7},{"not_picked":["Poisoned Stab","Tactician"],"picked":"Envenom","floor":8},{"not_picked":["Acrobatics","Slice"],"picked":"Flechettes","floor":11},{"not_picked":["Eviscerate","Prepared"],"picked":"Backflip","floor":12}],"player_experience":1108357,"relics_obtained":[{"floor":8,"key":"Bird Faced Urn"},{"floor":9,"key":"Torii"}],"event_choices":[{"damage_healed":0.0,"max_hp_gain":0.0,"max_hp_loss":0.0,"gold_gain":0.0,"event_name":"Big Fish","player_choice":"Box","floor":2.0,"gold_loss":0.0,"damage_taken":0.0,"relics_obtained":["Bag of Marbles"],"cards_obtained":["Regret"]},{"damage_healed":0.0,"max_hp_gain":0.0,"max_hp_loss":0.0,"gold_gain":0.0,"event_name":"Golden Idol","player_choice":"Take Wound","floor":3.0,"gold_loss":0.0,"damage_taken":0.0,"relics_obtained":["Golden Idol"],"cards_obtained":["Injury"]},{"cards_removed":["Regret"],"damage_healed":0.0,"max_hp_gain":0.0,"max_hp_loss":0.0,"gold_gain":0.0,"event_name":"Golden Wing","player_choice":"Card Removal","floor":4.0,"gold_loss":0.0,"damage_taken":7.0},{"cards_removed":["Injury"],"damage_healed":0,"gold_gain":0,"player_choice":"Forget","damage_taken":0,"max_hp_gain":0,"max_hp_loss":0,"event_name":"Living Wall","floor":5,"gold_loss":0},{"damage_healed":0,"gold_gain":0,"player_choice":"Ignored","damage_taken":0,"max_hp_gain":0,"max_hp_loss":0,"event_name":"Shining Light","floor":13,"gold_loss":0},{"damage_healed":0,"gold_gain":150,"player_choice":"AGREE","damage_taken":0,"max_hp_gain":0,"max_hp_loss":0,"event_name":"Liars Game","floor":14,"gold_loss":0,"cards_obtained":["Doubt"]}],"is_beta":false,"boss_relics":[],"items_purged_floors":[10],"is_endless":false,"potions_floor_spawned":[1,11],"killed_by":"Slime Boss","ascension_level":20}