{"gold_per_floor":[118,118,136,61,81,81,91,91,91,102,134,146,146,159,159,255,255,268,279,279,39,51,51,51,83,83,83,83,83,83,118,118,223,223,242,259,39,49,49,80,94,94,144,44,60,160,160,188,188,188,188,188,153,183,183],"floor_reached":55,"playtime":6564,"items_purged":["Strike_B","Injury"],"score":777,"play_id":"be232be7-e3b0-43fd-9080-6bfa1b79ef1c","local_time":"20190813001457","is_ascension_mode":true,"campfire_choices":[{"floor":6.0,"key":"REST"},{"data":"Hologram","floor":8.0,"key":"SMITH"},{"data":"Static Discharge","floor":15.0,"key":"SMITH"},{"floor":23.0,"key":"REST"},{"floor":27.0,"key":"RECALL"},{"floor":29.0,"key":"REST"},{"floor":32.0,"key":"REST"},{"floor":42.0,"key":"REST"},{"data":"1","floor":47.0,"key":"LIFT"},{"data":"2","floor":49.0,"key":"LIFT"},{"data":"3","floor":52.0,"key":"LIFT"}],"neow_cost":"PERCENT_DAMAGE","seed_source_timestamp":0,"circlet_count":0,"master_deck":["Strike_B","Strike_B","Strike_B","Defend_B","Defend_B","Defend_B","Defend_B","Zap","Dualcast","Sunder+1","Streamline","Hologram+1","Undo","Steam","Static Discharge+1","Loop","Seek","Chill+1","Leap","Self Repair","Sweeping Beam+1","Auto Shields","Fission","Leap+1","Hologram+1","Apotheosis","Conserve Battery","Beam Cell+1","Leap+1","Buffer","Go for the Eyes+1","Double Energy+1","Sunder"],"special_seed":0,"relics":["Cracked Core","Nunchaku","Potion Belt","GremlinMask","Fusion Hammer","Bottled Flame","Torii","Matryoshka","Shuriken","Happy Flower","Ornamental Fan","Cursed Key","Orichalcum","Question Card","Vajra","Girya","Ice Cream","Bag of Marbles"],"potions_floor_usage":[55,55,55],"damage_taken":[{"damage":0.0,"enemies":"2 Louse","floor":1.0,"turns":2.0},{"damage":1.0,"enemies":"Jaw Worm","floor":3.0,"turns":3.0},{"damage":0.0,"enemies":"Cultist","floor":5.0,"turns":2.0},{"damage":0.0,"enemies":"Exordium Wildlife","floor":7.0,"turns":3.0},{"damage":0.0,"enemies":"3 Louse","floor":10.0,"turns":2.0},{"damage":16.0,"enemies":"Gremlin Nob","floor":11.0,"turns":3.0},{"damage":0.0,"enemies":"Large Slime","floor":12.0,"turns":3.0},{"damage":6.0,"enemies":"Exordium Wildlife","floor":14.0,"turns":3.0},{"damage":37.0,"enemies":"Slime Boss","floor":16.0,"turns":8.0},{"damage":14.0,"enemies":"Shell Parasite","floor":18.0,"turns":4.0},{"damage":9.0,"enemies":"Spheric Guardian","floor":19.0,"turns":4.0},{"damage":5.0,"enemies":"3 Cultists","floor":22.0,"turns":6.0},{"damage":25.0,"enemies":"Book of Stabbing","floor":25.0,"turns":6.0},{"damage":27.0,"enemies":"Slavers","floor":31.0,"turns":4.0},{"damage":72.0,"enemies":"Champ","floor":33.0,"turns":13.0},{"damage":0.0,"enemies":"3 Shapes","floor":35.0,"turns":5.0},{"damage":2.0,"enemies":"Orb Walker","floor":36.0,"turns":4.0},{"damage":14.0,"enemies":"Jaw Worm Horde","floor":38.0,"turns":4.0},{"damage":8.0,"enemies":"Reptomancer","floor":40.0,"turns":6.0},{"damage":0.0,"enemies":"Sphere and 2 Shapes","floor":41.0,"turns":4.0},{"damage":10.0,"enemies":"Writhing Mass","floor":45.0,"turns":8.0},{"damage":0.0,"enemies":"Mind Bloom Boss Battle","floor":46.0,"turns":8.0},{"damage":21.0,"enemies":"Giant Head","floor":48.0,"turns":10.0},{"damage":2.0,"enemies":"Awakened One","floor":50.0,"turns":17.0},{"damage":0.0,"enemies":"Shield and Spear","floor":54.0,"turns":9.0},{"damage":86,"enemies":"The Heart","floor":55,"turns":8}],"seed_played":"5375348505258751554","potions_obtained":[{"floor":1.0,"key":"Fire Potion"},{"floor":7.0,"key":"GamblersBrew"},{"floor":10.0,"key":"FocusPotion"},{"floor":14.0,"key":"Explosive Potion"},{"floor":16.0,"key":"Strength Potion"},{"floor":19.0,"key":"Strength Potion"},{"floor":25.0,"key":"SteroidPotion"},{"floor":31.0,"key":"SneckoOil"},{"floor":38.0,"key":"Strength Potion"},{"floor":40.0,"key":"FearPotion"},{"floor":41.0,"key":"Swift Potion"},{"floor":48.0,"key":"Energy Potion"},{"floor":54.0,"key":"Energy Potion"}],"is_trial":false,"path_per_floor":["M","?","M","$","M","R","M","R","T","M","E","M","?","M","R","B",null,"M","M","?","$","M","R","$","E","T","R","T","R","?","E","R","B",null,"M","M","$","M","?","E","M","R","T","$","M","?","R","E","R","B",null,"R","$","E","B"],"character_chosen":"DEFECT","items_purchased":["Bottled Flame","Apotheosis","Conserve Battery","Sunder"],"campfire_rested":5,"item_purchase_floors":[21,37,37,53],"current_hp_per_floor":[54,54,53,53,53,75,75,75,75,75,59,59,59,53,53,16,75,61,52,52,52,54,75,75,57,57,57,57,75,75,55,75,10,75,75,75,75,68,68,70,75,75,75,75,75,75,75,64,64,72,75,75,75,75,0],"gold":183,"neow_bonus":"ONE_RARE_RELIC","is_prod":false,"is_daily":false,"chose_seed":false,"campfire_upgraded":2,"win_rate":0,"timestamp":1565648097,"path_taken":["M","?","M","$","M","R","M","R","T","M","E","M","?","M","R","BOSS","M","M","?","$","M","R","$","E","T","R","?","R","?","E","R","BOSS","M","M","$","M","?","E","M","R","T","$","M","?","R","E","R","BOSS","R","$","E","BOSS"],"build_version":"2019-01-23","purchased_purges":2,"victory":false,"max_hp_per_floor":[75,75,75,75,75,75,75,75,75,75,75,75,75,75,75,75,75,75,75,75,75,75,75,75,75,75,75,75,75,75,75,75,75,75,75,75,75,75,75,75,75,75,75,75,75,75,75,75,75,75,75,75,75,75,75],"card_choices":[{"not_picked":["Gash","Hologram"],"picked":"Sunder","floor":1.0},{"not_picked":["Redo","Ball Lightning"],"picked":"Streamline","floor":3.0},{"not_picked":["Hello World","Go for the Eyes"],"picked":"Streamline","floor":5.0},{"not_picked":["Recycle","Aggregate"],"picked":"Hologram","floor":7.0},{"not_picked":["Barrage","Streamline"],"picked":"Undo","floor":10.0},{"not_picked":["Steam Power","Hyperbeam"],"picked":"Steam","floor":11.0},{"not_picked":["Heatsinks","Gash"],"picked":"Static Discharge","floor":12.0},{"not_picked":["Barrage","Coolheaded"],"picked":"Loop","floor":14.0},{"not_picked":["Reboot","Biased Cognition"],"picked":"Seek","floor":16.0},{"not_picked":["Gash+1","Stack+1"],"picked":"Chill+1","floor":18.0},{"not_picked":["Streamline","Aggregate"],"picked":"Leap","floor":19.0},{"not_picked":["Fusion","Blizzard","Compile Driver+1"],"picked":"SKIP","floor":22.0},{"not_picked":["Steam Power","Tempest"],"picked":"Sweeping Beam+1","floor":25.0},{"not_picked":["Scrape","Storm"],"picked":"Auto Shields","floor":31.0},{"not_picked":["Machine Learning","Seek"],"picked":"Fission","floor":33.0},{"not_picked":["Cold Snap","Go for the Eyes"],"picked":"Leap+1","floor":35.0},{"not_picked":["Conserve Battery","Gash"],"picked":"Hologram+1","floor":36.0},{"not_picked":["Go for the Eyes","Coolheaded"],"picked":"Beam Cell+1","floor":38.0},{"not_picked":["Compile Driver","Storm+1","White Noise+1"],"picked":"SKIP","floor":40.0},{"not_picked":["Coolheaded","Turbo+1"],"picked":"Leap+1","floor":41.0},{"not_picked":["Beam Cell","Redo","Leap+1"],"picked":"Buffer","floor":45.0},{"not_picked":["Barrage","Stack+1","FTL+1"],"picked":"Go for the Eyes+1","floor":46.0},{"not_picked":["Undo+1","Sunder","Rebound+1"],"picked":"Double Energy+1","floor":48.0},{"not_picked":["Sweeping Beam","Leap","Steam","Amplify"],"picked":"SKIP","floor":54.0}],"player_experience":186914,"relics_obtained":[{"floor":11.0,"key":"Potion Belt"},{"floor":25.0,"key":"Torii"},{"floor":26.0,"key":"Matryoshka"},{"floor":28.0,"key":"Shuriken"},{"floor":28.0,"key":"Happy Flower"},{"floor":31.0,"key":"Ornamental Fan"},{"floor":40.0,"key":"Orichalcum"},{"floor":43.0,"key":"Question Card"},{"floor":43.0,"key":"Vajra"},{"floor":46.0,"key":"Girya"},{"floor":48.0,"key":"Ice Cream"},{"floor":54.0,"key":"Bag of Marbles"}],"event_choices":[{"damage_healed":0.0,"max_hp_gain":0.0,"max_hp_loss":0.0,"gold_gain":0.0,"event_name":"Living Wall","player_choice":"Grow","floor":2.0,"gold_loss":0.0,"damage_taken":0.0,"cards_upgraded":["Sunder"]},{"damage_healed":0.0,"max_hp_gain":0.0,"max_hp_loss":0.0,"gold_gain":0.0,"event_name":"FaceTrader","player_choice":"Trade","floor":13.0,"gold_loss":0.0,"damage_taken":0.0,"relics_obtained":["GremlinMask"]},{"damage_healed":0.0,"max_hp_gain":0.0,"max_hp_loss":0.0,"gold_gain":0.0,"event_name":"The Library","player_choice":"Read","floor":20.0,"gold_loss":0.0,"damage_taken":0.0,"cards_obtained":["Self Repair"]},{"damage_healed":0.0,"max_hp_gain":0.0,"max_hp_loss":0.0,"gold_gain":0.0,"event_name":"Ghosts","player_choice":"Ignored","floor":30.0,"gold_loss":0.0,"damage_taken":0.0},{"cards_removed":["Streamline"],"damage_healed":0.0,"max_hp_gain":0.0,"max_hp_loss":0.0,"gold_gain":0.0,"event_name":"Falling","player_choice":"Removed Attack","floor":39.0,"gold_loss":0.0,"damage_taken":0.0},{"damage_healed":0.0,"max_hp_gain":0.0,"max_hp_loss":0.0,"gold_gain":0.0,"event_name":"MindBloom","player_choice":"Fight","floor":46.0,"gold_loss":0.0,"damage_taken":0.0}],"is_beta":false,"boss_relics":[{"not_picked":["Runic Dome","Black Star"],"picked":"Fusion Hammer"},{"not_picked":["White Beast Statue","Calling Bell"],"picked":"Cursed Key"}],"items_purged_floors":[4,44],"is_endless":false,"potions_floor_spawned":[1,7,10,14,16,19,25,31,38,40,41,48,54],"killed_by":"The Heart","ascension_level":1}