{"gold_per_floor":[361,45,59,74,93,93,125,125,151,171,171,246,266,297,297,372,372,391,391,411,18,37,37],"floor_reached":23,"playtime":1711,"items_purged":[],"score":406,"play_id":"7f432247-4041-40a7-a5d1-04aa3f6ecaa3","local_time":"20190626155410","is_ascension_mode":true,"campfire_choices":[{"data":"Bash","floor":6,"key":"SMITH"},{"data":"Armaments","floor":8,"key":"SMITH"},{"data":"Metallicize","floor":11,"key":"SMITH"},{"floor":15,"key":"REST"}],"neow_cost":"PERCENT_DAMAGE","seed_source_timestamp":195776464508800,"circlet_count":0,"master_deck":["AscendersBane","Strike_R","Strike_R","Defend_R","Defend_R","Defend_R","Defend_R","Bash+1","Headbutt","Shrug It Off","Metallicize+1","Spot Weakness","Heavy Blade","Dual Wield","Armaments+1","Clothesline","Corruption","Reaper","Fiend Fire+1","Carnage+1","True Grit+1","Twin Strike","Limit Break"],"relics":["Burning Blood","Red Skull","Omamori","Oddly Smooth Stone","Lantern","Astrolabe","WingedGreaves","Lee\u0027s Waffle"],"potions_floor_usage":[7,14,16,23],"damage_taken":[{"damage":12,"enemies":"Small Slimes","floor":1,"turns":4},{"damage":0,"enemies":"Cultist","floor":3,"turns":3},{"damage":0,"enemies":"2 Louse","floor":4,"turns":4},{"damage":3,"enemies":"Large Slime","floor":5,"turns":6},{"damage":33,"enemies":"Gremlin Nob","floor":7,"turns":4},{"damage":0,"enemies":"2 Fungi Beasts","floor":10,"turns":2},{"damage":3,"enemies":"Blue Slaver","floor":13,"turns":4},{"damage":16,"enemies":"Lagavulin","floor":14,"turns":7},{"damage":22,"enemies":"The Guardian","floor":16,"turns":9},{"damage":11,"enemies":"Spheric Guardian","floor":18,"turns":3},{"damage":29,"enemies":"Chosen","floor":20,"turns":6},{"damage":8,"enemies":"Centurion and Healer","floor":22,"turns":7},{"damage":81,"enemies":"Book of Stabbing","floor":23,"turns":5}],"seed_played":"803175006926072028","potions_obtained":[{"floor":4,"key":"Weak Potion"},{"floor":7,"key":"SpeedPotion"},{"floor":14,"key":"Explosive Potion"},{"floor":18,"key":"SteroidPotion"}],"is_trial":false,"path_per_floor":["M","$","M","M","M","R","E","R","T","M","R","?","M","E","R","B",null,"M","?","M","$","M","E"],"character_chosen":"IRONCLAD","items_purchased":["Red Skull","Shrug It Off","Metallicize","Strength Potion","Limit Break","Lee\u0027s Waffle"],"campfire_rested":1,"item_purchase_floors":[2,2,2,2,21,21],"current_hp_per_floor":[44,44,50,56,59,59,32,32,32,38,38,27,30,20,42,26,63,58,58,41,82,80,0],"gold":37,"neow_bonus":"TWO_FIFTY_GOLD","is_prod":false,"is_daily":false,"chose_seed":false,"campfire_upgraded":3,"win_rate":0,"timestamp":1561578850,"path_taken":["M","$","M","M","M","R","E","R","T","M","R","?","M","E","R","BOSS","M","?","M","$","?","E"],"build_version":"2019-01-23","purchased_purges":0,"victory":false,"max_hp_per_floor":[75,75,75,75,75,75,75,75,75,75,75,75,75,75,75,75,75,75,75,75,82,82,82],"card_choices":[{"not_picked":["Shrug It Off","Infernal Blade"],"picked":"Headbutt","floor":1},{"not_picked":["Infernal Blade","Rampage"],"picked":"Spot Weakness","floor":3},{"not_picked":["True Grit","Carnage"],"picked":"Heavy Blade","floor":4},{"not_picked":["Carnage","True Grit"],"picked":"Dual Wield","floor":5},{"not_picked":["Rampage","Twin Strike"],"picked":"Armaments","floor":7},{"not_picked":["Bloodletting","Heavy Blade","Burning Pact"],"picked":"SKIP","floor":10},{"not_picked":["Headbutt","True Grit"],"picked":"Clothesline","floor":13},{"not_picked":["Clothesline","Berserk"],"picked":"Corruption","floor":14},{"not_picked":["Immolate","Fiend Fire"],"picked":"Reaper","floor":16},{"not_picked":["Armaments","Uppercut"],"picked":"Twin Strike","floor":18},{"not_picked":["Heavy Blade","Cleave","Thunderclap"],"picked":"SKIP","floor":20},{"not_picked":["Armaments+1","Hemokinesis","Iron Wave"],"picked":"SKIP","floor":22}],"player_experience":2171799,"relics_obtained":[{"floor":7,"key":"Omamori"},{"floor":9,"key":"Oddly Smooth Stone"},{"floor":14,"key":"Lantern"}],"event_choices":[{"damage_healed":0,"gold_gain":75,"player_choice":"Gather Gold","damage_taken":11,"max_hp_gain":0,"max_hp_loss":0,"event_name":"World of Goop","floor":12,"gold_loss":0},{"damage_healed":0,"gold_gain":0,"player_choice":"Gave Potion","damage_taken":0,"relics_obtained":["WingedGreaves"],"max_hp_gain":0,"max_hp_loss":0,"event_name":"WeMeetAgain","floor":19,"gold_loss":0}],"is_beta":false,"boss_relics":[{"not_picked":["Lizard Tail","Busted Crown"],"picked":"Astrolabe"}],"items_purged_floors":[],"is_endless":false,"potions_floor_spawned":[4,7,14,18],"killed_by":"Book of Stabbing","ascension_level":20}