{"gold_per_floor":[118,43,43,53,70,70,81,81,81,81,6,24,24,38,38,162,162,180,180,80,104,104,104],"floor_reached":23,"playtime":872,"items_purged":["Strike_R","Strike_R"],"score":217,"play_id":"7c751769-fed4-4b82-a97a-4e32cb2d09fa","local_time":"20190811101432","is_ascension_mode":true,"campfire_choices":[{"data":"Bash","floor":6,"key":"SMITH"},{"data":"Body Slam","floor":8,"key":"SMITH"},{"data":"Warcry","floor":10,"key":"SMITH"},{"floor":15,"key":"REST"}],"neow_cost":"TEN_PERCENT_HP_LOSS","seed_source_timestamp":187501554113716,"circlet_count":0,"master_deck":["Strike_R","Strike_R","Defend_R","Defend_R","Bash+1","Flex","Sword Boomerang","Body Slam+1","Warcry+1","Spot Weakness","Heavy Blade","Impervious","Entrench","True Grit","Impervious","Havoc"],"relics":["Burning Blood","StoneCalendar","Singing Bowl","Golden Idol","Orrery"],"potions_floor_usage":[14,18,23,23],"damage_taken":[{"damage":1,"enemies":"Small Slimes","floor":1,"turns":3},{"damage":0,"enemies":"2 Louse","floor":4,"turns":3},{"damage":2,"enemies":"Jaw Worm","floor":5,"turns":3},{"damage":17,"enemies":"2 Fungi Beasts","floor":7,"turns":5},{"damage":11,"enemies":"Blue Slaver","floor":12,"turns":3},{"damage":13,"enemies":"Large Slime","floor":14,"turns":5},{"damage":58,"enemies":"The Guardian","floor":16,"turns":10},{"damage":52,"enemies":"3 Byrds","floor":18,"turns":7},{"damage":14,"enemies":"Shell Parasite","floor":21,"turns":5},{"damage":41,"enemies":"Gremlin Leader","floor":23,"turns":4}],"seed_played":"7281574565809047400","potions_obtained":[{"floor":1,"key":"Dexterity Potion"},{"floor":5,"key":"AttackPotion"},{"floor":12,"key":"Ancient Potion"},{"floor":16,"key":"Block Potion"},{"floor":18,"key":"LiquidBronze"}],"is_trial":false,"path_per_floor":["M","$","?","M","M","R","M","R","T","R","$","M","?","M","R","B",null,"M","?","$","M","?","E"],"character_chosen":"IRONCLAD","items_purchased":["Spot Weakness"],"campfire_rested":1,"item_purchase_floors":[11],"current_hp_per_floor":[72,72,77,77,77,77,66,66,66,66,66,61,42,37,60,8,85,41,41,41,35,35,0],"gold":104,"neow_bonus":"ONE_RARE_RELIC","is_prod":false,"is_daily":false,"chose_seed":false,"campfire_upgraded":3,"win_rate":0,"timestamp":1565543672,"path_taken":["M","$","?","M","M","R","M","R","T","R","$","M","?","M","R","BOSS","M","?","$","M","?","E"],"build_version":"2019-07-17","purchased_purges":2,"victory":false,"max_hp_per_floor":[72,72,77,77,77,77,77,77,77,77,77,77,77,79,79,79,85,87,87,87,89,89,89],"card_choices":[{"not_picked":["Infernal Blade","Searing Blow"],"picked":"Flex","floor":1},{"not_picked":["Reckless Charge","Rupture"],"picked":"Sword Boomerang","floor":4},{"not_picked":["True Grit","Clothesline"],"picked":"Body Slam","floor":5},{"not_picked":["Fire Breathing","True Grit"],"picked":"Warcry","floor":7},{"not_picked":["Disarm","Brutality"],"picked":"Heavy Blade","floor":12},{"not_picked":["Clothesline","Cleave","Pommel Strike"],"picked":"Singing Bowl","floor":14},{"not_picked":["Limit Break","Brutality"],"picked":"Impervious","floor":16},{"not_picked":["Warcry","Thunderclap"],"picked":"Entrench","floor":17},{"not_picked":["Wild Strike","Perfected Strike","Pommel Strike"],"picked":"Singing Bowl","floor":17},{"not_picked":["Rupture","Clash","Blood for Blood"],"picked":"Singing Bowl","floor":17},{"not_picked":["Infernal Blade","Thunderclap"],"picked":"True Grit","floor":17},{"not_picked":["Evolve","Thunderclap","Bloodletting"],"picked":"Singing Bowl","floor":17},{"not_picked":["Spot Weakness","Immolate","Twin Strike"],"picked":"Singing Bowl","floor":18},{"not_picked":["Power Through","Burning Pact","Anger"],"picked":"Singing Bowl","floor":21}],"player_experience":350181,"relics_obtained":[{"floor":9,"key":"Singing Bowl"}],"event_choices":[{"damage_healed":0,"gold_gain":0,"player_choice":"Donut","damage_taken":0,"max_hp_gain":5,"max_hp_loss":0,"event_name":"Big Fish","floor":3,"gold_loss":0},{"damage_healed":0,"gold_gain":0,"player_choice":"Take Damage","damage_taken":19,"relics_obtained":["Golden Idol"],"max_hp_gain":0,"max_hp_loss":0,"event_name":"Golden Idol","floor":13,"gold_loss":0},{"damage_healed":0,"gold_gain":0,"cards_transformed":["Strike_R","Defend_R"],"player_choice":"Became Test Subject","damage_taken":0,"max_hp_gain":0,"max_hp_loss":0,"event_name":"Drug Dealer","floor":19,"gold_loss":0,"cards_obtained":["Impervious","Havoc"]},{"cards_removed":["Defend_R"],"damage_healed":0,"gold_gain":0,"player_choice":"Elegance","damage_taken":0,"max_hp_gain":0,"max_hp_loss":0,"event_name":"Back to Basics","floor":22,"gold_loss":0}],"is_beta":false,"boss_relics":[{"not_picked":["Fusion Hammer","Snecko Eye"],"picked":"Orrery"}],"items_purged_floors":[2,20],"is_endless":false,"potions_floor_spawned":[1,5,12,16,18],"killed_by":"Gremlin Leader","ascension_level":4}