{"gold_per_floor":[115,115,40,53,100,141,141,174,174,174,174,192,217,231,231,357,357,380,207,232,232,247,290,290,9,9,53,53,53,152,152],"floor_reached":31,"playtime":1301,"items_purged":["Strike_G","Skewer","Caltrops"],"score":427,"play_id":"1b38e0d5-e3a7-4824-8bf7-860ff280e1bd","local_time":"20190817222909","is_ascension_mode":true,"campfire_choices":[{"data":"Dash","floor":7,"key":"SMITH"},{"data":"Poisoned Stab","floor":10,"key":"SMITH"},{"data":"Blur","floor":15,"key":"SMITH"},{"data":"Catalyst","floor":24,"key":"SMITH"},{"data":"Deadly Poison","floor":28,"key":"SMITH"}],"neow_cost":"NONE","seed_source_timestamp":197545972260500,"circlet_count":0,"master_deck":["Survivor","Neutralize","Dash+1","Poisoned Stab+1","Calculated Gamble","Blur+1","Adrenaline","Wraith Form v2","Heel Hook","Bouncing Flask","Dagger Throw","Die Die Die","Caltrops","Burst","Deadly Poison+1","Catalyst+1","Backflip+1","Deadly Poison+1"],"relics":["Ring of the Snake","NeowsBlessing","Golden Idol","Orichalcum","Ninja Scroll","Oddly Smooth Stone","Juzu Bracelet","Snake Skull","Pandora\u0027s Box","Bottled Flame","Bag of Preparation","Blue Candle","Strawberry"],"potions_floor_usage":[8,16,27,27,31],"damage_taken":[{"damage":0,"enemies":"Small Slimes","floor":1,"turns":1},{"damage":0,"enemies":"Jaw Worm","floor":4,"turns":1},{"damage":0,"enemies":"Lagavulin","floor":6,"turns":1},{"damage":12,"enemies":"3 Sentries","floor":8,"turns":10},{"damage":0,"enemies":"Cultist","floor":12,"turns":3},{"damage":0,"enemies":"3 Louse","floor":13,"turns":2},{"damage":0,"enemies":"Exordium Thugs","floor":14,"turns":3},{"damage":7,"enemies":"The Guardian","floor":16,"turns":11},{"damage":0,"enemies":"Spheric Guardian","floor":18,"turns":3},{"damage":16,"enemies":"2 Thieves","floor":20,"turns":3},{"damage":0,"enemies":"Snecko","floor":22,"turns":2},{"damage":0,"enemies":"Gremlin Leader","floor":23,"turns":4},{"damage":18,"enemies":"Slavers","floor":27,"turns":3},{"damage":51,"enemies":"Gremlin Leader","floor":31,"turns":3}],"seed_played":"4797747561246857160","potions_obtained":[{"floor":1,"key":"Poison Potion"},{"floor":6,"key":"PowerPotion"},{"floor":13,"key":"Fire Potion"},{"floor":16,"key":"Swift Potion"},{"floor":20,"key":"Fire Potion"}],"is_trial":false,"path_per_floor":["M","?","$","M","T","E","R","E","T","R","?","M","M","M","R","B",null,"M","$","M","?","M","E","R","$","T","E","R","?","?","E"],"character_chosen":"THE_SILENT","items_purchased":["Catalyst","Bag of Preparation"],"campfire_rested":0,"item_purchase_floors":[19,25],"current_hp_per_floor":[70,53,53,53,53,53,53,41,41,41,38,38,38,38,38,31,70,70,70,54,54,54,54,54,54,54,43,43,43,43,0],"gold":152,"neow_bonus":"THREE_ENEMY_KILL","is_prod":false,"is_daily":false,"chose_seed":false,"campfire_upgraded":5,"win_rate":0,"timestamp":1566044949,"path_taken":["M","?","$","M","?","E","R","E","T","R","?","M","M","M","R","BOSS","M","$","M","?","M","E","R","?","T","E","R","?","?","E"],"build_version":"2019-07-17","purchased_purges":3,"victory":false,"max_hp_per_floor":[70,70,70,70,70,70,70,70,70,70,70,70,70,70,70,70,70,70,70,70,70,70,70,70,70,70,77,77,77,77,77],"card_choices":[{"not_picked":["Dagger Spray","Flying Knee"],"picked":"Dash","floor":1},{"not_picked":["Well Laid Plans","Dagger Spray"],"picked":"Poisoned Stab","floor":4},{"not_picked":["Quick Slash","Dodge and Roll"],"picked":"Calculated Gamble","floor":6},{"not_picked":["Doppelganger","Unload","Caltrops"],"picked":"SKIP","floor":8},{"not_picked":["Blade Dance","Dodge and Roll","Outmaneuver"],"picked":"SKIP","floor":12},{"not_picked":["Dodge and Roll","Cloak And Dagger","Dagger Throw"],"picked":"SKIP","floor":13},{"not_picked":["Distraction","Tactician"],"picked":"Blur","floor":14},{"not_picked":["Tools of the Trade","Corpse Explosion"],"picked":"Adrenaline","floor":16},{"not_picked":["Prepared","Slice"],"picked":"Deadly Poison+1","floor":18},{"not_picked":["Acrobatics+1","Predator"],"picked":"Backflip+1","floor":20},{"not_picked":["PiercingWail","Footwork","Eviscerate"],"picked":"SKIP","floor":22},{"not_picked":["Underhanded Strike+1","Caltrops+1"],"picked":"Deadly Poison","floor":23},{"not_picked":["Eviscerate+1","Prepared","Tactician+1"],"picked":"SKIP","floor":27}],"player_experience":53786,"relics_obtained":[{"floor":5,"key":"Orichalcum"},{"floor":6,"key":"Ninja Scroll"},{"floor":8,"key":"Oddly Smooth Stone"},{"floor":9,"key":"Juzu Bracelet"},{"floor":23,"key":"Bottled Flame"},{"floor":26,"key":"Blue Candle"},{"floor":27,"key":"Strawberry"}],"event_choices":[{"damage_healed":0,"gold_gain":0,"player_choice":"Take Damage","damage_taken":17,"relics_obtained":["Golden Idol"],"max_hp_gain":0,"max_hp_loss":0,"event_name":"Golden Idol","floor":2,"gold_loss":0},{"damage_healed":0,"gold_gain":0,"player_choice":"Success","damage_taken":3,"relics_obtained":["Snake Skull"],"max_hp_gain":0,"max_hp_loss":0,"event_name":"Scrap Ooze","floor":11,"gold_loss":0},{"damage_healed":0,"gold_gain":0,"player_choice":"Bought 0 Potions","damage_taken":0,"max_hp_gain":0,"max_hp_loss":0,"event_name":"The Woman in Blue","floor":21,"gold_loss":0},{"damage_healed":0,"gold_gain":0,"player_choice":"Ignored","damage_taken":0,"max_hp_gain":0,"max_hp_loss":0,"event_name":"Ghosts","floor":29,"gold_loss":0},{"damage_healed":0,"gold_gain":99,"player_choice":"Stole From Cult","damage_taken":0,"max_hp_gain":0,"max_hp_loss":0,"event_name":"Nest","floor":30,"gold_loss":0}],"is_beta":false,"boss_relics":[{"not_picked":["Cursed Key","White Beast Statue"],"picked":"Pandora\u0027s Box"}],"items_purged_floors":[3,19,25],"is_endless":false,"potions_floor_spawned":[1,6,13,16,20,22],"killed_by":"Gremlin Leader","ascension_level":4}