{"gold_per_floor":[118,128,88,105,105,135,135,198,198,217,217,249,259,259,259,362,362,378,378,393,84,96,96,107,107,107,107,118,137,17,34,34,130,130,145,145,165,21,34,34,54,54,102,127,138,138,148,162,162,162],"floor_reached":51,"playtime":3899,"items_purged":["Strike_B"],"score":885,"play_id":"ebd52af4-ef3d-44cd-99a3-4ebd3810135d","local_time":"20190818120556","is_ascension_mode":true,"campfire_choices":[{"data":"Zap","floor":7.0,"key":"SMITH"},{"floor":11.0,"key":"REST"},{"data":"Heatsinks","floor":15.0,"key":"SMITH"},{"floor":23.0,"key":"REST"},{"data":"Defragment","floor":25,"key":"SMITH"},{"data":"Defragment","floor":27,"key":"SMITH"},{"floor":32,"key":"REST"},{"floor":40,"key":"REST"},{"floor":42,"key":"REST"},{"data":"Electrodynamics","floor":46,"key":"SMITH"},{"floor":49,"key":"REST"}],"neow_cost":"NONE","seed_source_timestamp":70600930789662,"circlet_count":0,"master_deck":["Strike_B","Strike_B","Defend_B","Defend_B","Defend_B+1","Defend_B","Zap+1","Dualcast+1","Cold Snap","Heatsinks+1","Compile Driver","Gash","Gash+1","Capacitor+1","All For One+1","Gash+1","Capacitor","Defragment+1","Go for the Eyes+1","FTL+1","Cold Snap+1","Defragment+1","Ball Lightning+1","Go for the Eyes+1","Reinforced Body","Go for the Eyes+1","All For One+1","Redo+1","BootSequence+1","Self Repair","Electrodynamics+1","Defragment+1","Gash+1","Redo+1","FTL+1","Chill+1"],"special_seed":0,"relics":["Cracked Core","NeowsBlessing","Gremlin Horn","The Courier","Question Card","Molten Egg 2","Busted Crown","Pantograph","Dream Catcher","Sozu","Blood Vial","Toxic Egg 2"],"potions_floor_usage":[24,31,31,33,33],"damage_taken":[{"damage":0.0,"enemies":"Cultist","floor":1.0,"turns":1.0},{"damage":0.0,"enemies":"Jaw Worm","floor":2.0,"turns":1.0},{"damage":0.0,"enemies":"2 Louse","floor":4.0,"turns":1.0},{"damage":0.0,"enemies":"3 Sentries","floor":6.0,"turns":7.0},{"damage":14.0,"enemies":"Gremlin Nob","floor":8.0,"turns":4.0},{"damage":0.0,"enemies":"2 Fungi Beasts","floor":10.0,"turns":3.0},{"damage":15.0,"enemies":"Gremlin Nob","floor":12.0,"turns":4.0},{"damage":1.0,"enemies":"Blue Slaver","floor":13.0,"turns":3.0},{"damage":23.0,"enemies":"The Guardian","floor":16.0,"turns":15.0},{"damage":7.0,"enemies":"3 Byrds","floor":18.0,"turns":3.0},{"damage":10.0,"enemies":"Shell Parasite","floor":20.0,"turns":2.0},{"damage":4.0,"enemies":"Sentry and Sphere","floor":22.0,"turns":5.0},{"damage":0,"enemies":"Snake Plant","floor":24,"turns":4},{"damage":9,"enemies":"Snecko","floor":28,"turns":5},{"damage":23,"enemies":"Centurion and Healer","floor":29,"turns":3},{"damage":0,"enemies":"Cultist and Chosen","floor":31,"turns":3},{"damage":17,"enemies":"Automaton","floor":33,"turns":8},{"damage":10,"enemies":"3 Shapes","floor":35,"turns":6},{"damage":10,"enemies":"Orb Walker","floor":37,"turns":3},{"damage":28,"enemies":"3 Darklings","floor":39,"turns":5},{"damage":2,"enemies":"Jaw Worm Horde","floor":41,"turns":3},{"damage":18,"enemies":"Reptomancer","floor":44,"turns":5},{"damage":7,"enemies":"Sphere and 2 Shapes","floor":45,"turns":4},{"damage":35,"enemies":"4 Shapes","floor":47,"turns":4},{"damage":0,"enemies":"Transient","floor":48,"turns":5},{"damage":43,"enemies":"Time Eater","floor":50,"turns":10}],"seed_played":"-5858351561422688118","potions_obtained":[{"floor":3.0,"key":"Block Potion"},{"floor":3.0,"key":"Fire Potion"},{"floor":3.0,"key":"Ancient Potion"},{"floor":8.0,"key":"Block Potion"},{"floor":10.0,"key":"FocusPotion"},{"floor":13.0,"key":"FearPotion"},{"floor":18.0,"key":"Dexterity Potion"},{"floor":22.0,"key":"Fire Potion"},{"floor":29,"key":"Fire Potion"},{"floor":31,"key":"Explosive Potion"}],"is_trial":false,"path_per_floor":["M","M","?","M","?","E","R","?","T","M","R","E","M","?","R","B",null,"M","?","M","$","M","R","M","R","T","R","M","M","$","M","R","B",null,"M","?","M","$","M","R","M","R","T","E","M","R","M","M","R","B",null],"character_chosen":"DEFECT","items_purchased":["Capacitor","Defragment","Go for the Eyes+1","FTL+1","Cold Snap+1","Dream Catcher","Self Repair","Electrodynamics"],"campfire_rested":6,"item_purchase_floors":[21,21,21,21,21,30,38,38],"current_hp_per_floor":[75,75,75,75,60,60,60,46,46,46,68,53,52,52,52,29,64,57,57,47,47,43,65,65,65,65,65,56,33,33,33,55,58,71,61,61,51,51,30,52,57,75,75,57,59,59,33,35,57,39],"gold":162,"neow_bonus":"THREE_ENEMY_KILL","is_prod":false,"is_daily":false,"chose_seed":false,"campfire_upgraded":5,"win_rate":0,"timestamp":1566126356,"path_taken":["M","M","?","?","?","E","R","?","T","M","R","E","M","?","R","BOSS","M","?","M","?","M","R","M","R","T","R","?","?","?","M","R","BOSS","M","?","M","$","M","R","M","R","T","E","M","R","?","M","R","BOSS"],"build_version":"2019-07-17","purchased_purges":1,"victory":true,"max_hp_per_floor":[75,75,75,75,75,75,75,75,75,75,75,75,75,75,75,75,75,75,75,75,75,75,75,75,75,75,75,75,75,75,75,75,75,75,75,75,75,75,75,75,75,75,75,75,75,75,75,75,75,75],"card_choices":[{"not_picked":["Barrage","Steam","Stack"],"picked":"SKIP","floor":1.0},{"not_picked":["Streamline","Rebound"],"picked":"Cold Snap","floor":2.0},{"not_picked":["Leap","Consume","Stack"],"picked":"SKIP","floor":4.0},{"not_picked":["Reprogram","Leap"],"picked":"Heatsinks","floor":6.0},{"not_picked":["Conserve Battery","Storm"],"picked":"Compile Driver","floor":8.0},{"not_picked":["Steam","Auto Shields","Tempest"],"picked":"Gash","floor":10.0},{"not_picked":["Static Discharge","Stack","Conserve Battery"],"picked":"Gash","floor":12.0},{"not_picked":["Heatsinks","Melter+1","Darkness"],"picked":"Capacitor","floor":13.0},{"not_picked":["Core Surge+1","Creative AI","Hyperbeam+1"],"picked":"All For One+1","floor":16.0},{"not_picked":["Turbo"],"picked":"Gash+1","floor":18.0},{"not_picked":["Redo","Leap"],"picked":"SKIP","floor":20.0},{"not_picked":["Sweeping Beam+1"],"picked":"Defragment","floor":22.0},{"not_picked":["Scrape+1"],"picked":"Ball Lightning+1","floor":24},{"not_picked":["Heatsinks"],"picked":"Go for the Eyes+1","floor":28},{"not_picked":["Leap"],"picked":"Reinforced Body","floor":29},{"not_picked":["Darkness"],"picked":"Go for the Eyes+1","floor":31},{"not_picked":["Multi-Cast"],"picked":"All For One+1","floor":33},{"not_picked":["Barrage+1"],"picked":"Redo+1","floor":35},{"not_picked":["Redo"],"picked":"BootSequence+1","floor":37},{"not_picked":["Go for the Eyes+1"],"picked":"Defragment+1","floor":39},{"not_picked":["Go for the Eyes+1","Fusion"],"picked":"SKIP","floor":41},{"not_picked":["Sunder+1"],"picked":"Gash+1","floor":42},{"not_picked":["Streamline+1"],"picked":"Redo","floor":44},{"not_picked":["Amplify+1","Streamline+1"],"picked":"SKIP","floor":45},{"not_picked":["Self Repair+1"],"picked":"FTL+1","floor":47},{"not_picked":["Fusion+1"],"picked":"Chill+1","floor":48}],"player_experience":403635,"relics_obtained":[{"floor":6.0,"key":"Gremlin Horn"},{"floor":8.0,"key":"The Courier"},{"floor":9.0,"key":"Question Card"},{"floor":12.0,"key":"Molten Egg 2"},{"floor":26,"key":"Pantograph"},{"floor":43,"key":"Blood Vial"},{"floor":44,"key":"Toxic Egg 2"}],"event_choices":[{"damage_healed":0.0,"max_hp_gain":0.0,"max_hp_loss":0.0,"gold_gain":0.0,"event_name":"The Woman in Blue","player_choice":"Bought 3 Potions","floor":3.0,"gold_loss":0.0,"damage_taken":0.0},{"damage_healed":0.0,"max_hp_gain":0.0,"max_hp_loss":0.0,"gold_gain":0.0,"event_name":"Shining Light","player_choice":"Entered Light","floor":5.0,"gold_loss":0.0,"damage_taken":15.0,"cards_upgraded":["Dualcast","Defend_B"]},{"damage_healed":0.0,"max_hp_gain":0.0,"max_hp_loss":0.0,"gold_gain":0.0,"event_name":"Dead Adventurer","player_choice":"Searched \u00271\u0027 times","floor":8.0,"gold_loss":0.0,"damage_taken":0.0},{"damage_healed":0.0,"max_hp_gain":0.0,"max_hp_loss":0.0,"gold_gain":0.0,"event_name":"Living Wall","player_choice":"Grow","floor":14.0,"gold_loss":0.0,"damage_taken":0.0,"cards_upgraded":["Capacitor"]},{"cards_removed":["Strike_B"],"damage_healed":0.0,"max_hp_gain":0.0,"max_hp_loss":0.0,"gold_gain":0.0,"event_name":"Purifier","player_choice":"Purged","floor":19.0,"gold_loss":0.0,"damage_taken":0.0},{"damage_healed":0,"gold_gain":0,"player_choice":"Got Potions","damage_taken":0,"max_hp_gain":0,"max_hp_loss":0,"event_name":"Lab","floor":36,"gold_loss":0}],"is_beta":false,"boss_relics":[{"not_picked":["Pandora\u0027s Box","Tiny House"],"picked":"Busted Crown"},{"not_picked":["Eternal Feather","Runic Dome"],"picked":"Sozu"}],"items_purged_floors":[21],"is_endless":false,"potions_floor_spawned":[8,10,13,18,22,29,31,37,41,45,47,48],"ascension_level":5}