{"gold_per_floor":[112,122,23,39,53,53,69,69,69,80,113,13,24,24,24,125,125,145,70,80,99,99],"floor_reached":22,"playtime":1137,"items_purged":["Defend_G","Strike_G"],"score":209,"play_id":"684a6e72-6834-41cc-b86a-777a5a03537e","local_time":"20190116232811","is_ascension_mode":true,"campfire_choices":[{"data":"Blade Dance","floor":6,"key":"SMITH"},{"data":"Prepared","floor":15,"key":"SMITH"}],"neow_cost":"NONE","seed_source_timestamp":710876788126012,"circlet_count":0,"master_deck":["Defend_G","Defend_G","Defend_G","Defend_G","Strike_G","Strike_G","Strike_G","Survivor","Neutralize","Cloak And Dagger","Deflect","Blade Dance+1","Cloak And Dagger","Die Die Die","Infinite Blades","Flechettes","Prepared+1","Backstab","Envenom","Slice","Backflip","Blade Dance+1"],"relics":["Ring of the Snake","PreservedInsect","WarpedTongs","HoveringKite"],"potions_floor_usage":[16,20,21,22],"damage_taken":[{"damage":3,"enemies":"Jaw Worm","floor":1,"turns":5},{"damage":2,"enemies":"Cultist","floor":2,"turns":4},{"damage":0,"enemies":"2 Louse","floor":4,"turns":3},{"damage":1,"enemies":"Blue Slaver","floor":5,"turns":4},{"damage":0,"enemies":"Exordium Wildlife","floor":7,"turns":3},{"damage":0,"enemies":"Large Slime","floor":10,"turns":5},{"damage":15,"enemies":"3 Sentries","floor":11,"turns":5},{"damage":0,"enemies":"Looter","floor":13,"turns":2},{"damage":33,"enemies":"The Guardian","floor":16,"turns":15},{"damage":17,"enemies":"Shell Parasite","floor":18,"turns":6},{"damage":5,"enemies":"Chosen","floor":20,"turns":6},{"damage":39,"enemies":"3 Cultists","floor":21,"turns":6},{"damage":9,"enemies":"Chosen and Byrds","floor":22,"turns":4}],"seed_played":"679957113044014374","potions_obtained":[{"floor":10,"key":"FearPotion"},{"floor":11,"key":"Fire Potion"},{"floor":16,"key":"Ancient Potion"},{"floor":18,"key":"EssenceOfSteel"}],"is_trial":false,"path_per_floor":["M","M","$","M","M","R","M","?","T","M","E","$","M","?","R","B",null,"M","?","M","M","M"],"character_chosen":"THE_SILENT","items_purchased":["Blade Dance"],"campfire_rested":0,"item_purchase_floors":[3],"current_hp_per_floor":[67,65,65,65,64,64,64,64,64,64,49,49,49,49,49,16,70,53,53,48,9,0],"gold":99,"neow_bonus":"REMOVE_CARD","is_prod":false,"is_daily":false,"chose_seed":false,"campfire_upgraded":2,"win_rate":0,"timestamp":1547699291,"path_taken":["M","M","$","M","M","R","M","?","T","M","E","?","M","?","R","BOSS","M","?","M","M","M"],"build_version":"2019-01-10","purchased_purges":2,"victory":false,"max_hp_per_floor":[70,70,70,70,70,70,70,70,70,70,70,70,70,70,70,70,70,70,70,70,70,70],"card_choices":[{"not_picked":["Poisoned Stab","Catalyst"],"picked":"Cloak And Dagger","floor":1},{"not_picked":["Sucker Punch","Flying Knee"],"picked":"Deflect","floor":2},{"not_picked":["Footwork","Escape Plan"],"picked":"Cloak And Dagger","floor":4},{"not_picked":["Sucker Punch","Blur"],"picked":"Die Die Die","floor":5},{"not_picked":["Crippling Poison","Deflect"],"picked":"Infinite Blades","floor":7},{"not_picked":["Quick Slash","Bane"],"picked":"Flechettes","floor":10},{"not_picked":["Quick Slash","Dodge and Roll"],"picked":"Prepared","floor":11},{"not_picked":["Dodge and Roll","Flying Knee"],"picked":"Backstab","floor":13},{"not_picked":["Tools of the Trade","After Image"],"picked":"Envenom","floor":16},{"not_picked":["Dagger Throw","PiercingWail"],"picked":"Slice","floor":18},{"not_picked":["Bouncing Flask","Outmaneuver+1"],"picked":"Backflip","floor":20},{"not_picked":["Dagger Throw+1","Underhanded Strike+1"],"picked":"Blade Dance+1","floor":21}],"player_experience":271879,"relics_obtained":[{"floor":11,"key":"PreservedInsect"}],"event_choices":[{"damage_healed":0,"gold_gain":0,"player_choice":"Bought 0 Potions","damage_taken":0,"max_hp_gain":0,"max_hp_loss":0,"event_name":"The Woman in Blue","floor":8,"gold_loss":0},{"damage_healed":0,"gold_gain":0,"player_choice":"Rummage","damage_taken":0,"relics_obtained":["WarpedTongs"],"max_hp_gain":0,"max_hp_loss":0,"event_name":"Accursed Blacksmith","floor":14,"gold_loss":0,"cards_obtained":["Pain"]},{"cards_removed":["Pain"],"damage_healed":0,"gold_gain":0,"player_choice":"Gave Gold","damage_taken":0,"max_hp_gain":0,"max_hp_loss":0,"event_name":"Beggar","floor":19,"gold_loss":75}],"is_beta":false,"boss_relics":[{"not_picked":["White Beast Statue","Calling Bell"],"picked":"HoveringKite"}],"items_purged_floors":[3,12],"is_endless":false,"potions_floor_spawned":[10,11,16,18],"killed_by":"Chosen and Byrds","ascension_level":2}