{"gold_per_floor":[12,24,24,49,65,65,104,104,127,127,148,171,171,190,190,315,315,330,112,0,0,21,21,59,59,59,59,78,78,98,20,20,20],"floor_reached":33,"playtime":1398,"items_purged":["Defend_B"],"score":267,"play_id":"a56a21de-4e1e-47ee-a70c-46c71473183c","local_time":"20190818012642","is_ascension_mode":false,"campfire_choices":[{"data":"Conserve Battery","floor":6,"key":"SMITH"},{"data":"Zap","floor":10,"key":"SMITH"},{"data":"Lockon","floor":13,"key":"SMITH"},{"floor":15,"key":"REST"},{"data":"Seek","floor":23,"key":"SMITH"},{"data":"Scrape","floor":29,"key":"SMITH"},{"data":"Double Energy","floor":32,"key":"SMITH"}],"neow_cost":"NO_GOLD","seed_source_timestamp":208101341352400,"circlet_count":0,"master_deck":["Strike_B+1","Strike_B","Strike_B","Defend_B","Defend_B","Defend_B","Zap+1","Dualcast","Sweeping Beam+1","Lockon+1","Scrape+1","Conserve Battery+1","Melter","Storm","BootSequence","Reboot","Seek+1","Leap+1","Beam Cell","Gash","Double Energy+1"],"relics":["Cracked Core","Incense Burner","Golden Idol","Whetstone","Happy Flower","Busted Crown","Anchor","Ancient Tea Set","Letter Opener","Bottled Tornado"],"potions_floor_usage":[7,22,28,28,33],"damage_taken":[{"damage":7,"enemies":"2 Louse","floor":1,"turns":2},{"damage":3,"enemies":"Jaw Worm","floor":2,"turns":3},{"damage":1,"enemies":"Cultist","floor":4,"turns":3},{"damage":12,"enemies":"Looter","floor":5,"turns":4},{"damage":21,"enemies":"Lagavulin","floor":7,"turns":5},{"damage":1,"enemies":"Exordium Thugs","floor":11,"turns":3},{"damage":11,"enemies":"Large Slime","floor":12,"turns":3},{"damage":0,"enemies":"Exordium Wildlife","floor":14,"turns":3},{"damage":29,"enemies":"The Guardian","floor":16,"turns":10},{"damage":7,"enemies":"Shell Parasite","floor":18,"turns":4},{"damage":0,"enemies":"2 Thieves","floor":22,"turns":3},{"damage":51,"enemies":"Gremlin Leader","floor":24,"turns":7},{"damage":2,"enemies":"Snecko","floor":28,"turns":5},{"damage":1,"enemies":"3 Cultists","floor":30,"turns":4},{"damage":48,"enemies":"Collector","floor":33,"turns":5}],"seed_played":"219038052519382237","potions_obtained":[{"floor":2,"key":"FairyPotion"},{"floor":4,"key":"FocusPotion"},{"floor":12,"key":"Ancient Potion"},{"floor":14,"key":"Energy Potion"},{"floor":16,"key":"SmokeBomb"},{"floor":18,"key":"PowerPotion"},{"floor":22,"key":"SpeedPotion"},{"floor":24,"key":"Regen Potion"},{"floor":30,"key":"SkillPotion"}],"is_trial":false,"path_per_floor":["M","M","?","M","M","R","E","?","T","R","M","M","R","M","R","B",null,"M","$","?","?","M","R","E","?","T","T","M","R","M","$","R","B"],"character_chosen":"DEFECT","items_purchased":["Anchor","Double Energy"],"campfire_rested":1,"item_purchase_floors":[19,31],"current_hp_per_floor":[68,65,47,46,34,34,13,13,13,13,12,1,1,1,23,2,75,68,68,68,68,68,68,17,17,17,17,29,29,28,28,28,0],"gold":20,"neow_bonus":"ONE_RARE_RELIC","is_prod":false,"is_daily":false,"chose_seed":false,"campfire_upgraded":6,"win_rate":0.0,"timestamp":1566055602,"path_taken":["M","M","?","M","M","R","E","?","T","R","M","M","R","M","R","BOSS","M","$","?","?","?","R","E","?","T","?","M","R","?","$","R","BOSS"],"build_version":"2019-07-17","purchased_purges":1,"victory":false,"max_hp_per_floor":[75,75,75,75,75,75,75,75,75,75,75,75,75,75,75,75,75,75,75,75,75,75,75,75,75,75,75,75,75,75,75,75,75],"card_choices":[{"not_picked":["Leap","Steam Power"],"picked":"Sweeping Beam","floor":1},{"not_picked":["Leap","Blizzard"],"picked":"Lockon","floor":2},{"not_picked":["Heatsinks","Reboot"],"picked":"Scrape","floor":4},{"not_picked":["Barrage","Stack"],"picked":"Conserve Battery","floor":5},{"not_picked":["Beam Cell","Go for the Eyes"],"picked":"Melter","floor":7},{"not_picked":["Go for the Eyes","Sweeping Beam","Lockon"],"picked":"SKIP","floor":11},{"not_picked":["Cold Snap","Loop"],"picked":"BootSequence","floor":12},{"not_picked":["Cold Snap","Blizzard"],"picked":"Reboot","floor":14},{"not_picked":["Fission","Buffer"],"picked":"Seek","floor":16},{"not_picked":[],"picked":"Leap+1","floor":18},{"not_picked":["Reprogram"],"picked":"SKIP","floor":22},{"not_picked":[],"picked":"Beam Cell","floor":24},{"not_picked":["Cold Snap+1"],"picked":"SKIP","floor":28},{"not_picked":[],"picked":"Gash","floor":30}],"player_experience":56591,"relics_obtained":[{"floor":7,"key":"Whetstone"},{"floor":9,"key":"Happy Flower"},{"floor":24,"key":"Ancient Tea Set"},{"floor":26,"key":"Letter Opener"},{"floor":27,"key":"Bottled Tornado"}],"event_choices":[{"damage_healed":0,"gold_gain":0,"player_choice":"Take Damage","damage_taken":18,"relics_obtained":["Golden Idol"],"max_hp_gain":0,"max_hp_loss":0,"event_name":"Golden Idol","floor":3,"gold_loss":0},{"damage_healed":0,"gold_gain":0,"cards_transformed":["Strike_B"],"player_choice":"Transformed","damage_taken":0,"max_hp_gain":0,"max_hp_loss":0,"event_name":"Transmorgrifier","floor":8,"gold_loss":0,"cards_obtained":["Storm"]},{"damage_healed":0,"gold_gain":0,"player_choice":"Paid Fearfully","damage_taken":0,"max_hp_gain":0,"max_hp_loss":0,"event_name":"Masked Bandits","floor":20,"gold_loss":112},{"damage_healed":0,"gold_gain":0,"player_choice":"Ignored","damage_taken":0,"max_hp_gain":0,"max_hp_loss":0,"event_name":"N\u0027loth","floor":21,"gold_loss":0}],"is_beta":false,"boss_relics":[{"not_picked":["Sozu","Cursed Key"],"picked":"Busted Crown"}],"items_purged_floors":[19],"is_endless":false,"potions_floor_spawned":[2,4,12,14,16,18,22,24,30],"killed_by":"Collector","ascension_level":0}