{"gold_per_floor":[113,126,76,91,91,91,91,118,143,158,186,202,231,241,241,340,340,353,27,47,47,47],"floor_reached":22,"playtime":700,"items_purged":["Pain"],"score":281,"play_id":"6ff1ba30-e598-4acd-940e-40665abe1596","local_time":"20190608190745","is_ascension_mode":false,"campfire_choices":[{"data":"Zap","floor":7,"key":"SMITH"},{"data":"Loop","floor":15,"key":"SMITH"}],"neow_cost":"NONE","seed_source_timestamp":112525300189414,"circlet_count":0,"master_deck":["Strike_B","Strike_B","Strike_B","Strike_B","Defend_B","Defend_B","Defend_B","Zap+1","Dualcast","FTL","Auto Shields","Regret","Capacitor","Loop+1","Leap","Ball Lightning","Loop","Buffer","Cold Snap","Shame"],"relics":["Cracked Core","PreservedInsect","WarpedTongs","Du-Vu Doll","Bag of Marbles","Regal Pillow","Philosopher\u0027s Stone","Mercury Hourglass","Letter Opener"],"potions_floor_usage":[8,8,13,16],"damage_taken":[{"damage":0,"enemies":"Small Slimes","floor":1,"turns":2},{"damage":0,"enemies":"2 Louse","floor":2,"turns":2},{"damage":0,"enemies":"Cultist","floor":4,"turns":3},{"damage":8,"enemies":"Gremlin Nob","floor":8,"turns":2},{"damage":5,"enemies":"3 Louse","floor":10,"turns":3},{"damage":9,"enemies":"Lagavulin","floor":11,"turns":5},{"damage":2,"enemies":"Looter","floor":12,"turns":2},{"damage":3,"enemies":"Gremlin Nob","floor":13,"turns":2},{"damage":5,"enemies":"Large Slime","floor":14,"turns":4},{"damage":38,"enemies":"The Guardian","floor":16,"turns":8},{"damage":71,"enemies":"3 Byrds","floor":18,"turns":5},{"damage":9,"enemies":"Shell Parasite","floor":20,"turns":4},{"damage":8,"enemies":"Snake Plant","floor":22,"turns":1}],"seed_played":"-5068964373681509867","potions_obtained":[{"floor":1,"key":"AttackPotion"},{"floor":2,"key":"Explosive Potion"},{"floor":10,"key":"Ancient Potion"},{"floor":12,"key":"PowerPotion"},{"floor":14,"key":"Poison Potion"},{"floor":20,"key":"Ancient Potion"}],"is_trial":false,"path_per_floor":["M","M","?","M","?","?","R","E","T","M","E","M","E","M","R","B",null,"M","$","M","?","M"],"character_chosen":"DEFECT","items_purchased":["Mercury Hourglass"],"campfire_rested":0,"item_purchase_floors":[19],"current_hp_per_floor":[82,82,82,82,82,82,82,74,74,69,60,58,55,50,50,12,82,11,11,2,2,0],"gold":47,"neow_bonus":"TEN_PERCENT_HP_BONUS","is_prod":false,"is_daily":false,"chose_seed":false,"campfire_upgraded":2,"win_rate":0,"timestamp":1560038865,"path_taken":["M","M","?","M","?","?","R","E","T","?","E","M","E","M","R","BOSS","M","$","M","?","M"],"build_version":"2019-01-23","purchased_purges":1,"victory":false,"max_hp_per_floor":[82,82,82,82,82,82,82,82,82,82,82,82,82,82,82,82,82,82,82,82,82,82],"card_choices":[{"not_picked":["Beam Cell","Capacitor"],"picked":"FTL","floor":1},{"not_picked":["Rebound","Melter"],"picked":"Auto Shields","floor":2},{"not_picked":["Skim","Force Field","Reprogram"],"picked":"SKIP","floor":4},{"not_picked":["Beam Cell","Rebound"],"picked":"Capacitor","floor":8},{"not_picked":["Steam","Reprogram"],"picked":"Loop","floor":10},{"not_picked":["Streamline","Turbo"],"picked":"Leap","floor":11},{"not_picked":["Leap","Lockon","Double Energy"],"picked":"SKIP","floor":12},{"not_picked":["Steam Power","Melter"],"picked":"Ball Lightning","floor":13},{"not_picked":["Streamline","Reinforced Body"],"picked":"Loop","floor":14},{"not_picked":["All For One","Electrodynamics"],"picked":"Buffer","floor":16},{"not_picked":["Hologram","Steam"],"picked":"Cold Snap","floor":18},{"not_picked":["Auto Shields","Turbo","Fusion"],"picked":"SKIP","floor":20}],"player_experience":144120,"relics_obtained":[{"floor":8,"key":"Du-Vu Doll"},{"floor":11,"key":"Bag of Marbles"},{"floor":13,"key":"Regal Pillow"}],"event_choices":[{"cards_removed":["Defend_B"],"damage_healed":0,"gold_gain":0,"player_choice":"Card Removal","damage_taken":0,"max_hp_gain":0,"max_hp_loss":0,"event_name":"The Cleric","floor":3,"gold_loss":50},{"damage_healed":0,"gold_gain":0,"player_choice":"Box","damage_taken":0,"relics_obtained":["PreservedInsect"],"max_hp_gain":0,"max_hp_loss":0,"event_name":"Big Fish","floor":5,"gold_loss":0,"cards_obtained":["Regret"]},{"damage_healed":0,"gold_gain":0,"player_choice":"Rummage","damage_taken":0,"relics_obtained":["WarpedTongs"],"max_hp_gain":0,"max_hp_loss":0,"event_name":"Accursed Blacksmith","floor":6,"gold_loss":0,"cards_obtained":["Pain"]},{"damage_healed":0,"gold_gain":0,"player_choice":"Stole Relic","damage_taken":0,"relics_obtained":["Letter Opener"],"max_hp_gain":0,"max_hp_loss":0,"event_name":"Addict","floor":21,"gold_loss":0,"cards_obtained":["Shame"]}],"is_beta":false,"boss_relics":[{"not_picked":["FrozenCore","Pandora\u0027s Box"],"picked":"Philosopher\u0027s Stone"}],"items_purged_floors":[19],"is_endless":false,"potions_floor_spawned":[1,2,10,12,14,20],"killed_by":"Snake Plant","ascension_level":0}