{"path_per_floor":["M","$","?","M","?","R","E","M","T","E","M","M","M","M","R","B",null,"M","M","M","?","?","E","M"],"character_chosen":"THE_SILENT","items_purchased":["Noxious Fumes"],"gold_per_floor":[116,46,46,65,65,65,94,113,113,139,149,164,181,197,197,302,302,315,328,338,253,253,281,300],"floor_reached":25,"campfire_rested":0,"playtime":2004,"current_hp_per_floor":[69,69,69,65,65,65,54,54,54,37,46,46,38,37,37,32,70,57,54,49,49,49,33,16],"items_purged":[],"gold":300,"play_id":"bc297587-64ab-4e12-8169-4b923c5be2f8","is_prod":false,"is_daily":false,"campfire_rituals":0,"campfire_upgraded":1,"is_hardmode":false,"path_taken":["M","$","?","M","?","R","E","M","T","E","M","?","M","M","R","BOSS","M","M","M","?","?","E","M","?"],"build_version":"2018-01-18-PROD4","purchased_purges":0,"victory":false,"master_deck":["Defend_G","Defend_G","Defend_G","Defend_G","Strike_G","Strike_G","Strike_G","Strike_G","Strike_G","Survivor","Neutralize","Acrobatics","Noxious Fumes","Injury","Catalyst","Dagger Spray","Catalyst","Backflip","PiercingWail","Quick Slash","Poisoned Stab","Bouncing Flask","Corpse Explosion","Injury","Doubt","Dodge and Roll","Infinite Blades","Poisoned Stab","Backflip","PiercingWail"],"max_hp_per_floor":[70,70,70,70,70,70,70,70,70,70,70,70,70,70,70,70,70,70,70,70,70,70,70,70],"relics":["Ring of the Snake","Kunai","Meat on the Bone","Girya","Calling Bell","War Paint","Tough Bandages","Toolbox","Frozen Eye","Regal Pillow"],"campfire_meditates":0,"card_choices":[{"not_picked":["Masterful Stab","Outmaneuver"],"picked":"Acrobatics"},{"not_picked":["Sucker Punch","Bane"],"picked":"Catalyst"},{"not_picked":["Masterful Stab","Dagger Throw"],"picked":"Dagger Spray"},{"not_picked":["Deflect","Unload"],"picked":"Catalyst"},{"not_picked":["Leg Sweep","Calculated Gamble"],"picked":"Backflip"},{"not_picked":["Dodge and Roll","Blur"],"picked":"PiercingWail"},{"not_picked":["Flying Knee","Cloak And Dagger"],"picked":"Quick Slash"},{"not_picked":["Cloak And Dagger","Dagger Spray"],"picked":"Poisoned Stab"},{"not_picked":["Deadly Poison","Malaise"],"picked":"Bouncing Flask"},{"not_picked":["Adrenaline","Bullet Time"],"picked":"Corpse Explosion"},{"not_picked":["Heel Hook","Footwork"],"picked":"Dodge and Roll"},{"not_picked":["Endless Agony","Underhanded Strike"],"picked":"Infinite Blades"},{"not_picked":["Quick Slash","Sucker Punch"],"picked":"Poisoned Stab"},{"not_picked":["Endless Agony","Cloak And Dagger"],"picked":"Backflip"},{"not_picked":["Doppelganger","Dagger Throw"],"picked":"PiercingWail"}],"player_experience":63605,"potions_floor_usage":[7,7,10,16,16,23,23,23,25],"damage_taken":[{"damage":1,"enemies":"Cultist","floor":1,"turns":4},{"damage":4,"enemies":"Jaw Worm","floor":4,"turns":5},{"damage":11,"enemies":"Lagavulin","floor":7,"turns":6},{"damage":0,"enemies":"Small Slimes","floor":8,"turns":3},{"damage":17,"enemies":"3 Sentries","floor":10,"turns":5},{"damage":3,"enemies":"Red Slaver","floor":11,"turns":4},{"damage":0,"enemies":"2 Fungi Beasts","floor":12,"turns":4},{"damage":8,"enemies":"Lots of Slimes","floor":13,"turns":3},{"damage":1,"enemies":"Large Slime","floor":14,"turns":5},{"damage":32,"enemies":"Slime Boss","floor":16,"turns":9},{"damage":13,"enemies":"Shell Parasite","floor":18,"turns":7},{"damage":3,"enemies":"3 Byrds","floor":19,"turns":4},{"damage":5,"enemies":"Snecko","floor":20,"turns":3},{"damage":28,"enemies":"Slavers","floor":23,"turns":5},{"damage":29,"enemies":"3 Cultists","floor":24,"turns":7},{"damage":21,"enemies":"Slaver and Parasite","floor":25,"turns":2}],"event_choices":[{"event_name":"Accursed Blacksmith","player_choice":"Forge","floor":3,"damage_taken":0},{"event_name":"The Lab","player_choice":"Got Potions","floor":5,"damage_taken":0},{"event_name":"Addict","player_choice":"Obtained Relic","floor":21,"damage_taken":0},{"event_name":"Back to Basics","player_choice":"Elegance","floor":22,"damage_taken":0}],"boss_relics":[{"not_picked":["Sozu","Philosopher\u0027s Stone"],"picked":"Calling Bell"}],"potions_floor_spawned":[7,10,11,13,16,19,23],"seed_played":"-312018160916227455","killed_by":"Slaver and Parasite","is_trial":false}