{"gold_per_floor":[114,126,126,106,118,145,145,162,162,181,206,223,238,273,273,374,374,390,408,132,152,152,181,199,199,199,233,332,349,675,709,709,709],"floor_reached":33,"playtime":2635,"items_purged":[],"score":362,"play_id":"ee8b485c-f817-4d73-8529-82d380e08a60","local_time":"20190725192211","is_ascension_mode":true,"campfire_choices":[{"data":"1","floor":7,"key":"LIFT"},{"data":"2","floor":15,"key":"LIFT"},{"floor":32,"key":"REST"}],"neow_cost":"NONE","seed_source_timestamp":193475048289840,"circlet_count":0,"master_deck":["Strike_R","Strike_R","Strike_R","Strike_R","Strike_R","Defend_R","Defend_R","Defend_R","Defend_R","Bash+1","Cleave","Dropkick+1","Wild Strike","Dropkick","Armaments","Clothesline","Bloodletting","Shrug It Off","Armaments","Sever Soul","Fiend Fire","Clash+1","Exhume","Corruption","True Grit","Havoc","Uppercut","Carnage","Spot Weakness","Warcry+1","Immolate","Uppercut+1"],"relics":["Burning Blood","Girya","Ornamental Fan","Sundial","Dead Branch","Philosopher\u0027s Stone","Orichalcum","Happy Flower","Gremlin Horn","Old Coin","Red Mask"],"potions_floor_usage":[6,6,8,11,14,21,23,27,30,33],"damage_taken":[{"damage":8,"enemies":"2 Louse","floor":1,"turns":3},{"damage":5,"enemies":"Small Slimes","floor":2,"turns":3},{"damage":0,"enemies":"Cultist","floor":5,"turns":2},{"damage":31,"enemies":"Lagavulin","floor":6,"turns":4},{"damage":0,"enemies":"2 Fungi Beasts","floor":8,"turns":2},{"damage":10,"enemies":"Red Slaver","floor":10,"turns":3},{"damage":22,"enemies":"3 Sentries","floor":11,"turns":7},{"damage":6,"enemies":"3 Louse","floor":12,"turns":2},{"damage":6,"enemies":"2 Fungi Beasts","floor":13,"turns":3},{"damage":20,"enemies":"Lagavulin","floor":14,"turns":5},{"damage":20,"enemies":"Slime Boss","floor":16,"turns":9},{"damage":5,"enemies":"Chosen","floor":18,"turns":3},{"damage":7,"enemies":"Shell Parasite","floor":19,"turns":3},{"damage":18,"enemies":"Centurion and Healer","floor":21,"turns":4},{"damage":24,"enemies":"Slavers","floor":23,"turns":4},{"damage":0,"enemies":"Sentry and Sphere","floor":24,"turns":3},{"damage":23,"enemies":"Book of Stabbing","floor":27,"turns":3},{"damage":0,"enemies":"Snecko","floor":29,"turns":2},{"damage":38,"enemies":"Slavers","floor":30,"turns":4},{"damage":0,"enemies":"Masked Bandits","floor":31,"turns":2},{"damage":45,"enemies":"Champ","floor":33,"turns":6}],"seed_played":"1639697341288205460","potions_obtained":[{"floor":2,"key":"LiquidBronze"},{"floor":4,"key":"Energy Potion"},{"floor":5,"key":"Strength Potion"},{"floor":6,"key":"Block Potion"},{"floor":12,"key":"AttackPotion"},{"floor":16,"key":"Strength Potion"},{"floor":21,"key":"AttackPotion"},{"floor":24,"key":"PowerPotion"},{"floor":29,"key":"Regen Potion"},{"floor":31,"key":"Strength Potion"}],"is_trial":false,"path_per_floor":["M","M","?","?","M","E","R","M","T","M","E","M","M","E","R","B",null,"M","M","$","M","?","E","M","?","T","E","?","M","E","?","R","B"],"character_chosen":"IRONCLAD","items_purchased":["Corruption","Orichalcum","True Grit"],"campfire_rested":1,"item_purchase_floors":[20,20,20],"current_hp_per_floor":[78,79,79,79,80,55,55,61,61,57,41,41,41,27,27,13,80,80,79,79,67,67,49,55,40,40,23,23,29,9,15,40,0],"gold":709,"neow_bonus":"UPGRADE_CARD","is_prod":false,"is_daily":false,"chose_seed":false,"campfire_upgraded":0,"win_rate":0,"timestamp":1564100531,"path_taken":["M","M","?","?","M","E","R","M","T","?","E","M","M","E","R","BOSS","M","M","$","M","?","E","?","?","T","E","?","M","E","?","R","BOSS"],"build_version":"2019-07-17","purchased_purges":0,"victory":false,"max_hp_per_floor":[80,80,80,80,80,80,80,80,80,80,80,80,80,80,80,80,80,80,80,80,80,80,80,80,85,85,85,85,85,85,85,85,85],"card_choices":[{"not_picked":["Shrug It Off","Combust"],"picked":"Cleave","floor":1},{"not_picked":["Clothesline","Pommel Strike"],"picked":"Dropkick","floor":2},{"not_picked":["True Grit","Intimidate"],"picked":"Wild Strike","floor":5},{"not_picked":["Pommel Strike","Seeing Red"],"picked":"Dropkick","floor":6},{"not_picked":["Twin Strike","Warcry"],"picked":"Armaments","floor":8},{"not_picked":["Iron Wave","Body Slam"],"picked":"Clothesline","floor":10},{"not_picked":["Entrench","Sword Boomerang"],"picked":"Bloodletting","floor":11},{"not_picked":["Sword Boomerang","Rampage"],"picked":"Shrug It Off","floor":12},{"not_picked":["Anger","Thunderclap"],"picked":"Armaments","floor":13},{"not_picked":["Battle Trance","Corruption"],"picked":"Sever Soul","floor":14},{"not_picked":["Double Tap","Brutality"],"picked":"Fiend Fire","floor":16},{"not_picked":["Cleave","Heavy Blade"],"picked":"Clash+1","floor":18},{"not_picked":["Pommel Strike","Twin Strike"],"picked":"Exhume","floor":19},{"not_picked":["Anger","Warcry"],"picked":"Havoc","floor":21},{"not_picked":["Headbutt","Blood for Blood"],"picked":"Uppercut","floor":23},{"not_picked":["Clash","Burning Pact"],"picked":"Carnage","floor":24},{"not_picked":["Perfected Strike","Headbutt"],"picked":"Spot Weakness","floor":27},{"not_picked":["Iron Wave","Perfected Strike"],"picked":"Warcry+1","floor":29},{"not_picked":["Metallicize+1","Iron Wave"],"picked":"Immolate","floor":30},{"not_picked":["Thunderclap+1","Carnage"],"picked":"Uppercut+1","floor":31}],"player_experience":97180,"relics_obtained":[{"floor":6,"key":"Girya"},{"floor":9,"key":"Ornamental Fan"},{"floor":11,"key":"Sundial"},{"floor":14,"key":"Dead Branch"},{"floor":23,"key":"Happy Flower"},{"floor":27,"key":"Gremlin Horn"},{"floor":30,"key":"Old Coin"},{"floor":31,"key":"Red Mask"}],"event_choices":[{"damage_healed":0,"gold_gain":0,"player_choice":"Grow","damage_taken":0,"max_hp_gain":0,"max_hp_loss":0,"event_name":"Living Wall","floor":3,"gold_loss":0,"cards_upgraded":["Dropkick"]},{"damage_healed":0,"gold_gain":0,"player_choice":"Bought 1 Potion","damage_taken":0,"max_hp_gain":0,"max_hp_loss":0,"event_name":"The Woman in Blue","floor":4,"gold_loss":0},{"damage_healed":0,"gold_gain":0,"player_choice":"Ignored","damage_taken":0,"max_hp_gain":0,"max_hp_loss":0,"event_name":"N\u0027loth","floor":22,"gold_loss":0},{"damage_healed":0,"gold_gain":0,"player_choice":"Shed Blood","damage_taken":20,"max_hp_gain":5,"max_hp_loss":0,"event_name":"Forgotten Altar","floor":25,"gold_loss":0},{"damage_healed":0,"gold_gain":99,"player_choice":"Stole From Cult","damage_taken":0,"max_hp_gain":0,"max_hp_loss":0,"event_name":"Nest","floor":28,"gold_loss":0},{"damage_healed":0,"gold_gain":0,"player_choice":"Fought Bandits","damage_taken":0,"max_hp_gain":0,"max_hp_loss":0,"event_name":"Masked Bandits","floor":31,"gold_loss":0}],"is_beta":false,"boss_relics":[{"not_picked":["Astrolabe","Empty Cage"],"picked":"Philosopher\u0027s Stone"}],"items_purged_floors":[],"is_endless":false,"potions_floor_spawned":[2,5,6,12,16,21,24,29,31],"killed_by":"Champ","ascension_level":2}