{"gold_per_floor":[113,113,113,36,49,49,83,134,134,84,112,124,124,124,124,223,223,237,237,250,250,263,296,311,327,327,327,360,376,395,430,430,526,526,539,464,475,229,249,249],"floor_reached":40,"playtime":3604,"items_purged":["Strike_R","Anger+1"],"score":834,"play_id":"3991a3eb-6ab9-460b-a8ff-2d3a33d885af","local_time":"20190601154844","is_ascension_mode":true,"campfire_choices":[{"data":"Disarm","floor":6,"key":"SMITH"},{"data":"Inflame","floor":13,"key":"SMITH"},{"data":"Anger","floor":15,"key":"SMITH"},{"floor":27,"key":"REST"},{"floor":32,"key":"REST"}],"neow_cost":"NONE","seed_source_timestamp":1528571050714057,"circlet_count":0,"master_deck":["AscendersBane","Strike_R+1","Defend_R","Defend_R","Defend_R","Defend_R","Bash+1","Disarm+1","Inflame+1","Heavy Blade+1","Metallicize","Feed","Shockwave","Impervious","Barricade","Fiend Fire","Feel No Pain","Shrug It Off","Spot Weakness","Spot Weakness","Metallicize","Thunderclap+1","Limit Break","True Grit","Havoc+1","Shrug It Off+1"],"relics":["Burning Blood","NeowsBlessing","Bag of Marbles","Bottled Lightning","Ancient Tea Set","Bottled Tornado","Pear","Whetstone","Snecko Eye","Gremlin Horn","Vajra","Bottled Flame","Orichalcum","Meat on the Bone","Mark of Pain","Strawberry"],"potions_floor_usage":[23,28,33],"damage_taken":[{"damage":0,"enemies":"2 Louse","floor":1,"turns":1},{"damage":0,"enemies":"Jaw Worm","floor":5,"turns":1},{"damage":0,"enemies":"Gremlin Nob","floor":7,"turns":1},{"damage":24,"enemies":"Lagavulin","floor":11,"turns":6},{"damage":6,"enemies":"Small Slimes","floor":12,"turns":4},{"damage":16,"enemies":"The Guardian","floor":16,"turns":10},{"damage":17,"enemies":"2 Thieves","floor":18,"turns":2},{"damage":6,"enemies":"Chosen","floor":20,"turns":4},{"damage":14,"enemies":"Centurion and Healer","floor":22,"turns":4},{"damage":50,"enemies":"Gremlin Leader","floor":23,"turns":10},{"damage":0,"enemies":"3 Cultists","floor":24,"turns":4},{"damage":8,"enemies":"Shelled Parasite and Fungi","floor":25,"turns":5},{"damage":16,"enemies":"Slavers","floor":28,"turns":10},{"damage":12,"enemies":"Sentry and Sphere","floor":29,"turns":4},{"damage":3,"enemies":"Centurion and Healer","floor":30,"turns":5},{"damage":21,"enemies":"Book of Stabbing","floor":31,"turns":8},{"damage":33,"enemies":"Collector","floor":33,"turns":10},{"damage":0,"enemies":"3 Shapes","floor":35,"turns":2},{"damage":63,"enemies":"Orb Walker","floor":37,"turns":7},{"damage":54,"enemies":"Writhing Mass","floor":39,"turns":7},{"damage":54,"enemies":"Giant Head","floor":40,"turns":7}],"seed_played":"-7123532812330515409","potions_obtained":[{"floor":7,"key":"Ancient Potion"},{"floor":11,"key":"SkillPotion"},{"floor":23,"key":"SmokeBomb"},{"floor":25,"key":"Energy Potion"},{"floor":29,"key":"PowerPotion"},{"floor":33,"key":"Strength Potion"}],"is_trial":false,"path_per_floor":["M","?","?","$","M","R","E","T","T","?","E","M","R","T","R","B",null,"M","?","M","?","M","E","M","M","T","R","E","M","M","E","R","B",null,"M","$","M","$","M","E"],"character_chosen":"IRONCLAD","items_purchased":["Inflame","Strawberry"],"campfire_rested":2,"item_purchase_floors":[4,38],"current_hp_per_floor":[78,78,53,53,59,59,65,65,65,65,57,57,57,57,57,47,79,68,68,71,71,66,22,31,29,29,58,48,45,51,39,71,59,98,107,107,65,72,39,0],"gold":249,"neow_bonus":"THREE_ENEMY_KILL","is_prod":false,"is_daily":false,"chose_seed":false,"campfire_upgraded":3,"win_rate":0,"timestamp":1559418524,"path_taken":["M","?","?","$","M","R","E","?","T","?","E","M","R","?","R","BOSS","M","?","M","?","?","E","M","M","T","R","E","M","M","E","R","BOSS","M","$","M","$","?","E"],"build_version":"2019-01-23","purchased_purges":2,"victory":false,"max_hp_per_floor":[80,80,80,80,80,80,80,80,80,80,90,90,90,90,90,90,90,90,90,93,93,96,96,99,99,99,99,99,102,105,108,108,111,111,114,114,117,124,127,127],"card_choices":[{"not_picked":["Anger","Searing Blow"],"picked":"Disarm","floor":1},{"not_picked":["Burning Pact","Clash"],"picked":"Anger","floor":5},{"not_picked":["Dropkick","Perfected Strike"],"picked":"Heavy Blade","floor":7},{"not_picked":["Perfected Strike","Thunderclap"],"picked":"Metallicize","floor":11},{"not_picked":["Burning Pact","Rupture","Heavy Blade"],"picked":"SKIP","floor":12},{"not_picked":["Barricade","Impervious"],"picked":"Feed","floor":16},{"not_picked":["Thunderclap","Second Wind"],"picked":"Shockwave","floor":18},{"not_picked":["Second Wind","Armaments","Thunderclap"],"picked":"SKIP","floor":20},{"not_picked":["Anger","Evolve","Thunderclap"],"picked":"SKIP","floor":22},{"not_picked":["Twin Strike","Cleave"],"picked":"Fiend Fire","floor":23},{"not_picked":["Infernal Blade","Armaments"],"picked":"Feel No Pain","floor":24},{"not_picked":["Evolve","Armaments"],"picked":"Shrug It Off","floor":25},{"not_picked":["Feed","Power Through"],"picked":"Spot Weakness","floor":28},{"not_picked":["Body Slam","Reckless Charge"],"picked":"Spot Weakness","floor":29},{"not_picked":["Iron Wave","Flex"],"picked":"Metallicize","floor":30},{"not_picked":["Searing Blow+1","Metallicize+1"],"picked":"Thunderclap+1","floor":31},{"not_picked":["Barricade","Double Tap"],"picked":"Limit Break","floor":33},{"not_picked":["Dual Wield+1","Wild Strike+1"],"picked":"True Grit","floor":35},{"not_picked":["Pommel Strike+1","Uppercut"],"picked":"Havoc+1","floor":37},{"not_picked":["Armaments+1","Clothesline+1"],"picked":"Shrug It Off+1","floor":39}],"player_experience":551161,"relics_obtained":[{"floor":7,"key":"Bottled Lightning"},{"floor":8,"key":"Ancient Tea Set"},{"floor":9,"key":"Bottled Tornado"},{"floor":11,"key":"Pear"},{"floor":14,"key":"Whetstone"},{"floor":23,"key":"Vajra"},{"floor":26,"key":"Bottled Flame"},{"floor":28,"key":"Orichalcum"},{"floor":31,"key":"Meat on the Bone"}],"event_choices":[{"damage_healed":0,"gold_gain":0,"player_choice":"Grow","damage_taken":0,"max_hp_gain":0,"max_hp_loss":0,"event_name":"Living Wall","floor":2,"gold_loss":0,"cards_upgraded":["Bash"]},{"damage_healed":0,"gold_gain":0,"player_choice":"Success","damage_taken":25,"relics_obtained":["Bag of Marbles"],"max_hp_gain":0,"max_hp_loss":0,"event_name":"Scrap Ooze","floor":3,"gold_loss":0},{"cards_removed":["Strike_R"],"damage_healed":0,"gold_gain":0,"player_choice":"Card Removal","damage_taken":0,"max_hp_gain":0,"max_hp_loss":0,"event_name":"The Cleric","floor":10,"gold_loss":50},{"damage_healed":0,"gold_gain":0,"cards_transformed":["Strike_R","Strike_R"],"player_choice":"Became Test Subject","damage_taken":0,"max_hp_gain":0,"max_hp_loss":0,"event_name":"Drug Dealer","floor":19,"gold_loss":0,"cards_obtained":["Impervious","Barricade"]},{"damage_healed":0,"gold_gain":0,"player_choice":"Gave Potion","damage_taken":0,"relics_obtained":["Gremlin Horn"],"max_hp_gain":0,"max_hp_loss":0,"event_name":"WeMeetAgain","floor":21,"gold_loss":0}],"is_beta":false,"boss_relics":[{"not_picked":["Black Star","Ectoplasm"],"picked":"Snecko Eye"},{"not_picked":["Black Blood","Runic Cube"],"picked":"Mark of Pain"}],"items_purged_floors":[36,38],"is_endless":false,"potions_floor_spawned":[7,11,20,23,25,29,33,39],"killed_by":"Giant Head","ascension_level":11}