{"gold_per_floor":[115,132,132,28,39,39,49,68,68,68,99,99,109,138,138,237,237,255,35,50,149,160,160,180,180,180,180,180,205,205,205],"floor_reached":31,"playtime":895,"items_purged":["Strike_R"],"score":331,"play_id":"ee00e9e5-7eef-4c8c-aeb6-7452afdaeaf4","local_time":"20181117221156","is_ascension_mode":true,"campfire_choices":[{"data":"Inflame","floor":6,"key":"SMITH"},{"data":"Brutality","floor":12,"key":"SMITH"},{"data":"Seeing Red","floor":15,"key":"SMITH"},{"data":"Armaments","floor":23,"key":"SMITH"},{"data":"Heavy Blade","floor":25,"key":"SMITH"},{"data":"Heavy Blade","floor":27,"key":"SMITH"},{"floor":30,"key":"REST"}],"neow_cost":"NONE","seed_source_timestamp":334516912396991,"circlet_count":0,"master_deck":["Strike_R","Strike_R","Strike_R","Strike_R","Defend_R","Defend_R+1","Defend_R","Defend_R","Bash","Heavy Blade+1","Inflame+1","Spot Weakness","Fire Breathing","Brutality+1","Heavy Blade+1","Twin Strike","Warcry+1","Seeing Red+1","Heavy Blade","Berserk","Flex","Sword Boomerang","Armaments+1","Metallicize","Rage"],"relics":["Burning Blood","Self Forming Clay","Question Card","Bottled Tornado","War Paint","Runic Cube","Bag of Preparation","Boot","Mercury Hourglass"],"potions_floor_usage":[11,14,18,24,29,31],"damage_taken":[{"damage":8,"enemies":"Small Slimes","floor":1,"turns":3},{"damage":6,"enemies":"Cultist","floor":2,"turns":3},{"damage":11,"enemies":"2 Louse","floor":5,"turns":3},{"damage":17,"enemies":"Red Slaver","floor":7,"turns":4},{"damage":15,"enemies":"2 Fungi Beasts","floor":8,"turns":3},{"damage":35,"enemies":"Lagavulin","floor":11,"turns":4},{"damage":18,"enemies":"Blue Slaver","floor":13,"turns":3},{"damage":16,"enemies":"Gremlin Nob","floor":14,"turns":3},{"damage":4,"enemies":"Slime Boss","floor":16,"turns":5},{"damage":31,"enemies":"2 Thieves","floor":18,"turns":3},{"damage":12,"enemies":"Spheric Guardian","floor":20,"turns":3},{"damage":20,"enemies":"Centurion and Healer","floor":22,"turns":4},{"damage":17,"enemies":"Sentry and Sphere","floor":24,"turns":3},{"damage":30,"enemies":"Slavers","floor":29,"turns":4},{"damage":39,"enemies":"Gremlin Leader","floor":31,"turns":2}],"seed_played":"-1676696210513024906","potions_obtained":[{"floor":2,"key":"Fire Potion"},{"floor":5,"key":"FearPotion"},{"floor":7,"key":"Regen Potion"},{"floor":10,"key":"Explosive Potion"},{"floor":13,"key":"Swift Potion"},{"floor":16,"key":"Poison Potion"},{"floor":20,"key":"SpeedPotion"},{"floor":24,"key":"Strength Potion"}],"is_trial":false,"path_per_floor":["M","M","?","$","M","R","M","M","T","?","E","R","M","E","R","B",null,"M","$","M","?","M","R","M","R","T","R","?","E","R","E"],"character_chosen":"IRONCLAD","items_purchased":["Spot Weakness","Fire Breathing","Bag of Preparation"],"campfire_rested":1,"item_purchase_floors":[4,4,19],"current_hp_per_floor":[86,86,86,86,81,81,70,61,61,61,44,44,32,22,22,24,88,63,63,57,57,43,43,32,32,32,32,32,8,34,0],"gold":205,"neow_bonus":"TEN_PERCENT_HP_BONUS","is_prod":false,"is_daily":false,"chose_seed":false,"campfire_upgraded":6,"win_rate":0,"timestamp":1542510716,"path_taken":["M","M","?","$","M","R","M","?","T","?","E","R","?","E","R","BOSS","M","$","M","?","M","R","M","R","T","R","?","E","R","E"],"build_version":"2018-11-15","purchased_purges":1,"victory":false,"max_hp_per_floor":[88,88,88,88,88,88,88,88,88,88,88,88,88,88,88,88,88,88,88,88,88,88,88,88,88,88,88,88,88,88,88],"card_choices":[{"not_picked":["Havoc","Entrench"],"picked":"Heavy Blade","floor":1},{"not_picked":["Flex","Wild Strike"],"picked":"Inflame","floor":2},{"not_picked":["Clothesline","Twin Strike"],"picked":"Brutality","floor":5},{"not_picked":["Perfected Strike","Flex"],"picked":"Heavy Blade","floor":7},{"not_picked":["True Grit","Shockwave"],"picked":"Twin Strike","floor":8},{"not_picked":["Carnage","Thunderclap","Pommel Strike"],"picked":"Warcry","floor":11},{"not_picked":["Flex","Dropkick","Feed"],"picked":"Seeing Red","floor":13},{"not_picked":["Anger","Shrug It Off","Warcry"],"picked":"Heavy Blade","floor":14},{"not_picked":["Double Tap","Exhume","Fiend Fire"],"picked":"Berserk","floor":16},{"not_picked":["Clothesline","Thunderclap+1","Twin Strike"],"picked":"Flex","floor":18},{"not_picked":["Iron Wave","Heavy Blade","Warcry"],"picked":"Sword Boomerang","floor":20},{"not_picked":["Cleave","Burning Pact+1","Clothesline+1"],"picked":"Armaments","floor":22},{"not_picked":["Dual Wield","True Grit+1","Havoc"],"picked":"Metallicize","floor":24},{"not_picked":["True Grit+1","Battle Trance","Perfected Strike"],"picked":"Rage","floor":29}],"player_experience":120884,"relics_obtained":[{"floor":9,"key":"Question Card"},{"floor":11,"key":"Bottled Tornado"},{"floor":14,"key":"War Paint"},{"floor":26,"key":"Boot"},{"floor":29,"key":"Mercury Hourglass"}],"event_choices":[{"damage_healed":0,"gold_gain":0,"player_choice":"Gave Potion","damage_taken":0,"relics_obtained":["Self Forming Clay"],"max_hp_gain":0,"max_hp_loss":0,"event_name":"WeMeetAgain","floor":3,"gold_loss":0},{"damage_healed":0,"gold_gain":0,"player_choice":"Got Potions","damage_taken":0,"max_hp_gain":0,"max_hp_loss":0,"event_name":"Lab","floor":10,"gold_loss":0},{"damage_healed":0,"gold_gain":99,"player_choice":"Stole From Cult","damage_taken":0,"max_hp_gain":0,"max_hp_loss":0,"event_name":"Nest","floor":21,"gold_loss":0},{"damage_healed":0,"gold_gain":0,"player_choice":"Ignored","damage_taken":0,"max_hp_gain":0,"max_hp_loss":0,"event_name":"Vampires","floor":28,"gold_loss":0}],"is_beta":false,"boss_relics":[{"not_picked":["Fusion Hammer","Coffee Dripper"],"picked":"Runic Cube"}],"items_purged_floors":[19],"is_endless":false,"potions_floor_spawned":[2,5,7,13,16,20,22,24],"killed_by":"Gremlin Leader","ascension_level":1}