{"gold_per_floor":[362,5,16,26,45,45,74,85,108,108,108,108,108,138,138,210,210,224,139,139,150,161,191,191,226,226,251,251,276,15,15,15,87,87,101,101,120,120,132,132,145,176,176,176,96,125,10,29,29,29,29],"floor_reached":51,"playtime":4693,"items_purged":["Strike_B","Strike_B"],"score":1607,"play_id":"Baalorlord-b3fd0010","local_time":"20190810155814","is_ascension_mode":true,"campfire_choices":[{"data":"Defragment","floor":6,"key":"SMITH"},{"data":"Barrage","floor":10,"key":"SMITH"},{"floor":13,"key":"REST"},{"data":"Doom and Gloom","floor":15,"key":"SMITH"},{"floor":24,"key":"REST"},{"floor":28,"key":"REST"},{"data":"Storm","floor":32,"key":"SMITH"},{"data":"Defragment","floor":40,"key":"SMITH"},{"floor":44,"key":"RECALL"},{"data":"Machine Learning","floor":49,"key":"SMITH"}],"neow_cost":"PERCENT_DAMAGE","seed_source_timestamp":184778761869700,"circlet_count":0,"master_deck":["AscendersBane","Strike_B+1","Defend_B+1","Defend_B","Dualcast","Doom and Gloom+1","Defragment+1","PanicButton","Glacier","Static Discharge","Conserve Battery+1","Go for the Eyes","Barrage+1","Storm+1","Machine Learning+1","Self Repair","Barrage","Lockon","Cold Snap","Skim+1","Darkness+1","Coolheaded","Heatsinks","Dark Shackles","Defragment+1","Thunder Strike","Conserve Battery+1","Multi-Cast+1","Streamline+1","White Noise","Coolheaded","Static Discharge","Force Field","Coolheaded","Heatsinks","Steam+1"],"relics":["Cracked Core","Membership Card","Smiling Mask","Regal Pillow","Whetstone","Nuclear Battery","Pen Nib","Strawberry","Omamori","Happy Flower","Gremlin Horn","Potion Belt","Anchor","Mummified Hand","Astrolabe","Bag of Marbles","Molten Egg 2","OrangePellets"],"potions_floor_usage":[8,18,23,27,51,51,51,51],"damage_taken":[{"damage":5,"enemies":"2 Louse","floor":1,"turns":3},{"damage":2,"enemies":"Jaw Worm","floor":3,"turns":4},{"damage":0,"enemies":"Cultist","floor":4,"turns":3},{"damage":0,"enemies":"3 Louse","floor":5,"turns":2},{"damage":9,"enemies":"3 Sentries","floor":7,"turns":8},{"damage":1,"enemies":"Looter","floor":8,"turns":3},{"damage":0,"enemies":"Lagavulin","floor":14,"turns":5},{"damage":25,"enemies":"Hexaghost","floor":16,"turns":9},{"damage":4,"enemies":"Spheric Guardian","floor":18,"turns":4},{"damage":27,"enemies":"Shell Parasite","floor":21,"turns":5},{"damage":13,"enemies":"Snake Plant","floor":22,"turns":4},{"damage":10,"enemies":"Gremlin Leader","floor":23,"turns":7},{"damage":36,"enemies":"Slavers","floor":25,"turns":5},{"damage":23,"enemies":"Book of Stabbing","floor":27,"turns":5},{"damage":10,"enemies":"Gremlin Leader","floor":29,"turns":7},{"damage":19,"enemies":"Collector","floor":33,"turns":9},{"damage":0,"enemies":"3 Shapes","floor":35,"turns":3},{"damage":10,"enemies":"3 Darklings","floor":37,"turns":3},{"damage":5,"enemies":"Spire Growth","floor":39,"turns":4},{"damage":23,"enemies":"Sphere and 2 Shapes","floor":41,"turns":4},{"damage":8,"enemies":"Nemesis","floor":42,"turns":3},{"damage":0,"enemies":"Reptomancer","floor":46,"turns":4},{"damage":0,"enemies":"Transient","floor":48,"turns":6},{"damage":29,"enemies":"Donu and Deca","floor":50,"turns":11},{"damage":62,"enemies":"Awakened One","floor":51,"turns":9}],"seed_played":"3733141236865727707","potions_obtained":[{"floor":4,"key":"Energy Potion"},{"floor":7,"key":"PowerPotion"},{"floor":8,"key":"Fruit Juice"},{"floor":14,"key":"Dexterity Potion"},{"floor":23,"key":"Dexterity Potion"},{"floor":27,"key":"FocusPotion"},{"floor":35,"key":"AttackPotion"},{"floor":37,"key":"SpeedPotion"}],"is_trial":false,"path_per_floor":["M","$","M","M","M","R","E","M","T","R","?","?","R","E","R","B",null,"M","?","?","M","M","E","R","E","T","E","R","E","$","?","R","B",null,"M","?","M","?","M","R","M","E","T","R","$","E","$","M","R","B","B"],"character_chosen":"DEFECT","items_purchased":["Membership Card","Defragment","PanicButton","Mummified Hand","Heatsinks","Dark Shackles","Heatsinks","Ancient Potion","OrangePellets"],"campfire_rested":3,"item_purchase_floors":[2,2,2,30,30,30,45,45,47],"current_hp_per_floor":[41,41,39,39,39,39,30,34,34,34,39,15,54,54,54,29,68,64,64,71,51,45,49,88,59,59,43,84,81,81,81,81,69,83,88,88,85,85,87,87,71,70,70,70,70,77,77,84,84,62,0],"gold":29,"neow_bonus":"TWO_FIFTY_GOLD","is_prod":false,"is_daily":false,"chose_seed":false,"campfire_upgraded":6,"win_rate":0,"timestamp":1565467094,"path_taken":["M","$","M","M","M","R","E","M","T","R","?","?","R","E","R","BOSS","M","?","?","?","M","E","R","E","T","E","R","E","$","?","R","BOSS","M","?","M","?","M","R","M","E","T","R","$","E","$","M","R","BOSS","BOSS"],"build_version":"2019-07-17","purchased_purges":2,"victory":false,"max_hp_per_floor":[71,71,71,71,71,71,71,76,76,76,81,81,81,81,81,81,81,81,81,88,88,88,88,88,88,88,88,88,88,88,88,88,88,88,88,88,88,88,88,88,88,88,88,88,88,88,88,88,88,88,88],"card_choices":[{"not_picked":["Gash","Auto Shields"],"picked":"Doom and Gloom","floor":1},{"not_picked":["Go for the Eyes","Rebound"],"picked":"Glacier","floor":3},{"not_picked":["Blizzard","Leap"],"picked":"Static Discharge","floor":4},{"not_picked":["Leap","Stack"],"picked":"Conserve Battery","floor":5},{"not_picked":["Leap","Machine Learning"],"picked":"Go for the Eyes","floor":7},{"not_picked":["Redo","Glacier"],"picked":"Barrage","floor":8},{"not_picked":["Gash","BootSequence"],"picked":"Storm","floor":14},{"not_picked":["All For One","Multi-Cast"],"picked":"Machine Learning","floor":16},{"not_picked":["Steam","Gash"],"picked":"Self Repair","floor":18},{"not_picked":["Leap","Loop"],"picked":"Barrage","floor":21},{"not_picked":["Genetic Algorithm","Turbo"],"picked":"Lockon","floor":22},{"not_picked":["Conserve Battery","Streamline"],"picked":"Cold Snap","floor":23},{"not_picked":["Turbo","FTL+1"],"picked":"Skim+1","floor":25},{"not_picked":["Creative AI","Reboot"],"picked":"Darkness+1","floor":27},{"not_picked":["Sunder","Ball Lightning"],"picked":"Coolheaded","floor":29},{"not_picked":["Buffer","Amplify"],"picked":"Thunder Strike","floor":33},{"not_picked":["Go for the Eyes","Rebound"],"picked":"White Noise","floor":35},{"not_picked":["Barrage+1","Self Repair"],"picked":"Coolheaded","floor":37},{"not_picked":["Compile Driver+1","Blizzard+1"],"picked":"Force Field","floor":39},{"not_picked":["Skim","Stack"],"picked":"Coolheaded","floor":41},{"not_picked":["Barrage","Rebound","Turbo"],"picked":"SKIP","floor":42},{"not_picked":["Auto Shields","Ball Lightning","Darkness"],"picked":"SKIP","floor":46},{"not_picked":["Reprogram","Gash+1"],"picked":"Steam+1","floor":48}],"player_experience":2351012,"relics_obtained":[{"floor":7,"key":"Smiling Mask"},{"floor":9,"key":"Regal Pillow"},{"floor":14,"key":"Whetstone"},{"floor":20,"key":"Strawberry"},{"floor":23,"key":"Omamori"},{"floor":25,"key":"Happy Flower"},{"floor":26,"key":"Gremlin Horn"},{"floor":27,"key":"Potion Belt"},{"floor":29,"key":"Anchor"},{"floor":42,"key":"Bag of Marbles"},{"floor":46,"key":"Molten Egg 2"}],"event_choices":[{"damage_healed":0,"gold_gain":0,"player_choice":"Donut","damage_taken":0,"max_hp_gain":5,"max_hp_loss":0,"event_name":"Big Fish","floor":11,"gold_loss":0},{"damage_healed":0,"gold_gain":0,"player_choice":"Entered Light","damage_taken":24,"max_hp_gain":0,"max_hp_loss":0,"event_name":"Shining Light","floor":12,"gold_loss":0,"cards_upgraded":["Conserve Battery","Defend_B"]},{"damage_healed":0,"gold_gain":0,"player_choice":"Obtained Relic","damage_taken":0,"relics_obtained":["Pen Nib"],"max_hp_gain":0,"max_hp_loss":0,"event_name":"Addict","floor":19,"gold_loss":85},{"damage_healed":0,"gold_gain":0,"player_choice":"Relic","damage_taken":0,"max_hp_gain":0,"max_hp_loss":0,"event_name":"Wheel of Change","floor":20,"gold_loss":0},{"damage_healed":0,"gold_gain":0,"player_choice":"Read","damage_taken":0,"max_hp_gain":0,"max_hp_loss":0,"event_name":"The Library","floor":31,"gold_loss":0,"cards_obtained":["Defragment"]},{"damage_healed":18,"gold_gain":0,"player_choice":"Writhe","damage_taken":0,"max_hp_gain":0,"max_hp_loss":0,"event_name":"Winding Halls","floor":36,"gold_loss":0,"cards_obtained":["Writhe"]},{"damage_healed":0,"gold_gain":0,"cards_transformed":["Defend_B"],"player_choice":"Transformed","damage_taken":0,"max_hp_gain":0,"max_hp_loss":0,"event_name":"Transmorgrifier","floor":38,"gold_loss":0,"cards_obtained":["Static Discharge"]}],"is_beta":false,"boss_relics":[{"not_picked":["Sozu","Ectoplasm"],"picked":"Nuclear Battery"},{"not_picked":["Pandora\u0027s Box","Coffee Dripper"],"picked":"Astrolabe"}],"items_purged_floors":[2,30],"is_endless":false,"potions_floor_spawned":[4,7,8,14,23,27,35,37,46],"killed_by":"Awakened One","ascension_level":20}