{"gold_per_floor":[114,114,126,137,150,179,179,195,195,195,212,137,162,62,62,167,167,179,179,54,42,53],"floor_reached":22,"playtime":590,"items_purged":["Strike_R","Defend_R","Decay"],"score":188,"play_id":"8ff5d306-f92a-4dab-b9d4-7503e9e4b021","local_time":"20190806233551","is_ascension_mode":false,"campfire_choices":[{"data":"Bash","floor":7,"key":"SMITH"},{"data":"Shrug It Off","floor":15,"key":"SMITH"}],"neow_cost":"NONE","seed_source_timestamp":101218127818968,"circlet_count":0,"master_deck":["Strike_R","Strike_R","Defend_R","Defend_R","Bash+1","Shockwave","Shrug It Off+1","Sword Boomerang"],"relics":["Burning Blood","Red Skull","Boot","Ancient Tea Set","Anchor","Odd Mushroom","Empty Cage"],"potions_floor_usage":[6,13,16,18],"damage_taken":[{"damage":9,"enemies":"Jaw Worm","floor":1,"turns":4},{"damage":7,"enemies":"2 Louse","floor":3,"turns":3},{"damage":1,"enemies":"Cultist","floor":4,"turns":3},{"damage":24,"enemies":"Gremlin Gang","floor":5,"turns":5},{"damage":31,"enemies":"Lagavulin","floor":6,"turns":6},{"damage":1,"enemies":"Exordium Wildlife","floor":8,"turns":3},{"damage":0,"enemies":"2 Fungi Beasts","floor":11,"turns":3},{"damage":14,"enemies":"The Mushroom Lair","floor":13,"turns":4},{"damage":47,"enemies":"The Guardian","floor":16,"turns":15},{"damage":5,"enemies":"3 Byrds","floor":18,"turns":3},{"damage":18,"enemies":"2 Thieves","floor":21,"turns":4},{"damage":58,"enemies":"Cultist and Chosen","floor":22,"turns":9}],"seed_played":"-2815974033889916693","potions_obtained":[{"floor":1,"key":"BloodPotion"},{"floor":4,"key":"SteroidPotion"},{"floor":5,"key":"Explosive Potion"},{"floor":13,"key":"LiquidBronze"},{"floor":18,"key":"Poison Potion"},{"floor":21,"key":"LiquidBronze"}],"is_trial":false,"path_per_floor":["M","?","M","M","M","E","R","M","T","?","M","$","?","$","R","B",null,"M","?","$","M","M"],"character_chosen":"IRONCLAD","items_purchased":[],"campfire_rested":0,"item_purchase_floors":[],"current_hp_per_floor":[77,77,76,80,62,37,37,42,42,35,41,41,33,33,33,12,80,80,80,80,68,16],"gold":53,"neow_bonus":"RANDOM_COMMON_RELIC","is_prod":false,"is_daily":false,"chose_seed":false,"campfire_upgraded":2,"win_rate":0,"timestamp":1565148951,"path_taken":["M","?","M","M","M","E","R","M","T","?","M","$","?","$","R","BOSS","M","?","$","M","M"],"build_version":"2019-07-17","purchased_purges":3,"victory":false,"max_hp_per_floor":[80,80,80,80,80,80,80,80,80,80,80,80,80,80,80,80,80,80,80,80,80,80],"card_choices":[{"not_picked":["Infernal Blade","Seeing Red","Twin Strike"],"picked":"SKIP","floor":1},{"not_picked":["Feel No Pain","Perfected Strike","Blood for Blood"],"picked":"SKIP","floor":3},{"not_picked":["Headbutt","Infernal Blade"],"picked":"Shockwave","floor":4},{"not_picked":["Reckless Charge","Clash","Sentinel"],"picked":"SKIP","floor":5},{"not_picked":["Bludgeon","Disarm","Warcry"],"picked":"SKIP","floor":6},{"not_picked":["Bloodletting","Iron Wave"],"picked":"Shrug It Off","floor":8},{"not_picked":["Shrug It Off","Sword Boomerang","Uppercut"],"picked":"SKIP","floor":11},{"not_picked":["Rupture","Anger","Thunderclap"],"picked":"SKIP","floor":18},{"not_picked":["Sword Boomerang","Clothesline","Searing Blow"],"picked":"SKIP","floor":21},{"not_picked":["Cleave+1","Havoc"],"picked":"Sword Boomerang","floor":22}],"player_experience":753657,"relics_obtained":[{"floor":6,"key":"Boot"},{"floor":9,"key":"Ancient Tea Set"},{"floor":13,"key":"Odd Mushroom"}],"event_choices":[{"cards_removed":["Strike_R"],"damage_healed":0,"gold_gain":0,"player_choice":"Forget","damage_taken":0,"max_hp_gain":0,"max_hp_loss":0,"event_name":"Living Wall","floor":2,"gold_loss":0},{"damage_healed":0,"gold_gain":0,"player_choice":"Success","damage_taken":7,"relics_obtained":["Anchor"],"max_hp_gain":0,"max_hp_loss":0,"event_name":"Scrap Ooze","floor":10,"gold_loss":0},{"damage_healed":0,"gold_gain":0,"player_choice":"Fought Mushrooms","damage_taken":0,"max_hp_gain":0,"max_hp_loss":0,"event_name":"Mushrooms","floor":13,"gold_loss":0},{"damage_healed":0,"gold_gain":0,"player_choice":"Cursed","damage_taken":0,"max_hp_gain":0,"max_hp_loss":0,"event_name":"Wheel of Change","floor":19,"gold_loss":0,"cards_obtained":["Decay"]}],"is_beta":false,"boss_relics":[{"not_picked":["Philosopher\u0027s Stone","Lizard Tail"],"picked":"Empty Cage"}],"items_purged_floors":[12,14,20],"is_endless":false,"potions_floor_spawned":[1,4,5,13,18,21],"killed_by":"Cultist and Chosen","ascension_level":0}