{"gold_per_floor":[15,15,15,35,54,89,89,106,129,163,163,197,197,259,259,362,362,377,397,397,35,35,69,69,94,94,94,119,119,147,72,72,170,170,188,200,100,10,26,26,41,76,76,76,76,76,89,104,104,104],"floor_reached":51,"playtime":3435,"items_purged":["Strike_G","Choke+1"],"score":869,"play_id":"c1ced49d-bc8d-48c2-8ef9-fb5235cef72d","local_time":"20190531195020","is_ascension_mode":true,"campfire_choices":[{"data":"Corpse Explosion","floor":7,"key":"SMITH"},{"data":"Catalyst","floor":11,"key":"SMITH"},{"floor":15,"key":"REST"},{"data":"Glass Knife","floor":24,"key":"SMITH"},{"data":"Noxious Fumes","floor":27,"key":"SMITH"},{"floor":29,"key":"REST"},{"data":"Noxious Fumes","floor":32,"key":"SMITH"},{"data":"Adrenaline","floor":40,"key":"SMITH"},{"floor":44,"key":"REST"},{"floor":49,"key":"REST"}],"neow_cost":"NO_GOLD","seed_source_timestamp":1074970705972981,"circlet_count":0,"master_deck":["Defend_G+1","Defend_G+1","Strike_G+1","Survivor+1","Neutralize+1","Sucker Punch+1","Corpse Explosion+1","Flying Knee+1","Dagger Throw+1","Catalyst+1","Infinite Blades+1","Crippling Poison+1","Blur+1","All Out Attack+1","Dodge and Roll+1","Neutralize+1","Well Laid Plans+1","Glass Knife+1","Leg Sweep+1","Night Terror+1","PiercingWail+1","Cloak And Dagger+1","Poisoned Stab+1","Noxious Fumes+1","Noxious Fumes+1","Adrenaline+1","Bane+1","Blur+1","PiercingWail+1","Clumsy","Burst","Terror+1"],"relics":["Ring of the Snake","Ancient Tea Set","Anchor","Bronze Scales","Ornamental Fan","WingedGreaves","Tiny Chest","Astrolabe","Sundial","Ice Cream","Blood Vial","Question Card","Girya","Bottled Flame","Dodecahedron","Regal Pillow","Cursed Key","Du-Vu Doll","Paper Crane","Mark of the Bloom"],"potions_floor_usage":[12,16,23,28,30,33,50,50],"damage_taken":[{"damage":0,"enemies":"Small Slimes","floor":1,"turns":2},{"damage":0,"enemies":"Jaw Worm","floor":4,"turns":5},{"damage":0,"enemies":"2 Louse","floor":5,"turns":1},{"damage":19,"enemies":"3 Sentries","floor":6,"turns":3},{"damage":0,"enemies":"Red Slaver","floor":8,"turns":2},{"damage":8,"enemies":"Lagavulin","floor":10,"turns":5},{"damage":0,"enemies":"Gremlin Nob","floor":12,"turns":3},{"damage":9,"enemies":"3 Sentries","floor":14,"turns":4},{"damage":25,"enemies":"Slime Boss","floor":16,"turns":9},{"damage":11,"enemies":"Spheric Guardian","floor":18,"turns":4},{"damage":6,"enemies":"Chosen","floor":19,"turns":5},{"damage":18,"enemies":"Slavers","floor":23,"turns":2},{"damage":1,"enemies":"Book of Stabbing","floor":25,"turns":4},{"damage":13,"enemies":"Gremlin Leader","floor":28,"turns":6},{"damage":0,"enemies":"Slavers","floor":30,"turns":2},{"damage":33,"enemies":"Automaton","floor":33,"turns":8},{"damage":0,"enemies":"3 Shapes","floor":35,"turns":4},{"damage":0,"enemies":"Orb Walker","floor":36,"turns":3},{"damage":3,"enemies":"Transient","floor":39,"turns":5},{"damage":0,"enemies":"Maw","floor":41,"turns":6},{"damage":38,"enemies":"Giant Head","floor":42,"turns":9},{"damage":3,"enemies":"3 Darklings","floor":47,"turns":4},{"damage":1,"enemies":"Transient","floor":48,"turns":5},{"damage":16,"enemies":"Awakened One","floor":50,"turns":12}],"seed_played":"6566720334916843060","potions_obtained":[{"floor":4,"key":"AttackPotion"},{"floor":6,"key":"Fire Potion"},{"floor":10,"key":"FearPotion"},{"floor":16,"key":"SneckoOil"},{"floor":19,"key":"Fire Potion"},{"floor":23,"key":"LiquidBronze"},{"floor":28,"key":"AttackPotion"},{"floor":30,"key":"PowerPotion"},{"floor":35,"key":"SpeedPotion"},{"floor":36,"key":"Fire Potion"},{"floor":41,"key":"EssenceOfSteel"},{"floor":47,"key":"FairyPotion"}],"is_trial":false,"path_per_floor":["M","?","?","M","M","E","R","M","T","E","R","E","?","E","R","B",null,"M","M","T","$","?","E","R","E","T","R","E","R","E","?","R","B",null,"M","M","$","?","M","R","M","E","T","R","$","?","M","M","R","B",null],"character_chosen":"THE_SILENT","items_purchased":["Ice Cream"],"campfire_rested":4,"item_purchase_floors":[21],"current_hp_per_floor":[70,70,63,63,63,44,44,44,44,36,36,36,36,27,48,23,70,59,53,53,53,53,37,37,38,38,38,27,48,50,50,50,19,70,70,70,70,70,67,67,69,32,32,68,68,68,65,64,64,48],"gold":104,"neow_bonus":"TRANSFORM_TWO_CARDS","is_prod":false,"is_daily":false,"chose_seed":false,"campfire_upgraded":6,"win_rate":0,"timestamp":1559350220,"path_taken":["M","?","?","M","M","E","R","M","T","E","R","E","?","E","R","BOSS","M","M","?","$","?","E","R","E","T","R","E","R","E","?","R","BOSS","M","M","$","?","M","R","?","E","T","R","$","?","M","M","R","BOSS"],"build_version":"2019-01-23","purchased_purges":2,"victory":true,"max_hp_per_floor":[70,70,70,70,70,70,70,70,70,70,70,70,70,70,70,70,70,70,70,70,70,70,70,70,70,70,70,70,70,70,70,70,70,70,70,70,70,70,70,70,70,70,70,70,70,70,70,70,70,70],"card_choices":[{"not_picked":["Underhanded Strike","Deflect"],"picked":"Flying Knee","floor":1},{"not_picked":["Flechettes","Acrobatics"],"picked":"Dagger Throw","floor":4},{"not_picked":["Sucker Punch","Storm of Steel"],"picked":"Catalyst","floor":5},{"not_picked":["Slice","Acrobatics"],"picked":"Infinite Blades","floor":6},{"not_picked":["Slice","Leg Sweep"],"picked":"Crippling Poison","floor":8},{"not_picked":["Backflip","Calculated Gamble"],"picked":"Blur","floor":10},{"not_picked":["Predator","Flying Knee"],"picked":"All Out Attack","floor":12},{"not_picked":["All Out Attack","Eviscerate"],"picked":"Well Laid Plans","floor":14},{"not_picked":["Envenom","Night Terror"],"picked":"Glass Knife","floor":16},{"not_picked":["Dash","Dodge and Roll"],"picked":"PiercingWail","floor":18},{"not_picked":["Bane","Outmaneuver+1"],"picked":"Cloak And Dagger+1","floor":19},{"not_picked":["Catalyst","Deflect"],"picked":"Poisoned Stab+1","floor":23},{"not_picked":["Blade Dance","Dagger Throw","Dodge and Roll"],"picked":"Noxious Fumes","floor":25},{"not_picked":["Caltrops","Slice+1","Accuracy"],"picked":"Noxious Fumes","floor":28},{"not_picked":["Unload","Quick Slash+1","Poisoned Stab","Eviscerate"],"picked":"SKIP","floor":30},{"not_picked":["After Image","Night Terror","Storm of Steel"],"picked":"Adrenaline","floor":33},{"not_picked":["Outmaneuver","Endless Agony","Quick Slash+1"],"picked":"Bane+1","floor":35},{"not_picked":["Underhanded Strike+1","Sucker Punch","Dagger Throw"],"picked":"Blur","floor":36},{"not_picked":["Underhanded Strike+1","Tactician+1","Cloak And Dagger+1"],"picked":"PiercingWail+1","floor":39},{"not_picked":["Sucker Punch","Flechettes","Expertise+1","Underhanded Strike+1"],"picked":"SKIP","floor":41},{"not_picked":["Riddle With Holes+1","Underhanded Strike+1","Acrobatics+1","Deflect"],"picked":"SKIP","floor":42},{"not_picked":["Backflip","Blade Dance+1","Flechettes"],"picked":"Burst","floor":47},{"not_picked":["Sucker Punch","Leg Sweep+1","Backflip"],"picked":"Terror+1","floor":48}],"player_experience":45372,"relics_obtained":[{"floor":6,"key":"Anchor"},{"floor":9,"key":"Bronze Scales"},{"floor":10,"key":"Ornamental Fan"},{"floor":12,"key":"WingedGreaves"},{"floor":14,"key":"Tiny Chest"},{"floor":20,"key":"Sundial"},{"floor":23,"key":"Question Card"},{"floor":25,"key":"Girya"},{"floor":26,"key":"Bottled Flame"},{"floor":28,"key":"Dodecahedron"},{"floor":30,"key":"Regal Pillow"},{"floor":42,"key":"Du-Vu Doll"},{"floor":43,"key":"Paper Crane"}],"event_choices":[{"damage_healed":0,"gold_gain":0,"player_choice":"Box","damage_taken":0,"relics_obtained":["Ancient Tea Set"],"max_hp_gain":0,"max_hp_loss":0,"event_name":"Big Fish","floor":2,"gold_loss":0,"cards_obtained":["Regret"]},{"cards_removed":["Regret"],"damage_healed":0,"gold_gain":0,"player_choice":"Card Removal","damage_taken":7,"max_hp_gain":0,"max_hp_loss":0,"event_name":"Golden Wing","floor":3,"gold_loss":0},{"damage_healed":0,"gold_gain":0,"player_choice":"2 cards matched","damage_taken":0,"max_hp_gain":0,"max_hp_loss":0,"event_name":"Match and Keep!","floor":13,"gold_loss":0,"cards_obtained":["Dodge and Roll","Neutralize"]},{"damage_healed":0,"gold_gain":0,"player_choice":"Stole Relic","damage_taken":0,"relics_obtained":["Blood Vial"],"max_hp_gain":0,"max_hp_loss":0,"event_name":"Addict","floor":22,"gold_loss":0,"cards_obtained":["Shame"]},{"cards_removed":["Shame"],"damage_healed":0,"gold_gain":0,"player_choice":"Gave Gold","damage_taken":0,"max_hp_gain":0,"max_hp_loss":0,"event_name":"Beggar","floor":31,"gold_loss":75},{"cards_removed":["Defend_G"],"damage_healed":0,"gold_gain":0,"player_choice":"Upgrade and Remove","damage_taken":0,"max_hp_gain":0,"max_hp_loss":0,"event_name":"Designer","floor":38,"gold_loss":90,"cards_upgraded":["Defend_G"]},{"damage_healed":0,"gold_gain":0,"player_choice":"Upgrade","damage_taken":0,"relics_obtained":["Mark of the Bloom"],"max_hp_gain":0,"max_hp_loss":0,"event_name":"MindBloom","floor":46,"gold_loss":0,"cards_upgraded":["Defend_G","Strike_G","Survivor","Neutralize","Sucker Punch","Flying Knee","Dagger Throw","Infinite Blades","Crippling Poison","Blur","All Out Attack","Dodge and Roll","Neutralize","Well Laid Plans","PiercingWail","Blur"]}],"is_beta":false,"boss_relics":[{"not_picked":["Snecko Eye","Philosopher\u0027s Stone"],"picked":"Astrolabe"},{"not_picked":["Coffee Dripper","Lizard Tail"],"picked":"Cursed Key"}],"items_purged_floors":[21,37],"is_endless":false,"potions_floor_spawned":[4,6,10,16,19,23,28,30,35,36,41,47,48],"ascension_level":1}