{"gold_per_floor":[117,117,127,402,412,412,444,460,536,553,564,564,40,50,50,147,147,162,146,75,0,0,28,28,48,72,72],"floor_reached":27,"playtime":1383,"items_purged":["Strike_G"],"score":270,"play_id":"c6e940ac-1b44-4e93-9f66-7001e9e38961","local_time":"20190305221326","is_ascension_mode":true,"campfire_choices":[{"data":"Neutralize","floor":6.0,"key":"SMITH"},{"floor":12.0,"key":"REST"},{"floor":15.0,"key":"REST"},{"floor":24.0,"key":"REST"}],"neow_cost":"TEN_PERCENT_HP_LOSS","seed_source_timestamp":0,"circlet_count":0,"master_deck":["Defend_G","Defend_G","Defend_G","Defend_G","Strike_G","Strike_G","Strike_G","Survivor","Neutralize+1","Sucker Punch","Deflect","Regret","PiercingWail","Backflip","Noxious Fumes","Blade Dance","Blade Dance","Apotheosis","Tools of the Trade","Leg Sweep","A Thousand Cuts","Flying Knee","Dodge and Roll","Footwork","Blade Dance"],"special_seed":0,"relics":["Ring of the Snake","Du-Vu Doll","StoneCalendar","Bag of Marbles","Singing Bowl","Empty Cage","The Specimen","Bronze Scales"],"potions_floor_usage":[],"damage_taken":[{"damage":5.0,"enemies":"Jaw Worm","floor":1.0,"turns":8.0},{"damage":3.0,"enemies":"Small Slimes","floor":3.0,"turns":4.0},{"damage":0.0,"enemies":"Cultist","floor":5.0,"turns":3.0},{"damage":17.0,"enemies":"Lagavulin","floor":7.0,"turns":7.0},{"damage":10.0,"enemies":"Gremlin Gang","floor":8.0,"turns":5.0},{"damage":4.0,"enemies":"2 Fungi Beasts","floor":10.0,"turns":3.0},{"damage":6.0,"enemies":"3 Louse","floor":11.0,"turns":3.0},{"damage":6.0,"enemies":"Lots of Slimes","floor":14.0,"turns":5.0},{"damage":18.0,"enemies":"The Guardian","floor":16.0,"turns":13.0},{"damage":16.0,"enemies":"Shell Parasite","floor":18.0,"turns":7.0},{"damage":8.0,"enemies":"2 Thieves","floor":19.0,"turns":4.0},{"damage":24.0,"enemies":"Book of Stabbing","floor":23.0,"turns":8.0},{"damage":29.0,"enemies":"Centurion and Healer","floor":25.0,"turns":7.0},{"damage":0,"enemies":"Snake Plant","floor":27,"turns":1}],"seed_played":"1235199674740984781","potions_obtained":[{"floor":5.0,"key":"LiquidBronze"},{"floor":7.0,"key":"PowerPotion"},{"floor":10.0,"key":"Weak Potion"},{"floor":18.0,"key":"Fruit Juice"},{"floor":22.0,"key":"EssenceOfSteel"}],"is_trial":false,"path_per_floor":["M","?","M","?","M","R","E","M","T","M","M","R","$","M","R","B",null,"M","M","$","?","?","E","R","M","T","M"],"character_chosen":"THE_SILENT","items_purchased":["Blade Dance","Apotheosis","GhostInAJar","Tools of the Trade","Footwork"],"campfire_rested":3,"item_purchase_floors":[13,13,13,13,20],"current_hp_per_floor":[58,55,52,52,52,52,35,25,25,21,15,33,33,27,45,27,63,47,39,39,39,44,20,40,13,13,13],"gold":72,"neow_bonus":"ONE_RARE_RELIC","is_prod":false,"is_daily":false,"chose_seed":false,"campfire_upgraded":1,"win_rate":0,"timestamp":1551842006,"path_taken":["M","?","M","?","M","R","E","M","T","?","M","R","$","?","R","BOSS","M","M","$","?","?","E","R","?","T","M"],"build_version":"2019-01-23","purchased_purges":1,"victory":false,"max_hp_per_floor":[63,63,63,63,63,63,63,63,63,63,63,63,63,63,63,63,63,63,63,63,63,68,68,68,70,70,70],"card_choices":[{"not_picked":["Blade Dance","Blur"],"picked":"Sucker Punch","floor":1.0},{"not_picked":["Expertise","Eviscerate"],"picked":"Deflect","floor":3.0},{"not_picked":["Flechettes","Slice"],"picked":"PiercingWail","floor":5.0},{"not_picked":["PiercingWail","Slice"],"picked":"Backflip","floor":7.0},{"not_picked":["Tactician","Bane"],"picked":"Predator","floor":8.0},{"not_picked":["PiercingWail","Bane"],"picked":"Noxious Fumes","floor":10.0},{"not_picked":["Crippling Poison","Bane"],"picked":"Blade Dance","floor":11.0},{"not_picked":["Flechettes","Concentrate"],"picked":"Leg Sweep","floor":14.0},{"not_picked":["Die Die Die","Bullet Time"],"picked":"A Thousand Cuts","floor":16.0},{"not_picked":["Blade Dance+1","Dagger Spray"],"picked":"Flying Knee","floor":18.0},{"not_picked":["Die Die Die","Concentrate"],"picked":"Dodge and Roll","floor":19.0},{"not_picked":["Endless Agony+1","Dagger Spray"],"picked":"Blade Dance","floor":23.0},{"not_picked":["Predator","Deflect","Underhanded Strike+1"],"picked":"Singing Bowl","floor":25.0}],"player_experience":290605,"relics_obtained":[{"floor":7.0,"key":"Bag of Marbles"},{"floor":9.0,"key":"Singing Bowl"},{"floor":23.0,"key":"The Specimen"},{"floor":26.0,"key":"Bronze Scales"}],"event_choices":[{"damage_healed":0.0,"max_hp_gain":0.0,"max_hp_loss":0.0,"gold_gain":0.0,"event_name":"Scrap Ooze","player_choice":"Success","floor":2.0,"gold_loss":0.0,"damage_taken":3.0,"relics_obtained":["StoneCalendar"]},{"damage_healed":0.0,"max_hp_gain":0.0,"max_hp_loss":0.0,"gold_gain":275.0,"event_name":"Golden Shrine","player_choice":"Desecrate","floor":4.0,"gold_loss":0.0,"damage_taken":0.0,"cards_obtained":["Regret"]},{"cards_removed":["Predator"],"damage_healed":0.0,"max_hp_gain":0.0,"max_hp_loss":0.0,"gold_gain":0.0,"event_name":"Beggar","player_choice":"Gave Gold","floor":21.0,"gold_loss":75.0,"damage_taken":0.0},{"damage_healed":0.0,"max_hp_gain":0.0,"max_hp_loss":0.0,"gold_gain":0.0,"event_name":"Lab","player_choice":"Got Potions","floor":22.0,"gold_loss":0.0,"damage_taken":0.0}],"is_beta":false,"boss_relics":[{"not_picked":["Orrery","Runic Pyramid"],"picked":"Empty Cage"}],"items_purged_floors":[13],"is_endless":false,"potions_floor_spawned":[5,7,10,14,16,18],"killed_by":"Snake Plant","ascension_level":3}