{"gold_per_floor":[119,44,44,44,44,44,15,15,38,69,69,99,110,110,110,203,203,222,222,222,137,137,178,19,19,19,34,367,82,97,97,97,193,193,209,233,253,253,253,253,287,307,307,320,44,67,105,121,121,121,121,121,64,99,99],"floor_reached":56,"playtime":3076,"items_purged":["Strike_R","Strike_R","Strike_R"],"score":2008,"play_id":"3fbec831-c90a-4dee-8593-9d48254d8de2","local_time":"20190814103941","is_ascension_mode":true,"campfire_choices":[{"data":"Bash","floor":6,"key":"SMITH"},{"data":"True Grit","floor":8,"key":"SMITH"},{"floor":11,"key":"RECALL"},{"floor":15,"key":"REST"},{"floor":25,"key":"REST"},{"data":"Demon Form","floor":32,"key":"SMITH"},{"data":"Dual Wield","floor":40,"key":"SMITH"},{"floor":49,"key":"REST"},{"floor":52,"key":"REST"}],"neow_cost":"NONE","seed_source_timestamp":743352080684975,"circlet_count":0,"master_deck":["AscendersBane","Defend_R","Defend_R","Bash+1","True Grit+1","Shrug It Off","Shrug It Off","Cleave+1","Demon Form+1","Clothesline+1","Flame Barrier","Clothesline+1","Dual Wield+1","Bash+1","Feed+1","Heavy Blade+1","Reaper+1","Feed+1","Hemokinesis+1","Pommel Strike+1","Carnage+1","Shockwave","Immolate+1"],"relics":["Burning Blood","Omamori","Bag of Marbles","WarpedTongs","Bag of Preparation","Molten Egg 2","Kunai","Golden Idol","Snecko Eye","Pantograph","Vajra","Old Coin","Astrolabe","Lantern","Blood Vial","Self Forming Clay","Regal Pillow","Mercury Hourglass"],"potions_floor_usage":[23,28,41,46,50,55,55],"damage_taken":[{"damage":5,"enemies":"2 Louse","floor":1,"turns":4},{"damage":15,"enemies":"3 Sentries","floor":10,"turns":12},{"damage":32,"enemies":"Lagavulin","floor":12,"turns":8},{"damage":0,"enemies":"Small Slimes","floor":13,"turns":3},{"damage":35,"enemies":"Hexaghost","floor":16,"turns":16},{"damage":19,"enemies":"3 Byrds","floor":18,"turns":5},{"damage":7,"enemies":"Book of Stabbing","floor":23,"turns":6},{"damage":9,"enemies":"2 Thieves","floor":27,"turns":3},{"damage":8,"enemies":"Slavers","floor":28,"turns":4},{"damage":0,"enemies":"Chosen and Byrds","floor":30,"turns":3},{"damage":13,"enemies":"Collector","floor":33,"turns":6},{"damage":4,"enemies":"Orb Walker","floor":35,"turns":3},{"damage":28,"enemies":"3 Darklings","floor":36,"turns":4},{"damage":27,"enemies":"Maw","floor":37,"turns":6},{"damage":37,"enemies":"Nemesis","floor":41,"turns":8},{"damage":23,"enemies":"4 Shapes","floor":42,"turns":3},{"damage":6,"enemies":"Transient","floor":44,"turns":5},{"damage":0,"enemies":"3 Darklings","floor":46,"turns":1},{"damage":25,"enemies":"Reptomancer","floor":47,"turns":5},{"damage":15,"enemies":"Sphere and 2 Shapes","floor":48,"turns":3},{"damage":45,"enemies":"Donu and Deca","floor":50,"turns":5},{"damage":35,"enemies":"Shield and Spear","floor":54,"turns":5},{"damage":93,"enemies":"The Heart","floor":55,"turns":7}],"seed_played":"5029716819862921019","potions_obtained":[{"floor":12,"key":"Block Potion"},{"floor":13,"key":"SpeedPotion"},{"floor":16,"key":"AttackPotion"},{"floor":27,"key":"EssenceOfSteel"},{"floor":33,"key":"Dexterity Potion"},{"floor":42,"key":"Energy Potion"},{"floor":46,"key":"SkillPotion"}],"is_trial":false,"path_per_floor":["M","$","?","?","?","R","$","R","T","E","R","E","M","?","R","B",null,"M","?","?","?","?","E","$","R","T","M","E","$","M","?","R","B",null,"M","M","M","?","?","R","E","M","T","M","$","M","E","M","R","B",null,"R","$","E","B",null],"character_chosen":"IRONCLAD","items_purchased":["True Grit","Heavy Blade+1","Reaper+1","Self Forming Clay","PowerPotion"],"campfire_rested":4,"item_purchase_floors":[7,24,29,45,53],"current_hp_per_floor":[69,69,69,51,51,51,51,51,51,42,42,16,22,22,44,15,60,47,47,47,47,47,46,46,68,68,69,67,67,73,73,73,72,77,79,79,62,62,62,62,83,88,88,90,90,91,72,69,95,60,89,99,99,95,99],"gold":99,"neow_bonus":"RANDOM_COMMON_RELIC","is_prod":false,"is_daily":false,"chose_seed":false,"campfire_upgraded":4,"win_rate":0,"timestamp":1565793581,"path_taken":["M","$","?","?","?","R","$","R","T","E","R","E","?","?","R","BOSS","M","?","?","?","?","E","$","R","T","?","E","$","M","?","R","BOSS","M","M","M","?","?","R","E","M","T","?","$","M","E","M","R","BOSS","R","$","E","BOSS"],"build_version":"2019-07-17","purchased_purges":3,"victory":true,"max_hp_per_floor":[75,75,75,75,75,75,75,75,75,75,75,75,75,75,75,75,75,75,75,75,75,75,75,75,75,75,79,79,79,79,79,79,79,79,79,79,83,79,79,79,83,91,91,91,91,91,91,95,95,99,99,99,99,99,99],"card_choices":[{"not_picked":["Wild Strike","Havoc","Headbutt"],"picked":"SKIP","floor":1},{"not_picked":["Cleave","True Grit"],"picked":"Shrug It Off","floor":10},{"not_picked":["Dual Wield","Heavy Blade+1"],"picked":"Shrug It Off","floor":12},{"not_picked":["Shrug It Off","Armaments"],"picked":"Cleave+1","floor":13},{"not_picked":["Reaper+1","Fiend Fire+1"],"picked":"Demon Form","floor":16},{"not_picked":["Burning Pact","Headbutt+1"],"picked":"Clothesline+1","floor":18},{"not_picked":["Thunderclap+1","Iron Wave+1","Ghostly Armor"],"picked":"SKIP","floor":23},{"not_picked":["True Grit+1","Heavy Blade+1"],"picked":"Inflame","floor":27},{"not_picked":["Shrug It Off","Twin Strike+1","Hemokinesis+1"],"picked":"SKIP","floor":28},{"not_picked":["Second Wind","Pommel Strike+1","Feel No Pain+1"],"picked":"SKIP","floor":30},{"not_picked":["Demon Form","Juggernaut"],"picked":"Feed+1","floor":33},{"not_picked":["Pommel Strike+1","Headbutt+1"],"picked":"Carnage+1","floor":35},{"not_picked":["Anger+1","Pummel+1","Sword Boomerang+1"],"picked":"SKIP","floor":36},{"not_picked":["Fire Breathing+1","Power Through+1","Reckless Charge+1"],"picked":"SKIP","floor":37},{"not_picked":["Dual Wield+1","Warcry"],"picked":"Shockwave","floor":41},{"not_picked":["Shrug It Off","Spot Weakness"],"picked":"Immolate+1","floor":42},{"not_picked":["Power Through","Rage+1","Heavy Blade+1"],"picked":"SKIP","floor":44},{"not_picked":["Perfected Strike+1","Headbutt+1","Dropkick+1"],"picked":"SKIP","floor":46},{"not_picked":["Warcry","Bloodletting","Shrug It Off+1"],"picked":"SKIP","floor":47},{"not_picked":["Combust","Intimidate","Ghostly Armor"],"picked":"SKIP","floor":48},{"not_picked":["Anger+1","Headbutt+1","Searing Blow+1"],"picked":"SKIP","floor":54}],"player_experience":777015,"relics_obtained":[{"floor":9,"key":"Bag of Preparation"},{"floor":10,"key":"Molten Egg 2"},{"floor":12,"key":"Kunai"},{"floor":23,"key":"Vajra"},{"floor":28,"key":"Old Coin"},{"floor":41,"key":"Lantern"},{"floor":43,"key":"Blood Vial"},{"floor":47,"key":"Regal Pillow"},{"floor":54,"key":"Mercury Hourglass"}],"event_choices":[{"damage_healed":0,"gold_gain":0,"player_choice":"Ignored","damage_taken":0,"max_hp_gain":0,"max_hp_loss":0,"event_name":"Liars Game","floor":3,"gold_loss":0},{"damage_healed":0,"gold_gain":0,"player_choice":"Success","damage_taken":18,"relics_obtained":["Bag of Marbles"],"max_hp_gain":0,"max_hp_loss":0,"event_name":"Scrap Ooze","floor":4,"gold_loss":0},{"damage_healed":0,"gold_gain":0,"player_choice":"Rummage","damage_taken":0,"relics_obtained":["WarpedTongs"],"max_hp_gain":0,"max_hp_loss":0,"event_name":"Accursed Blacksmith","floor":5,"gold_loss":0,"cards_obtained":["Pain"]},{"damage_healed":0,"gold_gain":0,"player_choice":"Take Wound","damage_taken":0,"relics_obtained":["Golden Idol"],"max_hp_gain":0,"max_hp_loss":0,"event_name":"Golden Idol","floor":14,"gold_loss":0,"cards_obtained":["Injury"]},{"damage_healed":0,"gold_gain":0,"cards_transformed":["Strike_R","Strike_R"],"player_choice":"Became Test Subject","damage_taken":0,"max_hp_gain":0,"max_hp_loss":0,"event_name":"Drug Dealer","floor":19,"gold_loss":0,"cards_obtained":["Flame Barrier","Clothesline"]},{"damage_healed":0,"gold_gain":0,"player_choice":"Read","damage_taken":0,"max_hp_gain":0,"max_hp_loss":0,"event_name":"The Library","floor":20,"gold_loss":0,"cards_obtained":["Dual Wield"]},{"damage_healed":0,"gold_gain":0,"player_choice":"Obtained Relic","damage_taken":0,"relics_obtained":["Pantograph"],"max_hp_gain":0,"max_hp_loss":0,"event_name":"Addict","floor":21,"gold_loss":85},{"damage_healed":0,"gold_gain":0,"player_choice":"2 cards matched","damage_taken":0,"max_hp_gain":0,"max_hp_loss":0,"event_name":"Match and Keep!","floor":22,"gold_loss":0,"cards_obtained":["Bash","Feed"]},{"damage_healed":0,"gold_gain":0,"player_choice":"Ignored","damage_taken":0,"max_hp_gain":0,"max_hp_loss":0,"event_name":"Ghosts","floor":31,"gold_loss":0},{"damage_healed":0,"gold_gain":0,"player_choice":"Max HP","damage_taken":0,"max_hp_gain":0,"max_hp_loss":4,"event_name":"Winding Halls","floor":38,"gold_loss":0},{"cards_removed":["Fire Breathing"],"damage_healed":0,"gold_gain":0,"player_choice":"Purged","damage_taken":0,"max_hp_gain":0,"max_hp_loss":0,"event_name":"Purifier","floor":39,"gold_loss":0}],"is_beta":false,"boss_relics":[{"not_picked":["White Beast Statue","Fusion Hammer"],"picked":"Snecko Eye"},{"not_picked":["Pandora\u0027s Box","Empty Cage"],"picked":"Astrolabe"}],"items_purged_floors":[2,24,29],"is_endless":false,"potions_floor_spawned":[12,13,16,27,33,35,36,42,46],"ascension_level":16}