{"gold_per_floor":[111,61,74,74,94,94,104,133,181,200,218,218,253,253],"floor_reached":14,"playtime":991,"items_purged":[],"score":127,"play_id":"fbbb6870-f5a2-42f2-bf86-4f1bfe692dfe","local_time":"20190814063108","is_ascension_mode":false,"campfire_choices":[{"data":"Undo","floor":6,"key":"SMITH"},{"data":"Coolheaded","floor":12,"key":"SMITH"}],"neow_cost":"NONE","seed_source_timestamp":1099846278223200,"circlet_count":0,"master_deck":["Strike_B","Strike_B","Defend_B","Defend_B","Defend_B","Defend_B","Zap","Dualcast","Undo+1","Gash","Skim","Coolheaded+1","Barrage"],"relics":["Cracked Core","NeowsBlessing","Question Card","Bag of Preparation","Juzu Bracelet"],"potions_floor_usage":[13,13,13],"damage_taken":[{"damage":0,"enemies":"Small Slimes","floor":1,"turns":1},{"damage":0,"enemies":"Jaw Worm","floor":3,"turns":1},{"damage":0,"enemies":"2 Louse","floor":5,"turns":1},{"damage":0,"enemies":"Looter","floor":7,"turns":4},{"damage":54,"enemies":"Gremlin Nob","floor":8,"turns":5},{"damage":0,"enemies":"Blue Slaver","floor":10,"turns":4},{"damage":4,"enemies":"Exordium Thugs","floor":11,"turns":8},{"damage":0,"enemies":"3 Sentries","floor":13,"turns":10},{"damage":11,"enemies":"Gremlin Gang","floor":14,"turns":3}],"seed_played":"-7566192657685444859","potions_obtained":[{"floor":3,"key":"Explosive Potion"},{"floor":8,"key":"Explosive Potion"},{"floor":10,"key":"SkillPotion"},{"floor":13,"key":"Energy Potion"}],"is_trial":false,"path_per_floor":["M","?","M","?","M","R","M","E","T","M","M","R","E","M"],"character_chosen":"DEFECT","items_purchased":[],"campfire_rested":0,"item_purchase_floors":[],"current_hp_per_floor":[75,75,75,68,68,68,68,14,14,14,10,10,10,0],"gold":253,"neow_bonus":"THREE_ENEMY_KILL","is_prod":false,"is_daily":false,"chose_seed":false,"campfire_upgraded":2,"win_rate":0,"timestamp":1565789468,"path_taken":["M","?","M","?","M","R","M","E","T","?","M","R","E","M"],"build_version":"2019-07-17","purchased_purges":0,"victory":false,"max_hp_per_floor":[75,75,75,75,75,75,75,75,75,75,75,75,75,75],"card_choices":[{"not_picked":["Redo","Consume","Beam Cell"],"picked":"SKIP","floor":1},{"not_picked":["Streamline","Steam Power","Ball Lightning"],"picked":"SKIP","floor":3},{"not_picked":["Gash","White Noise"],"picked":"Undo","floor":5},{"not_picked":["Static Discharge","Turbo"],"picked":"Gash","floor":7},{"not_picked":["Recycle","Stack"],"picked":"Skim","floor":8},{"not_picked":["Streamline","Ball Lightning","Auto Shields"],"picked":"Coolheaded","floor":10},{"not_picked":["Hyperbeam","Cold Snap","Steam","Turbo"],"picked":"SKIP","floor":11},{"not_picked":["Steam","Multi-Cast","Ball Lightning"],"picked":"Barrage","floor":13}],"player_experience":106866,"relics_obtained":[{"floor":8,"key":"Question Card"},{"floor":9,"key":"Bag of Preparation"},{"floor":13,"key":"Juzu Bracelet"}],"event_choices":[{"cards_removed":["Strike_B"],"damage_healed":0,"gold_gain":0,"player_choice":"Card Removal","damage_taken":0,"max_hp_gain":0,"max_hp_loss":0,"event_name":"The Cleric","floor":2,"gold_loss":50},{"cards_removed":["Strike_B"],"damage_healed":0,"gold_gain":0,"player_choice":"Card Removal","damage_taken":7,"max_hp_gain":0,"max_hp_loss":0,"event_name":"Golden Wing","floor":4,"gold_loss":0}],"is_beta":false,"boss_relics":[],"items_purged_floors":[],"is_endless":false,"potions_floor_spawned":[3,8,10,11,13],"killed_by":"Gremlin Gang","ascension_level":0}