{"gold_per_floor":[115,115,127,127,127,154,167,200,212,224,253,284,310,338,350,362],"floor_reached":16,"playtime":637,"items_purged":[],"score":160,"play_id":"084edf3b-aae4-4a5f-bef5-fcf70f5ae5d4","local_time":"20190819131552","is_ascension_mode":true,"campfire_choices":[{"data":"Pommel Strike","floor":10,"key":"SMITH"},{"data":"Flame Barrier","floor":15,"key":"SMITH"}],"neow_cost":"NONE","seed_source_timestamp":11826122175180,"circlet_count":0,"master_deck":["Strike_R","Strike_R","Strike_R","Strike_R","Defend_R","Defend_R","Defend_R","Defend_R","Bash","Cleave","Pommel Strike+1","Juggernaut","Perfected Strike","Flame Barrier+1","Whirlwind"],"relics":["Burning Blood","NeowsBlessing","Pantograph","Vajra","MawBank","Calipers"],"potions_floor_usage":[8,11,11,11,11,12,14,14,16],"damage_taken":[{"damage":0,"enemies":"2 Louse","floor":1,"turns":1},{"damage":0,"enemies":"Cultist","floor":3,"turns":1},{"damage":0,"enemies":"Gremlin Nob","floor":6,"turns":1},{"damage":0,"enemies":"Small Slimes","floor":7,"turns":3},{"damage":30,"enemies":"3 Sentries","floor":8,"turns":7},{"damage":1,"enemies":"Exordium Thugs","floor":11,"turns":3},{"damage":0,"enemies":"Blue Slaver","floor":12,"turns":4},{"damage":8,"enemies":"3 Louse","floor":13,"turns":2},{"damage":9,"enemies":"Exordium Wildlife","floor":14,"turns":4},{"damage":99,"enemies":"Hexaghost","floor":16,"turns":12}],"seed_played":"783699196433840289","potions_obtained":[{"floor":2,"key":"Regen Potion"},{"floor":2,"key":"EntropicBrew"},{"floor":2,"key":"SneckoOil"},{"floor":6,"key":"Weak Potion"},{"floor":8,"key":"Energy Potion"},{"floor":11,"key":"EssenceOfSteel"},{"floor":13,"key":"Weak Potion"},{"floor":14,"key":"GamblersBrew"}],"is_trial":false,"path_per_floor":["M","?","M","T","?","E","M","E","T","R","M","M","M","M","R","B"],"character_chosen":"IRONCLAD","items_purchased":[],"campfire_rested":0,"item_purchase_floors":[],"current_hp_per_floor":[80,80,80,80,80,80,80,70,70,70,75,80,78,75,75,0],"gold":362,"neow_bonus":"THREE_ENEMY_KILL","is_prod":false,"is_daily":false,"chose_seed":false,"campfire_upgraded":2,"win_rate":0,"timestamp":1566216952,"path_taken":["M","?","?","?","?","E","M","E","T","R","M","M","M","?","R","BOSS"],"build_version":"2019-07-17","purchased_purges":0,"victory":false,"max_hp_per_floor":[80,80,80,80,80,80,80,80,80,80,80,80,80,80,80,80],"card_choices":[{"not_picked":["Clash","Wild Strike","Warcry"],"picked":"SKIP","floor":1},{"not_picked":["Warcry","Clash"],"picked":"Cleave","floor":3},{"not_picked":["Sever Soul","Ghostly Armor"],"picked":"Pommel Strike","floor":6},{"not_picked":["Warcry","Heavy Blade"],"picked":"Juggernaut","floor":7},{"not_picked":["Flex","Twin Strike"],"picked":"Perfected Strike","floor":8},{"not_picked":["Havoc","Warcry","Ghostly Armor"],"picked":"SKIP","floor":11},{"not_picked":["True Grit","Heavy Blade"],"picked":"Flame Barrier","floor":12},{"not_picked":["Havoc","Dual Wield"],"picked":"Whirlwind","floor":13},{"not_picked":["Dropkick","Heavy Blade","Twin Strike"],"picked":"SKIP","floor":14}],"player_experience":438485,"relics_obtained":[{"floor":4,"key":"Pantograph"},{"floor":6,"key":"Vajra"},{"floor":8,"key":"MawBank"},{"floor":9,"key":"Calipers"}],"event_choices":[{"damage_healed":0,"gold_gain":0,"player_choice":"Got Potions","damage_taken":0,"max_hp_gain":0,"max_hp_loss":0,"event_name":"Lab","floor":2,"gold_loss":0},{"cards_removed":["Strike_R"],"damage_healed":0,"gold_gain":0,"player_choice":"Purged","damage_taken":0,"max_hp_gain":0,"max_hp_loss":0,"event_name":"Purifier","floor":5,"gold_loss":0}],"is_beta":false,"boss_relics":[],"items_purged_floors":[],"is_endless":false,"potions_floor_spawned":[6,8,11,13,14],"killed_by":"Hexaghost","ascension_level":3}