{"gold_per_floor":[368,368,383,383,272,315,315,340,393,436,436],"floor_reached":11,"playtime":271,"items_purged":["Strike_B"],"score":138,"play_id":"0f34de00-5487-47cc-81d6-db8605acd1f7","local_time":"20190721223517","is_ascension_mode":true,"campfire_choices":[{"floor":7,"key":"REST"}],"neow_cost":"PERCENT_DAMAGE","seed_source_timestamp":30774789756938,"circlet_count":0,"master_deck":["AscendersBane","Strike_B","Strike_B","Strike_B","Defend_B","Defend_B","Defend_B","Defend_B","Zap","Dualcast","Cold Snap","Barrage","Loop","Conserve Battery","Self Repair","Coolheaded"],"relics":["Cracked Core","Art of War","Golden Idol","Turnip","Smiling Mask","Centennial Puzzle"],"potions_floor_usage":[6],"damage_taken":[{"damage":7,"enemies":"Jaw Worm","floor":1,"turns":3},{"damage":1,"enemies":"2 Louse","floor":3,"turns":3},{"damage":15,"enemies":"3 Sentries","floor":6,"turns":8},{"damage":0,"enemies":"Small Slimes","floor":8,"turns":3},{"damage":26,"enemies":"Lagavulin","floor":10,"turns":7},{"damage":11,"enemies":"3 Louse","floor":11,"turns":1}],"seed_played":"-8058401527619281473","potions_obtained":[{"floor":3,"key":"EssenceOfSteel"}],"is_trial":false,"path_per_floor":["M","?","M","?","$","E","R","M","T","E","M"],"character_chosen":"DEFECT","items_purchased":["Loop"],"campfire_rested":1,"item_purchase_floors":[5],"current_hp_per_floor":[39,27,26,26,26,11,30,30,30,11,0],"gold":436,"neow_bonus":"TWO_FIFTY_GOLD","is_prod":false,"is_daily":false,"chose_seed":false,"campfire_upgraded":0,"win_rate":0,"timestamp":1563762917,"path_taken":["M","?","M","?","$","E","R","M","T","E","M"],"build_version":"2019-07-17","purchased_purges":1,"victory":false,"max_hp_per_floor":[71,71,71,66,66,66,66,66,66,66,66],"card_choices":[{"not_picked":["Compile Driver","Gash"],"picked":"Cold Snap","floor":1},{"not_picked":["Lockon","Rebound"],"picked":"Barrage","floor":3},{"not_picked":["Steam","Sweeping Beam"],"picked":"Conserve Battery","floor":6},{"not_picked":["Ball Lightning","White Noise"],"picked":"Self Repair","floor":8},{"not_picked":["Redo","Melter"],"picked":"Coolheaded","floor":10}],"player_experience":714983,"relics_obtained":[{"floor":6,"key":"Turnip"},{"floor":9,"key":"Smiling Mask"},{"floor":10,"key":"Centennial Puzzle"}],"event_choices":[{"damage_healed":0,"gold_gain":0,"player_choice":"Success","damage_taken":12,"relics_obtained":["Art of War"],"max_hp_gain":0,"max_hp_loss":0,"event_name":"Scrap Ooze","floor":2,"gold_loss":0},{"damage_healed":0,"gold_gain":0,"player_choice":"Lose Max HP","damage_taken":0,"relics_obtained":["Golden Idol"],"max_hp_gain":0,"max_hp_loss":5,"event_name":"Golden Idol","floor":4,"gold_loss":0}],"is_beta":false,"boss_relics":[],"items_purged_floors":[5],"is_endless":false,"potions_floor_spawned":[3],"killed_by":"3 Louse","ascension_level":14}