{"gold_per_floor":[113,113,113,130,130,130,147,173,173,204,221,251,263,263,263,263],"floor_reached":16,"playtime":992,"items_purged":[],"score":134,"play_id":"0871fa68-bd82-48ed-84cf-ec532b1a041a","local_time":"20190725100515","is_ascension_mode":true,"campfire_choices":[{"data":"Flame Barrier","floor":6,"key":"SMITH"},{"floor":15,"key":"REST"}],"neow_cost":"NONE","seed_source_timestamp":161706976409480,"circlet_count":0,"master_deck":["Strike_R","Strike_R","Strike_R","Strike_R","Strike_R","Defend_R","Defend_R","Bash","Shrug It Off","Flame Barrier+1","Pain","Infernal Blade","Corruption","Iron Wave","Seeing Red","Carnage","Havoc"],"relics":["Burning Blood","WarpedTongs","Paper Frog","Darkstone Periapt","Potion Belt","Calipers"],"potions_floor_usage":[8,14,16],"damage_taken":[{"damage":7,"enemies":"2 Louse","floor":1,"turns":3},{"damage":7,"enemies":"Small Slimes","floor":4,"turns":3},{"damage":2,"enemies":"Cultist","floor":7,"turns":3},{"damage":38,"enemies":"Gremlin Nob","floor":8,"turns":5},{"damage":19,"enemies":"3 Sentries","floor":10,"turns":7},{"damage":7,"enemies":"Exordium Wildlife","floor":11,"turns":5},{"damage":32,"enemies":"Gremlin Nob","floor":12,"turns":5},{"damage":7,"enemies":"Gremlin Gang","floor":13,"turns":5},{"damage":0,"enemies":"Lots of Slimes","floor":14,"turns":1},{"damage":50,"enemies":"The Guardian","floor":16,"turns":9}],"seed_played":"-7600504230437106146","potions_obtained":[{"floor":4,"key":"Energy Potion"},{"floor":10,"key":"FairyPotion"},{"floor":12,"key":"SteroidPotion"},{"floor":13,"key":"SmokeBomb"}],"is_trial":false,"path_per_floor":["M","?","?","M","?","R","M","E","T","E","M","E","M","M","R","B"],"character_chosen":"IRONCLAD","items_purchased":[],"campfire_rested":1,"item_purchase_floors":[],"current_hp_per_floor":[87,80,80,79,79,79,83,51,51,38,37,11,10,16,42,0],"gold":263,"neow_bonus":"TEN_PERCENT_HP_BONUS","is_prod":false,"is_daily":false,"chose_seed":false,"campfire_upgraded":1,"win_rate":0,"timestamp":1564067115,"path_taken":["M","?","?","?","?","R","M","E","T","E","?","E","?","M","R","BOSS"],"build_version":"2019-07-17","purchased_purges":0,"victory":false,"max_hp_per_floor":[88,88,88,88,88,88,88,88,88,88,88,88,88,88,88,88],"card_choices":[{"not_picked":["Headbutt","Havoc"],"picked":"Shrug It Off","floor":1},{"not_picked":["Body Slam","Flex"],"picked":"Flame Barrier","floor":4},{"not_picked":["Berserk","Pummel"],"picked":"Infernal Blade","floor":7},{"not_picked":["Ghostly Armor","Clothesline"],"picked":"Corruption","floor":8},{"not_picked":["Combust","Second Wind"],"picked":"Iron Wave","floor":10},{"not_picked":["Thunderclap","Heavy Blade"],"picked":"Seeing Red","floor":11},{"not_picked":["Flex","Dark Embrace"],"picked":"Carnage","floor":12},{"not_picked":["Anger","Sword Boomerang"],"picked":"Havoc","floor":13}],"player_experience":93979,"relics_obtained":[{"floor":8,"key":"Paper Frog"},{"floor":9,"key":"Darkstone Periapt"},{"floor":10,"key":"Potion Belt"},{"floor":12,"key":"Calipers"}],"event_choices":[{"cards_removed":["Defend_R"],"damage_healed":0,"gold_gain":0,"player_choice":"Card Removal","damage_taken":7,"max_hp_gain":0,"max_hp_loss":0,"event_name":"Golden Wing","floor":2,"gold_loss":0},{"cards_removed":["Defend_R"],"damage_healed":0,"gold_gain":0,"player_choice":"Purged","damage_taken":0,"max_hp_gain":0,"max_hp_loss":0,"event_name":"Purifier","floor":3,"gold_loss":0},{"damage_healed":0,"gold_gain":0,"player_choice":"Rummage","damage_taken":0,"relics_obtained":["WarpedTongs"],"max_hp_gain":0,"max_hp_loss":0,"event_name":"Accursed Blacksmith","floor":5,"gold_loss":0,"cards_obtained":["Pain"]}],"is_beta":false,"boss_relics":[],"items_purged_floors":[],"is_endless":false,"potions_floor_spawned":[4,10,12,13],"killed_by":"The Guardian","ascension_level":2}