{"gold_per_floor":[113,127,127,41,41,66,66,66,90,122,122,142,162,97,97,176,176,152,52],"floor_reached":19,"playtime":909,"items_purged":["Regret","Normality"],"score":350,"play_id":"0b7d1dab-67b4-4d5f-b125-ffae91806b64","local_time":"20190816063110","is_ascension_mode":true,"campfire_choices":[{"floor":7.0,"key":"REST"},{"floor":11.0,"key":"REST"},{"floor":15.0,"key":"REST"}],"neow_cost":"TEN_PERCENT_HP_LOSS","seed_source_timestamp":52682958641800,"circlet_count":0,"master_deck":["AscendersBane","Strike_G","Strike_G","Strike_G","Defend_G","Defend_G","Defend_G","Defend_G","Defend_G","Survivor","Neutralize","Die Die Die","After Image","Backflip","Skewer","Infinite Blades","Footwork","Blade Dance","Flying Knee","Predator","Bullet Time","Writhe","Parasite","Accuracy"],"special_seed":0,"relics":["Ring of the Snake","Juzu Bracelet","Lantern","SsserpentHead","Vajra","Question Card","Calling Bell","Boot","Singing Bowl","Incense Burner"],"potions_floor_usage":[16,16],"damage_taken":[{"damage":0.0,"enemies":"Small Slimes","floor":1.0,"turns":3.0},{"damage":0.0,"enemies":"2 Louse","floor":2.0,"turns":2.0},{"damage":30.0,"enemies":"3 Sentries","floor":6.0,"turns":11.0},{"damage":35.0,"enemies":"Gremlin Nob","floor":10.0,"turns":5.0},{"damage":4.0,"enemies":"Cultist","floor":12.0,"turns":4.0},{"damage":0.0,"enemies":"Lots of Slimes","floor":13.0,"turns":3.0},{"damage":29,"enemies":"Hexaghost","floor":16,"turns":13},{"damage":38,"enemies":"2 Thieves","floor":18,"turns":4}],"seed_played":"4011156619371918336","potions_obtained":[{"floor":12.0,"key":"SpeedPotion"},{"floor":13.0,"key":"GamblersBrew"},{"floor":16,"key":"SkillPotion"},{"floor":18,"key":"FearPotion"}],"is_trial":false,"path_per_floor":["M","M","?","$","?","E","R","?","T","E","R","M","M","$","R","B",null,"M","$"],"character_chosen":"THE_SILENT","items_purchased":["Skewer","Predator"],"campfire_rested":3,"item_purchase_floors":[4,14],"current_hp_per_floor":[59,59,59,59,59,29,47,47,47,12,30,26,26,26,44,15,49,11,11],"gold":52,"neow_bonus":"TRANSFORM_TWO_CARDS","is_prod":false,"is_daily":false,"chose_seed":false,"campfire_upgraded":0,"win_rate":0,"timestamp":1565929870,"path_taken":["M","M","?","$","?","E","R","?","T","E","R","M","M","?","R","BOSS","M","$"],"build_version":"2019-07-17","purchased_purges":2,"victory":false,"max_hp_per_floor":[60,60,60,60,60,60,60,60,60,60,60,60,60,60,60,60,60,60,60],"card_choices":[{"not_picked":["Underhanded Strike","Flechettes"],"picked":"Backflip","floor":1.0},{"not_picked":["Sucker Punch","Quick Slash","Bane"],"picked":"SKIP","floor":2.0},{"not_picked":["Caltrops","Glass Knife"],"picked":"Infinite Blades","floor":6.0},{"not_picked":["Accuracy","Noxious Fumes"],"picked":"Footwork","floor":10.0},{"not_picked":["Backstab","Outmaneuver","Dodge and Roll"],"picked":"Blade Dance","floor":12.0},{"not_picked":["Grand Finale","Catalyst","Backflip"],"picked":"Flying Knee","floor":13.0},{"not_picked":["Unload","Night Terror","After Image"],"picked":"Bullet Time","floor":16},{"not_picked":["Predator","Dodge and Roll","Cloak And Dagger"],"picked":"Accuracy","floor":18}],"player_experience":1041093,"relics_obtained":[{"floor":6.0,"key":"Lantern"},{"floor":9.0,"key":"Vajra"},{"floor":10.0,"key":"Question Card"},{"floor":17,"key":"Boot"},{"floor":17,"key":"Singing Bowl"},{"floor":17,"key":"Incense Burner"}],"event_choices":[{"damage_healed":0.0,"max_hp_gain":0.0,"max_hp_loss":0.0,"gold_gain":0.0,"event_name":"Big Fish","player_choice":"Box","floor":3.0,"gold_loss":0.0,"damage_taken":0.0,"relics_obtained":["Juzu Bracelet"],"cards_obtained":["Regret"]},{"damage_healed":0.0,"max_hp_gain":0.0,"max_hp_loss":0.0,"gold_gain":0.0,"event_name":"WeMeetAgain","player_choice":"Ignored","floor":5.0,"gold_loss":0.0,"damage_taken":0.0},{"damage_healed":0.0,"max_hp_gain":0.0,"max_hp_loss":0.0,"gold_gain":0.0,"event_name":"FaceTrader","player_choice":"Trade","floor":8.0,"gold_loss":0.0,"damage_taken":0.0,"relics_obtained":["SsserpentHead"]}],"is_beta":false,"boss_relics":[{"not_picked":["Coffee Dripper","Fusion Hammer"],"picked":"Calling Bell"}],"items_purged_floors":[14,19],"is_endless":false,"potions_floor_spawned":[12,13,16,18],"ascension_level":20}