{"gold_per_floor":[111,127,7,7,7,7,17,42,66,29,55,55,55,81,81,211,211,230,248,267,267,290,290,290],"floor_reached":24,"playtime":976,"items_purged":["Strike_R"],"score":351,"play_id":"96d92be2-9639-48c2-928b-958bb07f99a6","local_time":"20190706091900","is_ascension_mode":true,"campfire_choices":[{"data":"Inflame","floor":6,"key":"SMITH"},{"floor":13,"key":"REST"},{"data":"Havoc","floor":15,"key":"SMITH"},{"floor":23,"key":"REST"}],"neow_cost":"NONE","seed_source_timestamp":355840126681533,"circlet_count":0,"master_deck":["AscendersBane","Bash","Inflame+1","Clothesline","Havoc+1","Disarm","Disarm","Clothesline","Shrug It Off","Feed","Brutality","Evolve","Twin Strike","Feed","Barricade","Rampage","Anger","Brutality","Battle Trance","Armaments","True Grit"],"relics":["Burning Blood","Smiling Mask","Anchor","Dream Catcher","Bag of Marbles","Golden Idol","Bronze Scales","Pandora\u0027s Box"],"potions_floor_usage":[8,11,22],"damage_taken":[{"damage":6,"enemies":"Cultist","floor":1,"turns":4},{"damage":2,"enemies":"Jaw Worm","floor":2,"turns":3},{"damage":0,"enemies":"Small Slimes","floor":7,"turns":3},{"damage":36,"enemies":"Lagavulin","floor":8,"turns":6},{"damage":41,"enemies":"3 Sentries","floor":11,"turns":8},{"damage":20,"enemies":"The Guardian","floor":16,"turns":15},{"damage":23,"enemies":"2 Thieves","floor":18,"turns":4},{"damage":7,"enemies":"3 Byrds","floor":19,"turns":3},{"damage":33,"enemies":"Centurion and Healer","floor":20,"turns":7},{"damage":43,"enemies":"3 Cultists","floor":22,"turns":5},{"damage":56,"enemies":"Book of Stabbing","floor":24,"turns":5}],"seed_played":"5573728936413440810","potions_obtained":[{"floor":2,"key":"SkillPotion"},{"floor":8,"key":"Poison Potion"},{"floor":11,"key":"BloodPotion"}],"is_trial":false,"path_per_floor":["M","M","$","?","$","R","M","E","T","$","E","?","R","T","R","B",null,"M","M","M","?","M","R","E"],"character_chosen":"IRONCLAD","items_purchased":["Clothesline","Disarm"],"campfire_rested":2,"item_purchase_floors":[3,10],"current_hp_per_floor":[80,84,84,66,66,66,72,42,42,42,7,7,31,31,31,17,65,51,50,29,29,21,49,0],"gold":290,"neow_bonus":"TEN_PERCENT_HP_BONUS","is_prod":false,"is_daily":false,"chose_seed":false,"campfire_upgraded":2,"win_rate":0,"timestamp":1562419140,"path_taken":["M","?","$","?","$","R","M","E","T","$","E","?","R","?","R","BOSS","M","M","M","?","M","R","E"],"build_version":"2019-07-05","purchased_purges":1,"victory":false,"max_hp_per_floor":[88,88,88,88,88,88,88,88,88,88,88,81,81,81,81,81,81,84,84,90,90,96,96,96],"card_choices":[{"not_picked":["Flex","Power Through","Fire Breathing"],"picked":"SKIP","floor":1},{"not_picked":["Sentinel","Power Through"],"picked":"Inflame","floor":2},{"not_picked":["Sentinel","Perfected Strike"],"picked":"Havoc","floor":7},{"not_picked":["Perfected Strike","Clothesline"],"picked":"Disarm","floor":8},{"not_picked":["Body Slam","Warcry"],"picked":"Clothesline","floor":11},{"not_picked":["Hemokinesis","Cleave"],"picked":"Shrug It Off","floor":13},{"not_picked":["Fiend Fire","Impervious"],"picked":"Feed","floor":16},{"not_picked":["Thunderclap","Cleave"],"picked":"Anger","floor":18},{"not_picked":["Clothesline","Combust","Warcry"],"picked":"SKIP","floor":19},{"not_picked":["Thunderclap","Sword Boomerang","Body Slam"],"picked":"SKIP","floor":20},{"not_picked":["Dropkick","Infernal Blade"],"picked":"Armaments","floor":22},{"not_picked":["Anger","Warcry"],"picked":"True Grit","floor":23}],"player_experience":658959,"relics_obtained":[{"floor":8,"key":"Anchor"},{"floor":9,"key":"Dream Catcher"},{"floor":11,"key":"Bag of Marbles"},{"floor":14,"key":"Bronze Scales"}],"event_choices":[{"damage_healed":0,"gold_gain":0,"player_choice":"Success","damage_taken":18,"relics_obtained":["Smiling Mask"],"max_hp_gain":0,"max_hp_loss":0,"event_name":"Scrap Ooze","floor":4,"gold_loss":0},{"damage_healed":0,"gold_gain":0,"player_choice":"Lose Max HP","damage_taken":0,"relics_obtained":["Golden Idol"],"max_hp_gain":0,"max_hp_loss":7,"event_name":"Golden Idol","floor":12,"gold_loss":0},{"damage_healed":0,"gold_gain":0,"cards_transformed":["Perfected Strike","Warcry"],"player_choice":"Became Test Subject","damage_taken":0,"max_hp_gain":0,"max_hp_loss":0,"event_name":"Drug Dealer","floor":21,"gold_loss":0,"cards_obtained":["Brutality","Battle Trance"]}],"is_beta":false,"boss_relics":[{"not_picked":["White Beast Statue","Runic Dome"],"picked":"Pandora\u0027s Box"}],"items_purged_floors":[3],"is_endless":false,"potions_floor_spawned":[2,8,11],"killed_by":"Book of Stabbing","ascension_level":12}