{"gold_per_floor":[119,133,308,323,323,358,358,377,377,145,145],"floor_reached":11,"playtime":446,"items_purged":["Doubt"],"score":73,"play_id":"4e1672b0-3b73-4a77-a4e1-dcd78a7bf35a","local_time":"20190529183146","is_ascension_mode":false,"campfire_choices":[{"data":"Electrodynamics","floor":7,"key":"SMITH"}],"neow_cost":"PERCENT_DAMAGE","seed_source_timestamp":900467857260215,"circlet_count":0,"master_deck":["Strike_B","Strike_B","Strike_B","Strike_B","Defend_B","Defend_B","Defend_B","Defend_B","Zap","Dualcast","Panache","Enlightenment","Conserve Battery","Redo+1","Electrodynamics+1","Hologram"],"relics":["Cracked Core","StoneCalendar","Prayer Wheel","Happy Flower"],"potions_floor_usage":[6],"damage_taken":[{"damage":1,"enemies":"Cultist","floor":1,"turns":3},{"damage":6,"enemies":"Jaw Worm","floor":2,"turns":3},{"damage":0,"enemies":"2 Louse","floor":4,"turns":3},{"damage":31,"enemies":"Gremlin Nob","floor":6,"turns":5},{"damage":11,"enemies":"Red Slaver","floor":8,"turns":3},{"damage":6,"enemies":"Exordium Wildlife","floor":11,"turns":1}],"seed_played":"6667551949215851461","potions_obtained":[{"floor":2,"key":"EssenceOfSteel"}],"is_trial":false,"path_per_floor":["M","M","?","M","?","E","R","M","T","$","M"],"character_chosen":"DEFECT","items_purchased":["Happy Flower"],"campfire_rested":0,"item_purchase_floors":[10],"current_hp_per_floor":[53,47,47,47,47,16,16,5,5,5,0],"gold":145,"neow_bonus":"RANDOM_COLORLESS_2","is_prod":false,"is_daily":false,"chose_seed":false,"campfire_upgraded":1,"win_rate":0.0,"timestamp":1559172706,"path_taken":["M","?","?","M","?","E","R","?","T","$","M"],"build_version":"2019-01-23","purchased_purges":1,"victory":false,"max_hp_per_floor":[75,75,75,75,75,75,75,75,75,75,75],"card_choices":[{"not_picked":["Stack","Steam"],"picked":"Conserve Battery","floor":1},{"not_picked":["Streamline","Conserve Battery"],"picked":"Redo","floor":2},{"not_picked":["Sweeping Beam","Doom and Gloom"],"picked":"Electrodynamics","floor":4},{"not_picked":["Leap","Thunder Strike"],"picked":"Hologram","floor":6},{"not_picked":["Heatsinks","Hologram","Blizzard"],"picked":"SKIP","floor":8}],"player_experience":22703,"relics_obtained":[{"floor":6,"key":"StoneCalendar"},{"floor":9,"key":"Prayer Wheel"}],"event_choices":[{"damage_healed":0,"gold_gain":175,"player_choice":"AGREE","damage_taken":0,"max_hp_gain":0,"max_hp_loss":0,"event_name":"Liars Game","floor":3,"gold_loss":0,"cards_obtained":["Doubt"]},{"damage_healed":0,"gold_gain":0,"player_choice":"Upgraded","damage_taken":0,"max_hp_gain":0,"max_hp_loss":0,"event_name":"Upgrade Shrine","floor":5,"gold_loss":0,"cards_upgraded":["Redo"]}],"is_beta":false,"boss_relics":[],"items_purged_floors":[10],"is_endless":false,"potions_floor_spawned":[2],"killed_by":"Exordium Wildlife","ascension_level":0}