{"gold_per_floor":[12,32,50,61,78,78,104,104,104,29,29,43,73,23,23,100,100,110,25,36,36,53,53,88,88,88,115,34,49,68,93,93,172,172,188,1187,1187,1206,1216,1243,1257,1282,1308,1341,1241,1261,1286,587,587,587,587,587,184,218,218],"floor_reached":56,"playtime":7158,"items_purged":["Strike_R","Normality","Normality","Strike_R+1"],"score":2564,"play_id":"60bb1bf1-a067-4a11-881b-45b468c9eb17","local_time":"20190816174738","is_ascension_mode":true,"campfire_choices":[{"data":"Whirlwind","floor":6.0,"key":"SMITH"},{"data":"Body Slam","floor":8.0,"key":"SMITH"},{"data":"Bash","floor":11.0,"key":"SMITH"},{"data":"Disarm","floor":15.0,"key":"SMITH"},{"data":"Flame Barrier","floor":23.0,"key":"SMITH"},{"data":"Barricade","floor":25.0,"key":"SMITH"},{"data":"True Grit","floor":32.0,"key":"SMITH"},{"floor":49.0,"key":"RECALL"},{"data":"Master of Strategy","floor":52.0,"key":"SMITH"}],"neow_cost":"NO_GOLD","seed_source_timestamp":0,"circlet_count":0,"master_deck":["AscendersBane","Defend_R","Defend_R","Defend_R","Defend_R","Bash+1","Seeing Red+1","Whirlwind+1","Spot Weakness","Twin Strike+1","Disarm+1","Body Slam+1","Shrug It Off","Barricade+1","Flame Barrier+1","Feel No Pain+1","True Grit+1","Feel No Pain+1","Disarm+1","Heavy Blade","Entrench","Feed","Corruption+1","Seeing Red","Body Slam","Seeing Red","Impervious","Feel No Pain+1","Burning Pact+1","Master of Strategy+1"],"special_seed":0,"relics":["Burning Blood","Strawberry","Blue Candle","Shuriken","Velvet Choker","Frozen Egg 2","Dead Branch","Torii","Whetstone","Darkstone Periapt","Orrery","CultistMask","Thread and Needle","War Paint","Dodecahedron","Ancient Tea Set","Red Skull","Singing Bowl","Centennial Puzzle","Pocketwatch"],"potions_floor_usage":[],"damage_taken":[{"damage":1.0,"enemies":"Cultist","floor":1.0,"turns":4.0},{"damage":10.0,"enemies":"Jaw Worm","floor":2.0,"turns":5.0},{"damage":0.0,"enemies":"2 Louse","floor":3.0,"turns":1.0},{"damage":0.0,"enemies":"2 Fungi Beasts","floor":4.0,"turns":3.0},{"damage":17.0,"enemies":"Exordium Thugs","floor":5.0,"turns":5.0},{"damage":30.0,"enemies":"Gremlin Nob","floor":7.0,"turns":4.0},{"damage":13.0,"enemies":"Red Slaver","floor":12.0,"turns":3.0},{"damage":36.0,"enemies":"Lagavulin","floor":13.0,"turns":10.0},{"damage":4.0,"enemies":"Hexaghost","floor":16.0,"turns":8.0},{"damage":2.0,"enemies":"Chosen","floor":18.0,"turns":4.0},{"damage":0.0,"enemies":"3 Byrds","floor":20.0,"turns":3.0},{"damage":7.0,"enemies":"Snecko","floor":22.0,"turns":5.0},{"damage":4.0,"enemies":"Gremlin Leader","floor":24.0,"turns":6.0},{"damage":11.0,"enemies":"Slavers","floor":27.0,"turns":7.0},{"damage":24.0,"enemies":"Shelled Parasite and Fungi","floor":29.0,"turns":3.0},{"damage":14.0,"enemies":"Chosen and Byrds","floor":30.0,"turns":7.0},{"damage":3.0,"enemies":"Book of Stabbing","floor":31.0,"turns":7.0},{"damage":13.0,"enemies":"Collector","floor":33.0,"turns":11.0},{"damage":12.0,"enemies":"3 Darklings","floor":35.0,"turns":5.0},{"damage":12.0,"enemies":"3 Shapes","floor":38.0,"turns":6.0},{"damage":18.0,"enemies":"Spire Growth","floor":39.0,"turns":6.0},{"damage":0.0,"enemies":"Nemesis","floor":40.0,"turns":5.0},{"damage":1.0,"enemies":"Sphere and 2 Shapes","floor":41.0,"turns":6.0},{"damage":74.0,"enemies":"Reptomancer","floor":42.0,"turns":9.0},{"damage":0.0,"enemies":"Giant Head","floor":44.0,"turns":12.0},{"damage":0.0,"enemies":"Jaw Worm Horde","floor":46.0,"turns":7.0},{"damage":26.0,"enemies":"Donu and Deca","floor":50.0,"turns":7.0},{"damage":0.0,"enemies":"Shield and Spear","floor":54.0,"turns":6.0},{"damage":17,"enemies":"The Heart","floor":55,"turns":7}],"seed_played":"6147630709676872542","potions_obtained":[{"floor":2.0,"key":"SteroidPotion"},{"floor":4.0,"key":"GamblersBrew"},{"floor":7.0,"key":"Explosive Potion"},{"floor":12.0,"key":"Fruit Juice"},{"floor":16.0,"key":"LiquidBronze"},{"floor":29.0,"key":"FearPotion"},{"floor":33.0,"key":"LiquidBronze"},{"floor":39.0,"key":"PowerPotion"},{"floor":40.0,"key":"Swift Potion"},{"floor":42.0,"key":"AttackPotion"},{"floor":44.0,"key":"PowerPotion"}],"is_trial":false,"path_per_floor":["M","M","M","M","M","R","E","R","T","$","R","M","E","?","R","B",null,"M","?","M","?","M","R","E","R","T","E","$","M","M","E","R","B",null,"M","?","?","M","M","E","M","E","T","E","$","M","T","$","R","B",null,"R","$","E","B",null],"character_chosen":"IRONCLAD","items_purchased":["Feel No Pain+1","Red Skull","Master of Strategy","Singing Bowl","Centennial Puzzle","Block Potion","Block Potion"],"campfire_rested":0,"item_purchase_floors":[28,48,48,48,53,53,53],"current_hp_per_floor":[73,69,75,75,64,64,47,47,47,47,47,45,15,15,15,17,70,74,74,80,87,86,86,87,87,87,82,82,64,56,59,59,52,78,72,84,84,78,66,72,77,9,9,18,18,27,27,27,27,7,81,81,81,89,78],"gold":218,"neow_bonus":"TRANSFORM_TWO_CARDS","is_prod":false,"is_daily":false,"chose_seed":false,"campfire_upgraded":8,"win_rate":0,"timestamp":1566002858,"path_taken":["M","M","M","?","M","R","E","R","T","$","R","M","E","?","R","BOSS","M","?","M","?","?","R","E","R","T","E","$","M","M","E","R","BOSS","M","?","?","?","M","E","M","E","T","E","$","M","?","$","R","BOSS","R","$","E","BOSS"],"build_version":"2019-07-17","purchased_purges":4,"victory":true,"max_hp_per_floor":[75,75,75,75,75,75,82,82,82,82,82,87,87,87,87,87,87,87,87,87,87,87,87,87,87,87,87,87,87,87,87,87,87,87,87,99,99,99,99,99,99,99,99,102,102,105,105,105,105,105,105,105,105,107,107],"card_choices":[{"not_picked":["Wild Strike","Cleave"],"picked":"Whirlwind","floor":1.0},{"not_picked":["Warcry","Clash"],"picked":"Spot Weakness","floor":2.0},{"not_picked":["Heavy Blade","Reckless Charge"],"picked":"Twin Strike","floor":3.0},{"not_picked":["Inflame","Cleave"],"picked":"Disarm","floor":4.0},{"not_picked":["Reckless Charge","Cleave"],"picked":"Body Slam","floor":5.0},{"not_picked":["Seeing Red","Havoc","Intimidate"],"picked":"SKIP","floor":7.0},{"not_picked":["Thunderclap","Reckless Charge","Perfected Strike"],"picked":"SKIP","floor":12.0},{"not_picked":["Iron Wave","Sever Soul"],"picked":"Shrug It Off","floor":13.0},{"not_picked":["Limit Break","Dark Embrace"],"picked":"Barricade","floor":16.0},{"not_picked":["Twin Strike","Sentinel","Perfected Strike"],"picked":"SKIP","floor":18.0},{"not_picked":["Warcry","Twin Strike"],"picked":"Flame Barrier","floor":20.0},{"not_picked":["Flex","Anger","Wild Strike"],"picked":"SKIP","floor":22.0},{"not_picked":["Reckless Charge","Burning Pact"],"picked":"Feel No Pain+1","floor":24.0},{"not_picked":["Brutality+1","Wild Strike"],"picked":"True Grit","floor":27.0},{"not_picked":["Flex+1","Pommel Strike"],"picked":"Disarm","floor":29.0},{"not_picked":["Sword Boomerang","Seeing Red"],"picked":"Heavy Blade","floor":30.0},{"not_picked":["Pommel Strike","Rupture+1"],"picked":"Entrench","floor":31.0},{"not_picked":["Barricade+1","Limit Break"],"picked":"Feed","floor":33.0},{"not_picked":["Metallicize+1","Perfected Strike"],"picked":"Corruption+1","floor":34.0},{"not_picked":["Armaments","Heavy Blade"],"picked":"Seeing Red","floor":34.0},{"not_picked":["Wild Strike","Iron Wave"],"picked":"Body Slam","floor":35.0},{"not_picked":["Infernal Blade","Dual Wield"],"picked":"Seeing Red","floor":38.0},{"not_picked":["Shrug It Off","Second Wind"],"picked":"Impervious","floor":39.0},{"not_picked":["Dual Wield","Uppercut","Warcry"],"picked":"SKIP","floor":40.0},{"not_picked":["Iron Wave","Clash","Fire Breathing+1"],"picked":"SKIP","floor":41.0},{"not_picked":["Iron Wave","Impervious"],"picked":"Feel No Pain+1","floor":42.0},{"not_picked":["Dual Wield","Blood for Blood"],"picked":"Burning Pact+1","floor":44.0},{"not_picked":["Whirlwind+1","Clash","Twin Strike"],"picked":"SKIP","floor":46.0},{"not_picked":["Rupture+1","Rage","Iron Wave"],"picked":"Singing Bowl","floor":54.0}],"player_experience":573309,"relics_obtained":[{"floor":7.0,"key":"Strawberry"},{"floor":9.0,"key":"Blue Candle"},{"floor":13.0,"key":"Shuriken"},{"floor":24.0,"key":"Dead Branch"},{"floor":26.0,"key":"Torii"},{"floor":27.0,"key":"Whetstone"},{"floor":31.0,"key":"Darkstone Periapt"},{"floor":40.0,"key":"Thread and Needle"},{"floor":42.0,"key":"War Paint"},{"floor":44.0,"key":"Dodecahedron"},{"floor":47.0,"key":"Ancient Tea Set"},{"floor":54.0,"key":"Pocketwatch"}],"event_choices":[{"cards_removed":["Strike_R"],"damage_healed":0.0,"max_hp_gain":0.0,"max_hp_loss":0.0,"gold_gain":0.0,"event_name":"The Cleric","player_choice":"Card Removal","floor":14.0,"gold_loss":50.0,"damage_taken":0.0},{"damage_healed":0.0,"max_hp_gain":0.0,"max_hp_loss":0.0,"gold_gain":0.0,"event_name":"Addict","player_choice":"Obtained Relic","floor":19.0,"gold_loss":85.0,"damage_taken":0.0,"relics_obtained":["Frozen Egg 2"]},{"cards_removed":["Burning Pact"],"damage_healed":7.0,"max_hp_gain":0.0,"max_hp_loss":0.0,"gold_gain":0.0,"event_name":"Bonfire Elementals","player_choice":"Offered Uncommon","floor":21.0,"gold_loss":0.0,"damage_taken":0.0},{"damage_healed":0.0,"max_hp_gain":0.0,"max_hp_loss":0.0,"gold_gain":999.0,"event_name":"MindBloom","player_choice":"Gold","floor":36.0,"gold_loss":0.0,"damage_taken":0.0,"cards_obtained":["Normality","Normality"]},{"damage_healed":0.0,"max_hp_gain":0.0,"max_hp_loss":0.0,"gold_gain":0.0,"event_name":"FaceTrader","player_choice":"Trade","floor":37.0,"gold_loss":0.0,"damage_taken":0.0,"relics_obtained":["CultistMask"]}],"is_beta":false,"boss_relics":[{"not_picked":["White Beast Statue","Mark of Pain"],"picked":"Velvet Choker"},{"not_picked":["Cursed Key","Busted Crown"],"picked":"Orrery"}],"items_purged_floors":[10,45,48,53],"is_endless":false,"potions_floor_spawned":[2,4,7,12,16,18,20,29,33,39,40,42,44,54],"ascension_level":14}