{"gold_per_floor":[110,126,137,151,163,163,163,194,276,276,276,287,287,298,298,400,400,418,333,258,258,258,258,284,284,284,296,315,315,240,253,253,358,358,368,278,292,302,150,178,188,220,272,272,286,299,330,349,349,349],"floor_reached":51,"playtime":2531,"items_purged":["Strike_G","Defend_G"],"score":992,"play_id":"23721403-9573-49a8-a5b9-9f003a178e5b","local_time":"20190816031336","is_ascension_mode":true,"campfire_choices":[{"data":"Catalyst","floor":6,"key":"SMITH"},{"data":"Adrenaline","floor":10,"key":"SMITH"},{"data":"Deadly Poison","floor":13,"key":"SMITH"},{"data":"Bouncing Flask","floor":15,"key":"SMITH"},{"data":"Adrenaline","floor":23,"key":"SMITH"},{"data":"Poisoned Stab","floor":25,"key":"SMITH"},{"data":"Poisoned Stab","floor":29,"key":"SMITH"},{"data":"Backflip","floor":32,"key":"SMITH"},{"data":"Adrenaline","floor":49,"key":"SMITH"}],"neow_cost":"NONE","seed_source_timestamp":40575284279200,"circlet_count":0,"master_deck":["Defend_G","Defend_G","Defend_G","Survivor+1","Neutralize","Adrenaline+1","Catalyst+1","Poisoned Stab+1","Backflip+1","Poisoned Stab+1","Deadly Poison+1","Adrenaline+1","Bouncing Flask+1","Adrenaline+1","Blur+1","Adrenaline+1","Backflip","Deadly Poison+1","Dagger Spray"],"relics":["Ring of the Snake","Strawberry","Letter Opener","Empty Cage","Mango","MutagenicStrength","Omamori","Orichalcum","Black Star","Mummified Hand","Smiling Mask","Dead Branch","Gremlin Horn","Anchor","Vajra","Potion Belt"],"potions_floor_usage":[8,8,24,42,46,46,50,50],"damage_taken":[{"damage":3,"enemies":"Cultist","floor":1,"turns":4},{"damage":0,"enemies":"Small Slimes","floor":2,"turns":3},{"damage":0,"enemies":"Jaw Worm","floor":3,"turns":4},{"damage":6,"enemies":"2 Fungi Beasts","floor":4,"turns":4},{"damage":11,"enemies":"Large Slime","floor":5,"turns":7},{"damage":13,"enemies":"3 Sentries","floor":8,"turns":8},{"damage":0,"enemies":"Red Slaver","floor":12,"turns":2},{"damage":0,"enemies":"Blue Slaver","floor":14,"turns":1},{"damage":24,"enemies":"Hexaghost","floor":16,"turns":5},{"damage":0,"enemies":"Shell Parasite","floor":18,"turns":3},{"damage":0,"enemies":"Gremlin Leader","floor":24,"turns":2},{"damage":0,"enemies":"Spheric Guardian","floor":27,"turns":1},{"damage":9,"enemies":"3 Cultists","floor":28,"turns":4},{"damage":0,"enemies":"Snake Plant","floor":31,"turns":2},{"damage":14,"enemies":"Champ","floor":33,"turns":4},{"damage":0,"enemies":"3 Shapes","floor":35,"turns":2},{"damage":0,"enemies":"Orb Walker","floor":37,"turns":1},{"damage":0,"enemies":"Spire Growth","floor":38,"turns":2},{"damage":0,"enemies":"Giant Head","floor":40,"turns":4},{"damage":0,"enemies":"Jaw Worm Horde","floor":41,"turns":2},{"damage":0,"enemies":"Reptomancer","floor":42,"turns":3},{"damage":0,"enemies":"Sphere and 2 Shapes","floor":45,"turns":1},{"damage":0,"enemies":"Transient","floor":46,"turns":5},{"damage":3,"enemies":"Giant Head","floor":47,"turns":4},{"damage":0,"enemies":"Writhing Mass","floor":48,"turns":2},{"damage":3,"enemies":"Time Eater","floor":50,"turns":3}],"seed_played":"1004328571297061488","potions_obtained":[{"floor":3,"key":"Dexterity Potion"},{"floor":4,"key":"LiquidBronze"},{"floor":8,"key":"Swift Potion"},{"floor":12,"key":"GhostInAJar"},{"floor":18,"key":"Swift Potion"},{"floor":27,"key":"SpeedPotion"},{"floor":37,"key":"LiquidBronze"},{"floor":41,"key":"FearPotion"},{"floor":47,"key":"PowerPotion"},{"floor":48,"key":"Fire Potion"}],"is_trial":false,"path_per_floor":["M","M","M","M","M","R","?","E","T","R","?","M","R","M","R","B",null,"M","?","$","?","?","R","E","R","T","M","M","R","?","M","R","B",null,"M","?","M","M","$","E","M","E","T","?","M","M","E","M","R","B",null],"character_chosen":"THE_SILENT","items_purchased":["Backflip"],"campfire_rested":0,"item_purchase_floors":[39],"current_hp_per_floor":[67,67,67,61,50,50,43,37,37,37,37,37,37,37,37,13,77,77,91,91,91,82,82,82,82,82,82,73,73,73,73,73,59,91,91,91,91,91,91,91,91,91,91,91,91,91,88,88,88,85],"gold":349,"neow_bonus":"ONE_RANDOM_RARE_CARD","is_prod":false,"is_daily":false,"chose_seed":false,"campfire_upgraded":9,"win_rate":0,"timestamp":1565889216,"path_taken":["M","M","M","?","M","R","?","E","T","R","?","M","R","M","R","BOSS","M","?","$","?","?","R","E","R","T","?","M","R","?","M","R","BOSS","M","?","M","?","$","E","M","E","T","?","M","M","E","?","R","BOSS"],"build_version":"2019-07-17","purchased_purges":2,"victory":true,"max_hp_per_floor":[70,70,70,70,70,70,70,77,77,77,77,77,77,77,77,77,77,77,91,91,91,91,91,91,91,91,91,91,91,91,91,91,91,91,91,91,91,91,91,91,91,91,91,91,91,91,91,91,91,91],"card_choices":[{"not_picked":["Dagger Throw","Bane"],"picked":"Catalyst","floor":1},{"not_picked":["Infinite Blades","Prepared"],"picked":"Poisoned Stab","floor":2},{"not_picked":["Prepared","Calculated Gamble"],"picked":"Backflip","floor":3},{"not_picked":["Sucker Punch","Deflect"],"picked":"Poisoned Stab","floor":4},{"not_picked":["Blade Dance","Outmaneuver"],"picked":"Deadly Poison","floor":5},{"not_picked":["Terror","Slice"],"picked":"Adrenaline","floor":8},{"not_picked":["Backflip","Underhanded Strike","Deflect"],"picked":"SKIP","floor":12},{"not_picked":["Dagger Throw","Blade Dance"],"picked":"Bouncing Flask","floor":14},{"not_picked":["Doppelganger","Night Terror"],"picked":"Adrenaline","floor":16},{"not_picked":["Accuracy","Dodge and Roll"],"picked":"Blur+1","floor":18},{"not_picked":["Endless Agony","Quick Slash","Dagger Spray"],"picked":"SKIP","floor":24},{"not_picked":["Sucker Punch","Dodge and Roll+1","Infinite Blades"],"picked":"SKIP","floor":27},{"not_picked":["Doppelganger","Dagger Spray+1","Well Laid Plans"],"picked":"SKIP","floor":28},{"not_picked":["Crippling Poison","Blade Dance+1","Dodge and Roll"],"picked":"SKIP","floor":31},{"not_picked":["Tools of the Trade","Glass Knife"],"picked":"Adrenaline","floor":33},{"not_picked":["Riddle With Holes+1","Accuracy+1","Prepared"],"picked":"SKIP","floor":35},{"not_picked":["Prepared","Dagger Throw","Choke+1"],"picked":"SKIP","floor":37},{"not_picked":["Slice","Dodge and Roll","Well Laid Plans+1"],"picked":"SKIP","floor":38},{"not_picked":["Skewer","Terror+1","Crippling Poison+1"],"picked":"SKIP","floor":40},{"not_picked":["Bane","Outmaneuver"],"picked":"Deadly Poison+1","floor":41},{"not_picked":["Deflect+1","Reflex","Leg Sweep"],"picked":"SKIP","floor":42},{"not_picked":["Dagger Spray","Backstab+1","Acrobatics"],"picked":"SKIP","floor":45},{"not_picked":["Distraction+1","Finisher","Expertise"],"picked":"SKIP","floor":46},{"not_picked":["A Thousand Cuts","Reflex+1","Deflect"],"picked":"SKIP","floor":47},{"not_picked":["Deadly Poison","Prepared+1","Underhanded Strike+1"],"picked":"SKIP","floor":48}],"player_experience":41387,"relics_obtained":[{"floor":8,"key":"Strawberry"},{"floor":9,"key":"Letter Opener"},{"floor":24,"key":"Omamori"},{"floor":26,"key":"Orichalcum"},{"floor":40,"key":"Mummified Hand"},{"floor":40,"key":"Smiling Mask"},{"floor":42,"key":"Dead Branch"},{"floor":42,"key":"Gremlin Horn"},{"floor":43,"key":"Anchor"},{"floor":47,"key":"Vajra"},{"floor":47,"key":"Potion Belt"}],"event_choices":[{"cards_removed":["Strike_G"],"damage_healed":0,"gold_gain":0,"player_choice":"Card Removal","damage_taken":7,"max_hp_gain":0,"max_hp_loss":0,"event_name":"Golden Wing","floor":7,"gold_loss":0},{"damage_healed":0,"gold_gain":0,"player_choice":"Grow","damage_taken":0,"max_hp_gain":0,"max_hp_loss":0,"event_name":"Living Wall","floor":11,"gold_loss":0,"cards_upgraded":["Adrenaline"]},{"damage_healed":0,"gold_gain":0,"player_choice":"Obtained Relic","damage_taken":0,"relics_obtained":["Mango"],"max_hp_gain":0,"max_hp_loss":0,"event_name":"Addict","floor":19,"gold_loss":85},{"damage_healed":0,"gold_gain":0,"player_choice":"Inject Mutagens","damage_taken":0,"relics_obtained":["MutagenicStrength"],"max_hp_gain":0,"max_hp_loss":0,"event_name":"Drug Dealer","floor":21,"gold_loss":0},{"damage_healed":0,"gold_gain":0,"player_choice":"Damaged","damage_taken":9,"max_hp_gain":0,"max_hp_loss":0,"event_name":"Wheel of Change","floor":22,"gold_loss":0},{"cards_removed":["Strike_G"],"damage_healed":0,"gold_gain":0,"player_choice":"Gave Gold","damage_taken":0,"max_hp_gain":0,"max_hp_loss":0,"event_name":"Beggar","floor":30,"gold_loss":75},{"cards_removed":["Defend_G"],"damage_healed":0,"gold_gain":0,"player_choice":"Upgrade and Remove","damage_taken":0,"max_hp_gain":0,"max_hp_loss":0,"event_name":"Designer","floor":36,"gold_loss":90,"cards_upgraded":["Survivor"]},{"damage_healed":0,"gold_gain":0,"player_choice":"1 cards matched","damage_taken":0,"max_hp_gain":0,"max_hp_loss":0,"event_name":"Match and Keep!","floor":44,"gold_loss":0,"cards_obtained":["Dagger Spray"]}],"is_beta":false,"boss_relics":[{"not_picked":["Busted Crown","Tiny House"],"picked":"Empty Cage"},{"not_picked":["Ring of the Serpent","Astrolabe"],"picked":"Black Star"}],"items_purged_floors":[20,39],"is_endless":false,"potions_floor_spawned":[3,4,8,12,18,27,37,41,47,48],"ascension_level":2}