{"gold_per_floor":[119,119,119,136,156,156,110,140,163,175,25,52,52,70,70,142,142,157,207,219,229,229,258,258,286,286,300,326,341,341,356,356,430,430,449,468,479,479,494,526,526,554,554,572,606,617,204,214,214,214],"floor_reached":50,"playtime":3526,"items_purged":["Strike_G","Writhe"],"score":1276,"play_id":"d6c9dfd7-941a-427b-8688-3778d9482c23","local_time":"20190819232248","is_ascension_mode":true,"campfire_choices":[{"data":"Neutralize","floor":6,"key":"SMITH"},{"floor":10,"key":"REST"},{"floor":13,"key":"REST"},{"data":"Footwork","floor":15,"key":"SMITH"},{"data":"PiercingWail","floor":24,"key":"SMITH"},{"floor":30,"key":"REST"},{"floor":32,"key":"REST"},{"floor":41,"key":"RECALL"},{"floor":49,"key":"REST"}],"neow_cost":"NONE","seed_source_timestamp":173496836231420,"circlet_count":0,"master_deck":["AscendersBane","Strike_G","Strike_G","Strike_G","Defend_G","Defend_G","Defend_G","Defend_G","Defend_G","Survivor","Neutralize+1","Noxious Fumes","PiercingWail+1","Footwork+1","Blade Dance+1","Corpse Explosion+1","Crippling Poison+1","Catalyst+1","Adrenaline+1","Dodge and Roll+1","Infinite Blades","Footwork","PiercingWail+1","Prepared+1","Unload","Deflect+1","Caltrops+1","Prepared+1","Leg Sweep+1","Blur+1","Purity+1"],"relics":["Ring of the Snake","Orichalcum","MawBank","Toxic Egg 2","Runic Pyramid","Strawberry","Dead Branch","Bronze Scales","Ninja Scroll","HoveringKite","Snake Skull","Pen Nib","Dream Catcher","Bag of Marbles"],"potions_floor_usage":[8,8,12,50,50],"damage_taken":[{"damage":0,"enemies":"2 Louse","floor":1,"turns":3},{"damage":2,"enemies":"Jaw Worm","floor":4,"turns":6},{"damage":2,"enemies":"Small Slimes","floor":5,"turns":5},{"damage":52,"enemies":"Gremlin Nob","floor":8,"turns":6},{"damage":5,"enemies":"Lagavulin","floor":12,"turns":8},{"damage":5,"enemies":"2 Fungi Beasts","floor":14,"turns":5},{"damage":11,"enemies":"The Guardian","floor":16,"turns":16},{"damage":2,"enemies":"Spheric Guardian","floor":18,"turns":7},{"damage":4,"enemies":"Shell Parasite","floor":20,"turns":6},{"damage":4,"enemies":"Chosen and Byrds","floor":21,"turns":6},{"damage":7,"enemies":"Gremlin Leader","floor":23,"turns":7},{"damage":16,"enemies":"Slavers","floor":25,"turns":3},{"damage":11,"enemies":"Snecko","floor":27,"turns":6},{"damage":2,"enemies":"Gremlin Leader","floor":28,"turns":6},{"damage":4,"enemies":"Sentry and Sphere","floor":29,"turns":5},{"damage":0,"enemies":"Chosen and Byrds","floor":31,"turns":5},{"damage":0,"enemies":"Champ","floor":33,"turns":8},{"damage":2,"enemies":"Orb Walker","floor":35,"turns":5},{"damage":11,"enemies":"3 Darklings","floor":36,"turns":4},{"damage":3,"enemies":"Jaw Worm Horde","floor":37,"turns":2},{"damage":0,"enemies":"Maw","floor":39,"turns":8},{"damage":0,"enemies":"Nemesis","floor":40,"turns":5},{"damage":0,"enemies":"Giant Head","floor":42,"turns":5},{"damage":5,"enemies":"3 Darklings","floor":44,"turns":3},{"damage":23,"enemies":"Reptomancer","floor":45,"turns":7},{"damage":16,"enemies":"Sphere and 2 Shapes","floor":46,"turns":5},{"damage":0,"enemies":"Maw","floor":48,"turns":6},{"damage":66,"enemies":"Awakened One","floor":50,"turns":14}],"seed_played":"3136114935151662039","potions_obtained":[{"floor":1,"key":"GamblersBrew"},{"floor":5,"key":"GamblersBrew"},{"floor":14,"key":"SteroidPotion"},{"floor":18,"key":"Swift Potion"},{"floor":33,"key":"FearPotion"},{"floor":35,"key":"EssenceOfSteel"}],"is_trial":false,"path_per_floor":["M","?","?","M","M","R","?","E","T","R","$","E","R","M","R","B",null,"M","?","M","M","?","E","R","E","T","M","E","M","R","M","R","B",null,"M","M","M","?","M","E","R","E","T","M","E","M","$","M","R","B"],"character_chosen":"THE_SILENT","items_purchased":["Footwork","AttackPotion","Blur+1","Purity+1","Bag of Marbles"],"campfire_rested":5,"item_purchase_floors":[11,11,47,47,47],"current_hp_per_floor":[65,65,58,56,54,54,54,2,2,23,23,18,39,34,34,23,60,58,58,54,50,50,50,50,34,34,23,21,17,40,40,63,63,75,73,62,59,75,75,75,75,75,75,70,47,31,31,31,54,0],"gold":214,"neow_bonus":"TEN_PERCENT_HP_BONUS","is_prod":false,"is_daily":false,"chose_seed":false,"campfire_upgraded":3,"win_rate":0,"timestamp":1566271368,"path_taken":["M","?","?","M","M","R","?","E","T","R","$","E","R","M","R","BOSS","M","?","?","M","?","E","R","E","T","M","E","M","R","M","R","BOSS","M","?","?","?","M","E","R","E","T","M","E","M","$","M","R","BOSS"],"build_version":"2019-07-17","purchased_purges":2,"victory":false,"max_hp_per_floor":[72,72,72,72,72,72,72,72,72,72,72,72,72,72,72,72,72,72,72,72,72,72,79,79,79,79,79,79,79,79,79,79,79,79,79,79,79,79,79,79,79,79,79,79,79,79,79,79,79,79],"card_choices":[{"not_picked":["Slice","Backflip"],"picked":"Noxious Fumes","floor":1},{"not_picked":["Poisoned Stab","Backflip","Sucker Punch"],"picked":"SKIP","floor":4},{"not_picked":["Flying Knee","Endless Agony"],"picked":"PiercingWail","floor":5},{"not_picked":["Flying Knee","Calculated Gamble","Outmaneuver"],"picked":"SKIP","floor":8},{"not_picked":["Bane","Poisoned Stab"],"picked":"Blade Dance","floor":12},{"not_picked":["All Out Attack","Quick Slash","Concentrate+1"],"picked":"SKIP","floor":14},{"not_picked":["Storm of Steel+1","Phantasmal Killer+1"],"picked":"Corpse Explosion+1","floor":16},{"not_picked":["Quick Slash","Dagger Spray"],"picked":"Crippling Poison+1","floor":18},{"not_picked":["Blade Dance+1","Outmaneuver+1"],"picked":"Catalyst+1","floor":20},{"not_picked":["Expertise+1","Bouncing Flask+1","Blade Dance+1"],"picked":"SKIP","floor":21},{"not_picked":["Prepared+1","Endless Agony"],"picked":"Dodge and Roll+1","floor":23},{"not_picked":["Flying Knee","A Thousand Cuts"],"picked":"Infinite Blades","floor":25},{"not_picked":["Tactician+1","Underhanded Strike+1"],"picked":"Footwork","floor":27},{"not_picked":["Slice","Dagger Throw+1"],"picked":"PiercingWail+1","floor":28},{"not_picked":["Leg Sweep+1","Outmaneuver+1"],"picked":"Prepared+1","floor":29},{"not_picked":["Riddle With Holes","Crippling Poison+1","Dagger Spray"],"picked":"SKIP","floor":31},{"not_picked":["Die Die Die","Venomology+1"],"picked":"Unload","floor":33},{"not_picked":["Dash","Crippling Poison+1","Bouncing Flask+1"],"picked":"SKIP","floor":35},{"not_picked":["Cloak And Dagger+1","Prepared+1"],"picked":"Deflect+1","floor":36},{"not_picked":["Outmaneuver+1","Eviscerate","Setup+1"],"picked":"SKIP","floor":37},{"not_picked":["Blade Dance+1","Infinite Blades","Outmaneuver+1"],"picked":"SKIP","floor":39},{"not_picked":["Finisher","Quick Slash","Flying Knee"],"picked":"SKIP","floor":40},{"not_picked":["Night Terror+1","Reflex+1"],"picked":"Caltrops+1","floor":42},{"not_picked":["Sucker Punch","Dagger Throw","Dagger Spray"],"picked":"SKIP","floor":44},{"not_picked":["Poisoned Stab","Cloak And Dagger+1"],"picked":"Prepared+1","floor":45},{"not_picked":["All Out Attack+1","Bane"],"picked":"Leg Sweep+1","floor":46},{"not_picked":["Bane+1","Leg Sweep+1","Sucker Punch+1"],"picked":"SKIP","floor":48}],"player_experience":782589,"relics_obtained":[{"floor":8,"key":"Orichalcum"},{"floor":9,"key":"MawBank"},{"floor":12,"key":"Toxic Egg 2"},{"floor":23,"key":"Strawberry"},{"floor":25,"key":"Dead Branch"},{"floor":26,"key":"Bronze Scales"},{"floor":28,"key":"Ninja Scroll"},{"floor":40,"key":"Snake Skull"},{"floor":42,"key":"Pen Nib"},{"floor":45,"key":"Dream Catcher"}],"event_choices":[{"damage_healed":0,"gold_gain":0,"player_choice":"Ignored","damage_taken":0,"max_hp_gain":0,"max_hp_loss":0,"event_name":"Shining Light","floor":2,"gold_loss":0},{"cards_removed":["Strike_G"],"damage_healed":0,"gold_gain":0,"player_choice":"Card Removal","damage_taken":7,"max_hp_gain":0,"max_hp_loss":0,"event_name":"Golden Wing","floor":3,"gold_loss":0},{"damage_healed":0,"gold_gain":0,"player_choice":"Left Gold","damage_taken":0,"max_hp_gain":0,"max_hp_loss":0,"event_name":"World of Goop","floor":7,"gold_loss":46},{"damage_healed":0,"gold_gain":100,"player_choice":"Bet on Murderer","damage_taken":0,"max_hp_gain":0,"max_hp_loss":0,"event_name":"The Joust","floor":19,"gold_loss":50},{"damage_healed":0,"gold_gain":0,"player_choice":"1 cards matched","damage_taken":0,"max_hp_gain":0,"max_hp_loss":0,"event_name":"Match and Keep!","floor":22,"gold_loss":0,"cards_obtained":["Adrenaline"]},{"damage_healed":16,"gold_gain":0,"player_choice":"Writhe","damage_taken":0,"max_hp_gain":0,"max_hp_loss":0,"event_name":"Winding Halls","floor":38,"gold_loss":0,"cards_obtained":["Writhe"]}],"is_beta":false,"boss_relics":[{"not_picked":["Velvet Choker","Runic Dome"],"picked":"Runic Pyramid"},{"not_picked":["Cursed Key","Philosopher\u0027s Stone"],"picked":"HoveringKite"}],"items_purged_floors":[11,47],"is_endless":false,"potions_floor_spawned":[1,5,14,18,21,27,33,35,37,39,44],"killed_by":"Awakened One","ascension_level":15}