{"gold_per_floor":[115,115,115,134,134,134,172,188,239,282,282,295,308,483,483,483],"floor_reached":16,"playtime":1410,"items_purged":[],"score":154,"play_id":"9efa229e-f906-4cad-84ef-e71b139c73fb","local_time":"20190609001457","is_ascension_mode":true,"campfire_choices":[{"data":"Dualcast","floor":6,"key":"SMITH"},{"data":"Sunder","floor":11,"key":"SMITH"},{"floor":15,"key":"REST"}],"neow_cost":"NONE","seed_source_timestamp":226106900490844,"circlet_count":0,"master_deck":["Strike_B","Strike_B","Strike_B","Strike_B","Defend_B+1","Defend_B","Defend_B+1","Defend_B","Zap+1","Dualcast+1","Sunder+1","Darkness","Undo","Cold Snap","Capacitor","Doubt"],"relics":["Cracked Core","Golden Idol","Pen Nib","War Paint","Dodecahedron"],"potions_floor_usage":[13,16],"damage_taken":[{"damage":1,"enemies":"Cultist","floor":1,"turns":3},{"damage":4,"enemies":"Jaw Worm","floor":4,"turns":3},{"damage":27,"enemies":"Lagavulin","floor":7,"turns":6},{"damage":0,"enemies":"Small Slimes","floor":8,"turns":2},{"damage":22,"enemies":"3 Sentries","floor":10,"turns":6},{"damage":5,"enemies":"Exordium Thugs","floor":12,"turns":3},{"damage":0,"enemies":"Lots of Slimes","floor":13,"turns":3},{"damage":31,"enemies":"Slime Boss","floor":16,"turns":10}],"seed_played":"-3017146025501581435","potions_obtained":[{"floor":1,"key":"LiquidBronze"},{"floor":4,"key":"Block Potion"},{"floor":8,"key":"Energy Potion"},{"floor":10,"key":"PowerPotion"}],"is_trial":false,"path_per_floor":["M","?","?","M","?","R","E","M","T","E","R","M","M","?","R","B"],"character_chosen":"DEFECT","items_purchased":[],"campfire_rested":1,"item_purchase_floors":[],"current_hp_per_floor":[67,67,67,63,63,63,36,36,36,14,14,9,9,9,29,0],"gold":483,"neow_bonus":"RANDOM_COLORLESS","is_prod":false,"is_daily":false,"chose_seed":false,"campfire_upgraded":2,"win_rate":0,"timestamp":1560053697,"path_taken":["M","?","?","M","?","R","E","M","T","E","R","?","?","?","R","BOSS"],"build_version":"2019-01-23","purchased_purges":0,"victory":false,"max_hp_per_floor":[75,75,69,69,69,69,69,69,69,69,69,69,69,69,69,69],"card_choices":[{"not_picked":["Stack","Auto Shields"],"picked":"Sunder","floor":1},{"not_picked":["Blizzard","FTL","Tempest"],"picked":"SKIP","floor":4},{"not_picked":["Storm","Hologram","Scrape"],"picked":"SKIP","floor":7},{"not_picked":["Sweeping Beam","Compile Driver"],"picked":"Darkness","floor":8},{"not_picked":["Barrage","Reprogram"],"picked":"Undo","floor":10},{"not_picked":["Stack","Loop"],"picked":"Cold Snap","floor":12},{"not_picked":["Darkness","Rebound"],"picked":"Capacitor","floor":13}],"player_experience":597950,"relics_obtained":[{"floor":7,"key":"Pen Nib"},{"floor":9,"key":"War Paint"},{"floor":10,"key":"Dodecahedron"}],"event_choices":[{"cards_removed":["Madness"],"damage_healed":0,"gold_gain":0,"player_choice":"Forget","damage_taken":0,"max_hp_gain":0,"max_hp_loss":0,"event_name":"Living Wall","floor":2,"gold_loss":0},{"damage_healed":0,"gold_gain":0,"player_choice":"Lose Max HP","damage_taken":0,"relics_obtained":["Golden Idol"],"max_hp_gain":0,"max_hp_loss":6,"event_name":"Golden Idol","floor":3,"gold_loss":0},{"damage_healed":0,"gold_gain":0,"player_choice":"Upgraded","damage_taken":0,"max_hp_gain":0,"max_hp_loss":0,"event_name":"Upgrade Shrine","floor":5,"gold_loss":0,"cards_upgraded":["Zap"]},{"damage_healed":0,"gold_gain":175,"player_choice":"AGREE","damage_taken":0,"max_hp_gain":0,"max_hp_loss":0,"event_name":"Liars Game","floor":14,"gold_loss":0,"cards_obtained":["Doubt"]}],"is_beta":false,"boss_relics":[],"items_purged_floors":[],"is_endless":false,"potions_floor_spawned":[1,4,8,10],"killed_by":"Slime Boss","ascension_level":8}