{"gold_per_floor":[112,122,136,136,147,147,178,194,194,194,207,235,235,263,263,365,365,382,382,393,412,95,121,232,244,256,302,7,27,27,59,59,159,159,171,171,184,184,46,46],"floor_reached":40,"playtime":5754,"items_purged":["Strike_B","Writhe","Strike_B"],"score":636,"play_id":"1ce14675-8ac0-4557-9e50-a5b0790affdf","local_time":"20190409202957","is_ascension_mode":true,"campfire_choices":[{"data":"Genetic Algorithm","floor":6,"key":"SMITH"},{"floor":10,"key":"REST"},{"floor":13,"key":"REST"},{"floor":15,"key":"REST"},{"floor":25,"key":"REST"},{"floor":32,"key":"REST"}],"neow_cost":"NONE","seed_source_timestamp":1445668487375630,"circlet_count":0,"master_deck":["Strike_B","Strike_B","Defend_B","Defend_B","Defend_B","Defend_B","Zap","Dualcast","Sunder","Undo","Loop","Genetic Algorithm+1","Chaos","Reinforced Body","Ball Lightning","Conserve Battery","Fission","Cold Snap","Undo","Conserve Battery","Static Discharge+1","Coolheaded","Defragment","Chill","Heatsinks","White Noise","Electrodynamics","Chaos+1","Coolheaded"],"relics":["FrozenCore","CultistMask","Mercury Hourglass","Lantern","Vajra","The Courier","Cursed Key","Centennial Puzzle","MawBank","Happy Flower","Potion Belt","Bronze Scales","Symbiotic Virus"],"potions_floor_usage":[12,16,21,27,31,33,33,40,40],"damage_taken":[{"damage":1,"enemies":"Cultist","floor":1,"turns":3},{"damage":9,"enemies":"Small Slimes","floor":2,"turns":2},{"damage":0,"enemies":"2 Louse","floor":3,"turns":3},{"damage":29,"enemies":"Large Slime","floor":5,"turns":6},{"damage":21,"enemies":"3 Sentries","floor":7,"turns":9},{"damage":11,"enemies":"Blue Slaver","floor":8,"turns":4},{"damage":1,"enemies":"Exordium Wildlife","floor":11,"turns":3},{"damage":18,"enemies":"Lagavulin","floor":12,"turns":6},{"damage":32,"enemies":"Gremlin Nob","floor":14,"turns":4},{"damage":9,"enemies":"Hexaghost","floor":16,"turns":11},{"damage":17,"enemies":"2 Thieves","floor":18,"turns":3},{"damage":0,"enemies":"Shell Parasite","floor":20,"turns":5},{"damage":23,"enemies":"3 Cultists","floor":21,"turns":5},{"damage":17,"enemies":"Gremlin Leader","floor":23,"turns":9},{"damage":13,"enemies":"Book of Stabbing","floor":27,"turns":7},{"damage":0,"enemies":"Centurion and Healer","floor":29,"turns":8},{"damage":0,"enemies":"Gremlin Leader","floor":31,"turns":9},{"damage":37,"enemies":"Collector","floor":33,"turns":12},{"damage":10,"enemies":"3 Shapes","floor":35,"turns":4},{"damage":4,"enemies":"Orb Walker","floor":37,"turns":3},{"damage":70,"enemies":"Giant Head","floor":40,"turns":9}],"seed_played":"1763770701464968788","potions_obtained":[{"floor":1,"key":"FocusPotion"},{"floor":5,"key":"Ancient Potion"},{"floor":7,"key":"SpeedPotion"},{"floor":8,"key":"EssenceOfSteel"},{"floor":11,"key":"Explosive Potion"},{"floor":14,"key":"SpeedPotion"},{"floor":18,"key":"FearPotion"},{"floor":29,"key":"LiquidBronze"},{"floor":33,"key":"Block Potion"}],"is_trial":false,"path_per_floor":["M","M","M","?","M","R","E","M","T","R","M","E","R","E","R","B",null,"M","?","M","M","$","E","?","R","T","E","$","M","?","E","R","B",null,"M","?","M","?","$","E"],"character_chosen":"DEFECT","items_purchased":["Coolheaded","Centennial Puzzle","Defragment","Energy Potion","Bronze Scales","Block Potion","EssenceOfSteel","Coolheaded"],"campfire_rested":5,"item_purchase_floors":[22,22,22,22,28,28,28,39],"current_hp_per_floor":[74,65,65,65,36,36,15,4,4,28,27,9,33,1,25,16,66,49,49,49,26,26,9,9,33,33,20,20,20,20,20,44,7,63,53,53,49,49,49,0],"gold":46,"neow_bonus":"TEN_PERCENT_HP_BONUS","is_prod":false,"is_daily":false,"chose_seed":false,"campfire_upgraded":1,"win_rate":0,"timestamp":1554856197,"path_taken":["M","?","M","?","M","R","E","M","T","R","M","E","R","E","R","BOSS","M","?","M","?","$","E","?","R","T","E","$","M","?","E","R","BOSS","M","?","M","?","?","E"],"build_version":"2019-01-23","purchased_purges":3,"victory":false,"max_hp_per_floor":[82,82,82,82,82,82,82,82,82,82,82,82,82,82,82,82,82,82,82,82,82,82,82,82,82,82,82,82,82,82,82,82,82,82,82,82,82,82,82,82],"card_choices":[{"not_picked":["Aggregate","Conserve Battery"],"picked":"Sunder","floor":1},{"not_picked":["Barrage","Conserve Battery"],"picked":"Undo","floor":2},{"not_picked":["Rebound","Beam Cell"],"picked":"Loop","floor":3},{"not_picked":["Reprogram","Sunder"],"picked":"Genetic Algorithm","floor":5},{"not_picked":["Barrage","FTL"],"picked":"Chaos","floor":7},{"not_picked":["Barrage","Loop"],"picked":"Reinforced Body","floor":8},{"not_picked":["Heatsinks","Force Field"],"picked":"Ball Lightning","floor":11},{"not_picked":["Cold Snap","Sunder"],"picked":"Conserve Battery","floor":12},{"not_picked":["Beam Cell","Turbo","Double Energy"],"picked":"SKIP","floor":14},{"not_picked":["Multi-Cast","Rainbow"],"picked":"Fission","floor":16},{"not_picked":["Barrage","Turbo"],"picked":"Cold Snap","floor":18},{"not_picked":["Go for the Eyes","Static Discharge"],"picked":"Conserve Battery","floor":20},{"not_picked":["Go for the Eyes+1","Ball Lightning+1"],"picked":"Static Discharge+1","floor":21},{"not_picked":["Darkness","Turbo"],"picked":"Chill","floor":23},{"not_picked":["Hyperbeam","Beam Cell"],"picked":"Heatsinks","floor":27},{"not_picked":["Steam+1","Streamline","Go for the Eyes"],"picked":"SKIP","floor":29},{"not_picked":["Thunder Strike","Leap"],"picked":"White Noise","floor":31},{"not_picked":["Amplify","Biased Cognition"],"picked":"Electrodynamics","floor":33},{"not_picked":["Rebound","FTL"],"picked":"Chaos+1","floor":35},{"not_picked":["Rebound+1","Chaos","Cold Snap+1"],"picked":"SKIP","floor":37}],"player_experience":381598,"relics_obtained":[{"floor":7,"key":"Mercury Hourglass"},{"floor":9,"key":"Lantern"},{"floor":12,"key":"Vajra"},{"floor":14,"key":"The Courier"},{"floor":23,"key":"MawBank"},{"floor":26,"key":"Happy Flower"},{"floor":27,"key":"Potion Belt"},{"floor":31,"key":"Symbiotic Virus"}],"event_choices":[{"damage_healed":0,"gold_gain":0,"player_choice":"Trade","damage_taken":0,"relics_obtained":["CultistMask"],"max_hp_gain":0,"max_hp_loss":0,"event_name":"FaceTrader","floor":4,"gold_loss":0},{"damage_healed":0,"gold_gain":0,"player_choice":"Copied","damage_taken":0,"max_hp_gain":0,"max_hp_loss":0,"event_name":"Duplicator","floor":19,"gold_loss":0,"cards_obtained":["Undo"]},{"damage_healed":0,"gold_gain":99,"player_choice":"Stole From Cult","damage_taken":0,"max_hp_gain":0,"max_hp_loss":0,"event_name":"Nest","floor":24,"gold_loss":0},{"damage_healed":0,"gold_gain":0,"player_choice":"Ignored","damage_taken":0,"max_hp_gain":0,"max_hp_loss":0,"event_name":"Beggar","floor":30,"gold_loss":0},{"damage_healed":0,"gold_gain":0,"player_choice":"Ignored","damage_taken":0,"max_hp_gain":0,"max_hp_loss":0,"event_name":"Tomb of Lord Red Mask","floor":36,"gold_loss":0},{"damage_healed":0,"gold_gain":0,"player_choice":"Memory 1","damage_taken":0,"max_hp_gain":0,"max_hp_loss":0,"event_name":"SensoryStone","floor":38,"gold_loss":0}],"is_beta":false,"boss_relics":[{"not_picked":["Velvet Choker","Calling Bell"],"picked":"Cursed Key"},{"not_picked":["Snecko Eye","Astrolabe"],"picked":"FrozenCore"}],"items_purged_floors":[22,28,39],"is_endless":false,"potions_floor_spawned":[1,5,7,8,11,14,18,29,33],"killed_by":"Giant Head","ascension_level":6}