{"gold_per_floor":[114,131,131,141,141,172,172,184,184,12,12,47,47,57,57,57],"floor_reached":16,"playtime":1547,"items_purged":[],"score":220,"play_id":"bfd57841-63db-47a9-b14b-ff41e735e0c2","local_time":"20190814220340","is_ascension_mode":true,"campfire_choices":[{"floor":7.0,"key":"REST"},{"floor":13,"key":"REST"},{"data":"Burst","floor":15,"key":"SMITH"}],"neow_cost":"NONE","seed_source_timestamp":13302021527200,"circlet_count":0,"master_deck":["AscendersBane","Strike_G","Strike_G","Strike_G","Strike_G","Defend_G","Defend_G","Defend_G","Defend_G","Survivor","Neutralize","Flying Knee","Infinite Blades","PiercingWail","Burst+1","Footwork","Blade Dance","Burst"],"special_seed":0,"relics":["Ring of the Snake","Omamori","Gremlin Horn","Pocketwatch","Art of War"],"potions_floor_usage":[12,12],"damage_taken":[{"damage":9.0,"enemies":"Jaw Worm","floor":1.0,"turns":6.0},{"damage":0.0,"enemies":"Cultist","floor":2.0,"turns":4.0},{"damage":5.0,"enemies":"2 Louse","floor":4.0,"turns":3.0},{"damage":36.0,"enemies":"3 Sentries","floor":6.0,"turns":11.0},{"damage":0.0,"enemies":"2 Fungi Beasts","floor":8.0,"turns":4.0},{"damage":6,"enemies":"Gremlin Nob","floor":12,"turns":3},{"damage":0,"enemies":"3 Louse","floor":14,"turns":3},{"damage":39,"enemies":"Slime Boss","floor":16,"turns":10}],"seed_played":"91806915718714649","potions_obtained":[{"floor":8.0,"key":"Strength Potion"},{"floor":12,"key":"SneckoOil"},{"floor":14,"key":"LiquidBronze"}],"is_trial":false,"path_per_floor":["M","M","?","M","?","E","R","M","T","$","?","E","R","M","R","B"],"character_chosen":"THE_SILENT","items_purchased":["Footwork","Blade Dance","Strength Potion"],"campfire_rested":2,"item_purchase_floors":[10,10,10],"current_hp_per_floor":[56,56,56,51,51,15,36,36,36,36,25,19,40,40,40,1],"gold":57,"neow_bonus":"TEN_PERCENT_HP_BONUS","is_prod":false,"is_daily":false,"chose_seed":false,"campfire_upgraded":1,"win_rate":0,"timestamp":1565813020,"path_taken":["M","M","?","?","?","E","R","M","T","$","?","E","R","M","R","BOSS"],"build_version":"2019-07-17","purchased_purges":0,"victory":false,"max_hp_per_floor":[72,72,72,72,72,72,72,72,72,72,72,72,72,72,72,72],"card_choices":[{"not_picked":["Dodge and Roll","Accuracy"],"picked":"Flying Knee","floor":1.0},{"not_picked":["Calculated Gamble","Dagger Throw"],"picked":"Infinite Blades","floor":2.0},{"not_picked":["Bane","Finisher"],"picked":"PiercingWail","floor":4.0},{"not_picked":["Bane","Calculated Gamble","Prepared"],"picked":"SKIP","floor":6.0},{"not_picked":["Dagger Throw","Riddle With Holes","Tactician"],"picked":"SKIP","floor":8.0},{"not_picked":["Bane","Flying Knee"],"picked":"Burst","floor":12},{"not_picked":["Bane","Underhanded Strike","Backflip"],"picked":"SKIP","floor":14}],"player_experience":991024,"relics_obtained":[{"floor":6.0,"key":"Omamori"},{"floor":9.0,"key":"Gremlin Horn"},{"floor":12,"key":"Art of War"}],"event_choices":[{"cards_removed":["Strike_G"],"damage_healed":0.0,"max_hp_gain":0.0,"max_hp_loss":0.0,"gold_gain":0.0,"event_name":"Bonfire Elementals","player_choice":"Offered Basic","floor":3.0,"gold_loss":0.0,"damage_taken":0.0},{"damage_healed":0.0,"max_hp_gain":0.0,"max_hp_loss":0.0,"gold_gain":0.0,"cards_transformed":["Defend_G"],"event_name":"Living Wall","player_choice":"Change","floor":5.0,"gold_loss":0.0,"damage_taken":0.0,"cards_obtained":["Burst"]},{"damage_healed":0.0,"max_hp_gain":0.0,"max_hp_loss":0.0,"gold_gain":0.0,"event_name":"Scrap Ooze","player_choice":"Success","floor":11.0,"gold_loss":0.0,"damage_taken":11.0,"relics_obtained":["Pocketwatch"]}],"is_beta":false,"boss_relics":[],"items_purged_floors":[],"is_endless":false,"potions_floor_spawned":[8,12,14],"killed_by":"Slime Boss","ascension_level":20}