{"gold_per_floor":[115,115,64,239,239,272,288,288,313,333,333,371,245,266,266,266],"floor_reached":16,"playtime":512,"items_purged":["Doubt"],"score":133,"play_id":"7e635068-dfe8-4c09-b1a1-dcadcd09cf2f","local_time":"20181117174824","is_ascension_mode":false,"campfire_choices":[{"data":"Compile Driver","floor":8,"key":"SMITH"},{"data":"Blizzard","floor":15,"key":"SMITH"}],"neow_cost":"NONE","seed_source_timestamp":319088639077397,"circlet_count":0,"master_deck":["Strike_B","Strike_B","Strike_B","Strike_B","Defend_B","Defend_B","Defend_B","Defend_B","Zap","Dualcast","Compile Driver+1","Coolheaded+1","Leap+1","Genetic Algorithm+1","Hologram+1","Blizzard+1","Cold Snap","Steam+1"],"relics":["Cracked Core","NeowsBlessing","Toxic Egg 2","Centennial Puzzle","Regal Pillow","Golden Idol","Gremlin Horn"],"potions_floor_usage":[12,12,16,16,16,16,16,16,16],"damage_taken":[{"damage":0,"enemies":"Small Slimes","floor":1,"turns":1},{"damage":0,"enemies":"Lagavulin","floor":6,"turns":1},{"damage":0,"enemies":"2 Louse","floor":7,"turns":1},{"damage":5,"enemies":"Jaw Worm","floor":10,"turns":4},{"damage":37,"enemies":"Gremlin Nob","floor":12,"turns":7},{"damage":3,"enemies":"Blue Slaver","floor":14,"turns":4},{"damage":56,"enemies":"Slime Boss","floor":16,"turns":10}],"seed_played":"2179010693561358006","potions_obtained":[{"floor":1,"key":"EntropicBrew"},{"floor":7,"key":"Regen Potion"},{"floor":10,"key":"EssenceOfSteel"}],"is_trial":false,"path_per_floor":["M","?","$","?","?","E","M","R","T","M","?","E","$","M","R","B"],"character_chosen":"DEFECT","items_purchased":["Coolheaded+1","Cold Snap"],"campfire_rested":0,"item_purchase_floors":[3,13],"current_hp_per_floor":[75,75,75,75,75,75,75,75,75,70,69,42,42,39,39,0],"gold":266,"neow_bonus":"THREE_ENEMY_KILL","is_prod":false,"is_daily":false,"chose_seed":false,"campfire_upgraded":2,"win_rate":0.0,"timestamp":1542494904,"path_taken":["M","?","$","?","?","E","M","R","T","M","?","E","$","M","R","BOSS"],"build_version":"2018-11-15","purchased_purges":1,"victory":false,"max_hp_per_floor":[75,75,75,75,75,75,75,75,75,75,69,69,69,69,69,69],"card_choices":[{"not_picked":["Reinforced Body","Stack"],"picked":"Compile Driver","floor":1},{"not_picked":["Sweeping Beam","Stack+1"],"picked":"Leap+1","floor":6},{"not_picked":["Cold Snap","Gash"],"picked":"Genetic Algorithm+1","floor":7},{"not_picked":["Tempest+1","Turbo+1"],"picked":"Hologram+1","floor":10},{"not_picked":["Stack+1","Steam+1"],"picked":"Blizzard","floor":12},{"not_picked":["Multi-Cast+1","Beam Cell"],"picked":"Steam+1","floor":14}],"player_experience":116531,"relics_obtained":[{"floor":6,"key":"Centennial Puzzle"},{"floor":9,"key":"Regal Pillow"},{"floor":12,"key":"Gremlin Horn"}],"event_choices":[{"damage_healed":0,"gold_gain":0,"player_choice":"Box","damage_taken":0,"relics_obtained":["Toxic Egg 2"],"max_hp_gain":0,"max_hp_loss":0,"event_name":"Big Fish","floor":2,"gold_loss":0,"cards_obtained":["Regret"]},{"damage_healed":0,"gold_gain":175,"player_choice":"AGREE","damage_taken":0,"max_hp_gain":0,"max_hp_loss":0,"event_name":"Liars Game","floor":4,"gold_loss":0,"cards_obtained":["Doubt"]},{"cards_removed":["Regret"],"damage_healed":0,"gold_gain":0,"player_choice":"Forget","damage_taken":0,"max_hp_gain":0,"max_hp_loss":0,"event_name":"Living Wall","floor":5,"gold_loss":0},{"damage_healed":0,"gold_gain":0,"player_choice":"Lose Max HP","damage_taken":0,"relics_obtained":["Golden Idol"],"max_hp_gain":0,"max_hp_loss":6,"event_name":"Golden Idol","floor":11,"gold_loss":0}],"is_beta":false,"boss_relics":[],"items_purged_floors":[13],"is_endless":false,"potions_floor_spawned":[1,7,10],"killed_by":"Slime Boss","ascension_level":0}