{"gold_per_floor":[114,114,128,53,18,18,53,53,53,53,85,97,110,145,145,216,216,229,229,229,249,149,184,196,196,196,196,229,229,259,278,278,349,349,360,372,372,192,192,221,233,279,318,330,355,383,413,453,465,477],"floor_reached":50,"playtime":1759,"items_purged":["Strike_R","Strike_R","Decay"],"score":1136,"play_id":"7cc6050a-a987-4f5d-8a17-ebf817e41e87","local_time":"20190811100559","is_ascension_mode":true,"campfire_choices":[{"data":"Anger","floor":6,"key":"SMITH"},{"data":"Inflame","floor":10,"key":"SMITH"},{"floor":15,"key":"REST"},{"data":"Limit Break","floor":25,"key":"SMITH"},{"data":"Metallicize","floor":29,"key":"SMITH"},{"data":"Limit Break","floor":32,"key":"SMITH"},{"floor":41,"key":"REST"},{"floor":44,"key":"REST"},{"floor":49,"key":"RECALL"}],"neow_cost":"NONE","seed_source_timestamp":483457002558774,"circlet_count":0,"master_deck":["AscendersBane","Strike_R","Defend_R+1","Defend_R+1","Defend_R","Defend_R","Bash","Anger+1","Combust","Inflame+1","Limit Break+1","Disarm","Inflame","Reaper","Rupture","Shockwave","Limit Break+1","Metallicize+1","Armaments+1","Inflame","Reaper","True Grit","Rampage","Shrug It Off","Pain","Disarm+1","Pummel","Barricade","Heavy Blade","Sword Boomerang+1"],"relics":["Burning Blood","Red Skull","Bottled Tornado","Gremlin Horn","War Paint","Pen Nib","Cursed Key","Bag of Marbles","Mummified Hand","PreservedInsect","Ancient Tea Set","Fusion Hammer","MawBank","Omamori","Happy Flower","Sundial"],"potions_floor_usage":[13,14,50],"damage_taken":[{"damage":9,"enemies":"Jaw Worm","floor":1,"turns":5},{"damage":7,"enemies":"Small Slimes","floor":3,"turns":4},{"damage":31,"enemies":"3 Sentries","floor":7,"turns":8},{"damage":15,"enemies":"Lagavulin","floor":11,"turns":4},{"damage":7,"enemies":"2 Louse","floor":12,"turns":2},{"damage":5,"enemies":"Gremlin Gang","floor":13,"turns":3},{"damage":8,"enemies":"Gremlin Nob","floor":14,"turns":3},{"damage":28,"enemies":"Slime Boss","floor":16,"turns":5},{"damage":22,"enemies":"Spheric Guardian","floor":18,"turns":4},{"damage":12,"enemies":"Shell Parasite","floor":21,"turns":3},{"damage":31,"enemies":"Book of Stabbing","floor":23,"turns":5},{"damage":11,"enemies":"Cultist and Chosen","floor":24,"turns":5},{"damage":46,"enemies":"Gremlin Leader","floor":28,"turns":6},{"damage":16,"enemies":"Slavers","floor":30,"turns":6},{"damage":8,"enemies":"3 Cultists","floor":31,"turns":5},{"damage":70,"enemies":"Automaton","floor":33,"turns":7},{"damage":15,"enemies":"Orb Walker","floor":35,"turns":3},{"damage":23,"enemies":"3 Shapes","floor":36,"turns":3},{"damage":69,"enemies":"Nemesis","floor":40,"turns":7},{"damage":80,"enemies":"Reptomancer","floor":42,"turns":5},{"damage":15,"enemies":"Writhing Mass","floor":45,"turns":6},{"damage":15,"enemies":"Maw","floor":46,"turns":6},{"damage":29,"enemies":"4 Shapes","floor":47,"turns":6},{"damage":44,"enemies":"Nemesis","floor":48,"turns":5},{"damage":76,"enemies":"Donu and Deca","floor":50,"turns":4}],"seed_played":"9071091638069284993","potions_obtained":[{"floor":7,"key":"SpeedPotion"},{"floor":12,"key":"AttackPotion"},{"floor":13,"key":"AttackPotion"},{"floor":23,"key":"SteroidPotion"},{"floor":24,"key":"Dexterity Potion"}],"is_trial":false,"path_per_floor":["M","?","M","$","?","R","E","$","T","R","E","M","M","E","R","B",null,"M","?","?","M","$","E","M","R","T","?","E","R","E","M","R","B",null,"M","M","?","$","T","E","R","E","T","R","M","M","M","E","R","B"],"character_chosen":"IRONCLAD","items_purchased":["Shrug It Off"],"campfire_rested":3,"item_purchase_floors":[38],"current_hp_per_floor":[65,58,57,57,75,75,50,50,50,50,41,40,41,39,61,39,66,50,50,50,75,75,68,72,72,72,72,75,75,75,75,75,39,66,75,75,75,75,75,66,75,24,24,46,75,75,75,67,67,0],"gold":477,"neow_bonus":"RANDOM_COMMON_RELIC","is_prod":false,"is_daily":false,"chose_seed":false,"campfire_upgraded":5,"win_rate":0,"timestamp":1565532359,"path_taken":["M","?","M","$","?","R","E","$","T","R","E","M","M","E","R","BOSS","M","?","?","M","$","E","?","R","T","?","E","R","E","M","R","BOSS","M","?","?","$","?","E","R","E","T","R","?","M","M","E","R","BOSS"],"build_version":"2019-07-17","purchased_purges":3,"victory":false,"max_hp_per_floor":[75,75,75,75,75,75,75,75,75,75,75,75,75,75,75,75,75,75,75,75,75,75,75,75,75,75,75,75,75,75,75,75,75,75,75,75,75,75,75,75,75,75,75,75,75,75,75,75,75,75],"card_choices":[{"not_picked":["Twin Strike","Cleave"],"picked":"Anger","floor":1},{"not_picked":["Hemokinesis","Body Slam"],"picked":"Combust","floor":3},{"not_picked":["Twin Strike","Thunderclap"],"picked":"Inflame","floor":7},{"not_picked":["Iron Wave","Fire Breathing"],"picked":"Limit Break","floor":11},{"not_picked":["Twin Strike","Blood for Blood"],"picked":"Disarm","floor":12},{"not_picked":["Pommel Strike","Second Wind","Rampage"],"picked":"SKIP","floor":13},{"not_picked":["Perfected Strike","Intimidate"],"picked":"Inflame","floor":14},{"not_picked":["Exhume","Feed"],"picked":"Reaper","floor":16},{"not_picked":["Fire Breathing","Reckless Charge"],"picked":"Rupture","floor":18},{"not_picked":["Body Slam","Heavy Blade"],"picked":"Metallicize","floor":21},{"not_picked":["Dark Embrace","Dual Wield"],"picked":"Armaments+1","floor":23},{"not_picked":["Intimidate","Iron Wave"],"picked":"Inflame","floor":24},{"not_picked":["Carnage+1","Dropkick","Flex"],"picked":"SKIP","floor":28},{"not_picked":["Second Wind","Ghostly Armor","Rupture"],"picked":"SKIP","floor":30},{"not_picked":["Body Slam+1","Wild Strike","Anger"],"picked":"SKIP","floor":31},{"not_picked":["Exhume","Double Tap"],"picked":"Reaper","floor":33},{"not_picked":["Uppercut","Anger","Body Slam"],"picked":"SKIP","floor":35},{"not_picked":["Carnage","Shockwave"],"picked":"True Grit","floor":36},{"not_picked":["Perfected Strike+1","True Grit"],"picked":"Disarm+1","floor":40},{"not_picked":["Cleave","Intimidate+1"],"picked":"Pummel","floor":42},{"not_picked":["Iron Wave","Evolve+1"],"picked":"Barricade","floor":45},{"not_picked":["Body Slam+1","Sever Soul"],"picked":"Heavy Blade","floor":46},{"not_picked":["Clothesline","Anger"],"picked":"Sword Boomerang+1","floor":47},{"not_picked":["Headbutt","Pummel","Warcry"],"picked":"SKIP","floor":48}],"player_experience":774474,"relics_obtained":[{"floor":7,"key":"Bottled Tornado"},{"floor":9,"key":"Gremlin Horn"},{"floor":11,"key":"War Paint"},{"floor":14,"key":"Pen Nib"},{"floor":23,"key":"Bag of Marbles"},{"floor":26,"key":"Mummified Hand"},{"floor":28,"key":"PreservedInsect"},{"floor":30,"key":"Ancient Tea Set"},{"floor":40,"key":"MawBank"},{"floor":42,"key":"Omamori"},{"floor":43,"key":"Happy Flower"},{"floor":48,"key":"Sundial"}],"event_choices":[{"cards_removed":["Strike_R"],"damage_healed":0,"gold_gain":0,"player_choice":"Card Removal","damage_taken":7,"max_hp_gain":0,"max_hp_loss":0,"event_name":"Golden Wing","floor":2,"gold_loss":0},{"damage_healed":18,"gold_gain":0,"player_choice":"Healed","damage_taken":0,"max_hp_gain":0,"max_hp_loss":0,"event_name":"The Cleric","floor":5,"gold_loss":35},{"damage_healed":0,"gold_gain":0,"player_choice":"Read","damage_taken":0,"max_hp_gain":0,"max_hp_loss":0,"event_name":"The Library","floor":19,"gold_loss":0,"cards_obtained":["Shockwave"]},{"damage_healed":0,"gold_gain":0,"player_choice":"Copied","damage_taken":0,"max_hp_gain":0,"max_hp_loss":0,"event_name":"Duplicator","floor":20,"gold_loss":0,"cards_obtained":["Limit Break"]},{"damage_healed":0,"gold_gain":0,"player_choice":"0 cards matched","damage_taken":0,"max_hp_gain":0,"max_hp_loss":0,"event_name":"Match and Keep!","floor":27,"gold_loss":0,"cards_obtained":[]},{"damage_healed":0,"gold_gain":0,"cards_transformed":["Strike_R"],"player_choice":"Transformed","damage_taken":0,"max_hp_gain":0,"max_hp_loss":0,"event_name":"Transmorgrifier","floor":37,"gold_loss":0,"cards_obtained":["Rampage"]}],"is_beta":false,"boss_relics":[{"not_picked":["Black Blood","Runic Pyramid"],"picked":"Cursed Key"},{"not_picked":["White Beast Statue","Empty Cage"],"picked":"Fusion Hammer"}],"items_purged_floors":[4,22,38],"is_endless":false,"potions_floor_spawned":[7,12,13,23,24,28,31,42,46],"killed_by":"Donu and Deca","ascension_level":16}