{"path_per_floor":["M","?","M","?","M","R","E","M","T","M","M","R","M","?","R","B",null,"M","M","M","M","M","E","R","E","T","R","$","R","E","T","R","B",null,"M","?","M","M","?","E","R","E","T","M","R","$","R","M","R","B"],"character_chosen":"THE_SILENT","items_purchased":["Panache","Regal Pillow","Oddly Smooth Stone","Dagger Spray","Ornamental Fan"],"gold_per_floor":[112,212,231,231,249,249,279,297,323,339,357,357,374,374,374,469,469,483,496,509,519,529,561,561,593,593,593,8,8,38,113,113,212,212,225,278,291,307,307,342,342,375,375,392,392,44,44,60,60,60],"floor_reached":51,"campfire_rested":6,"playtime":3895,"current_hp_per_floor":[67,67,67,67,67,67,61,61,61,54,51,51,51,37,58,38,70,65,64,64,49,24,13,34,14,14,35,35,35,34,34,34,22,70,60,20,11,13,60,31,60,26,26,6,39,39,39,38,60,13],"items_purged":["Defend_G","Strike_G"],"gold":60,"play_id":"1a25c5d9-8afb-439a-83ec-330b7ca5fd1f","is_prod":false,"is_daily":false,"campfire_rituals":0,"campfire_upgraded":4,"is_hardmode":false,"path_taken":["M","?","M","?","M","R","E","M","T","M","?","R","M","?","R","BOSS","M","M","M","M","M","E","R","E","T","R","$","R","E","?","R","BOSS","M","?","M","?","?","E","R","E","T","M","R","$","R","M","R","BOSS"],"build_version":"2018-01-11-PROD2","purchased_purges":2,"victory":true,"master_deck":["Defend_G","Defend_G","Defend_G","Defend_G","Strike_G","Strike_G","Strike_G","Strike_G","Survivor","Neutralize","Dagger Spray","Dagger Throw","Eviscerate","Dagger Throw","Deflect","Quick Slash","Reflex","Backflip","Envenom","Acrobatics","Slice","Escape Plan","Calculated Gamble","Underhanded Strike","Infinite Blades","Terror","Panache","Dagger Spray","Catalyst","Envenom","Decay","Eviscerate","Deflect","Escape Plan","Prepared","Tactician","Choke","Writhe","Slice","Terror"],"max_hp_per_floor":[70,70,70,70,70,70,70,70,70,70,70,70,70,70,70,70,70,70,70,70,70,70,70,70,70,70,70,70,70,70,70,70,70,70,70,70,70,70,60,60,60,60,60,60,60,60,60,60,60,60],"relics":["Ring of the Snake","Bag of Marbles","Pantograph","Omamori","Cursed Key","Pen Nib","Mercury Hourglass","Bottled Flame","Regal Pillow","Oddly Smooth Stone","Orichalcum","Gremlin Horn","Sozu","Bird Faced Urn","Frozen Eye","Ancient Tea Set","Shovel","Ornamental Fan","Ninja Scroll"],"campfire_meditates":0,"card_choices":[{"not_picked":["Leg Sweep","Outmaneuver"],"picked":"Dagger Spray"},{"not_picked":["Deadly Poison","Calculated Gamble"],"picked":"Dagger Throw"},{"not_picked":["Bane","Dodge and Roll"],"picked":"Eviscerate"},{"not_picked":["Distraction","Bane"],"picked":"Dagger Throw"},{"not_picked":["Calculated Gamble","Bane"],"picked":"Deflect"},{"not_picked":["Burst","Choke"],"picked":"Quick Slash"},{"not_picked":["PiercingWail","Leg Sweep"],"picked":"Reflex"},{"not_picked":["Acrobatics","Flying Knee"],"picked":"Backflip"},{"not_picked":["Burst","Phantasmal Killer"],"picked":"Envenom"},{"not_picked":["Noxious Fumes","Distraction"],"picked":"Acrobatics"},{"not_picked":["Outmaneuver","Deadly Poison"],"picked":"Slice"},{"not_picked":["Riddle With Holes","Footwork"],"picked":"Escape Plan"},{"not_picked":["Footwork","Skewer"],"picked":"Calculated Gamble"},{"not_picked":["Outmaneuver","Backflip"],"picked":"Underhanded Strike"},{"not_picked":["Wraith Form","Endless Agony"],"picked":"Infinite Blades"},{"not_picked":["Choke","Sucker Punch"],"picked":"Terror"},{"not_picked":["Blur","Caltrops"],"picked":"Catalyst"},{"not_picked":["Phantasmal Killer","Doppelganger"],"picked":"Envenom"},{"not_picked":["Poisoned Stab","Sucker Punch"],"picked":"Eviscerate"},{"not_picked":["Acrobatics","Outmaneuver"],"picked":"Deflect"},{"not_picked":["Terror","Deadly Poison"],"picked":"Escape Plan"},{"not_picked":["PiercingWail","Blur"],"picked":"Prepared"},{"not_picked":["Noxious Fumes","Riddle With Holes"],"picked":"Tactician"},{"not_picked":["Bane","Acrobatics"],"picked":"Choke"},{"not_picked":["Backflip","Underhanded Strike"],"picked":"Slice"},{"not_picked":["Deadly Poison","Bane"],"picked":"Terror"}],"player_experience":44494,"potions_floor_usage":[22,23,25,30,33],"damage_taken":[{"damage":3.0,"enemies":"Jaw Worm","floor":1.0,"turns":3.0},{"damage":0.0,"enemies":"Cultist","floor":3.0,"turns":3.0},{"damage":0.0,"enemies":"Small Slimes","floor":5.0,"turns":1.0},{"damage":20.0,"enemies":"Lagavulin","floor":7.0,"turns":7.0},{"damage":0.0,"enemies":"2 Fungi Beasts","floor":8.0,"turns":2.0},{"damage":7.0,"enemies":"Large Slime","floor":10.0,"turns":3.0},{"damage":3.0,"enemies":"Exordium Wildlife","floor":11.0,"turns":2.0},{"damage":0.0,"enemies":"2 Fungi Beasts","floor":13.0,"turns":1.0},{"damage":32.0,"enemies":"Slime Boss","floor":16.0,"turns":12.0},{"damage":5.0,"enemies":"Shell Parasite","floor":18.0,"turns":4.0},{"damage":1.0,"enemies":"2 Thieves","floor":19.0,"turns":4.0},{"damage":0,"enemies":"Snecko","floor":20,"turns":3},{"damage":15,"enemies":"Centurion and Healer","floor":21,"turns":5},{"damage":25,"enemies":"Slaver and Parasite","floor":22,"turns":5},{"damage":11,"enemies":"Gremlin Leader","floor":23,"turns":5},{"damage":20,"enemies":"Slavers","floor":25,"turns":5},{"damage":1,"enemies":"Book of Stabbing","floor":30,"turns":3},{"damage":37,"enemies":"Champ","floor":33,"turns":7},{"damage":10,"enemies":"3 Darklings","floor":35,"turns":2},{"damage":40,"enemies":"Mysterious Sphere","floor":36,"turns":3},{"damage":13,"enemies":"Orb Walker","floor":37,"turns":3},{"damage":4,"enemies":"3 Darklings","floor":38,"turns":4},{"damage":35,"enemies":"Giant Head","floor":40,"turns":7},{"damage":34,"enemies":"2 Orb Walkers","floor":42,"turns":3},{"damage":26,"enemies":"4 Shapes","floor":44,"turns":2},{"damage":9,"enemies":"Maw","floor":48,"turns":5},{"damage":47,"enemies":"Awakened One","floor":50,"turns":8}],"event_choices":[{"event_name":"Golden Shrine","player_choice":"Pray","floor":2.0,"damage_taken":0.0},{"event_name":"Living Wall","player_choice":"Grow","floor":4.0,"damage_taken":0.0},{"event_name":"Shining Light","player_choice":"Entered Light","floor":14.0,"damage_taken":0.0},{"event_name":"Mysterious Sphere","player_choice":"Fight","floor":36,"damage_taken":0},{"event_name":"The Moai Head","player_choice":"Heal","floor":39,"damage_taken":0}],"boss_relics":[{"not_picked":["White Beast Statue","Black Star"],"picked":"Sozu"}],"potions_floor_spawned":[1,8,13,16,19,22,23,25,30,35,38],"seed_played":"3052087703641424187","is_trial":false}