{"gold_per_floor":[113,388,403,419,419,448,458,471,550,568,568,568,568,585,585,664,664,664,664,664,439,439,439,439,439,439,439,439,439,439,352,352,352,352,352,352,352,352,307,307,307,307,307,307,307,307,55,55,55,55],"floor_reached":50,"playtime":6249,"items_purged":["Decay"],"score":1117,"play_id":"84810ae5-57c4-47df-88ce-0590f8baf5e1","local_time":"20190806173315","is_ascension_mode":true,"campfire_choices":[{"floor":11.0,"key":"REST"},{"data":"White Noise","floor":15.0,"key":"SMITH"},{"data":"Ghostly","floor":25.0,"key":"SMITH"},{"data":"Ghostly","floor":32.0,"key":"SMITH"},{"data":"Hologram","floor":40,"key":"SMITH"},{"data":"Seek","floor":49,"key":"SMITH"}],"neow_cost":"NONE","seed_source_timestamp":0,"circlet_count":0,"master_deck":["AscendersBane","Strike_B+1","Strike_B+1","Strike_B+1","Strike_B+1","Defend_B+1","Defend_B+1","Defend_B+1","Defend_B+1","Zap","Dualcast","Streamline","Darkness","Leap","White Noise+1","Reinforced Body","Redo","FTL","Chill","Electrodynamics+1","Capacitor+1","Conserve Battery","Seek+1","Hologram+1","Ghostly+1","Ghostly+1","Ghostly","Stack+1","Storm+1","Machine Learning+1","Turbo+1","Self Repair+1","Fission+1","Sweeping Beam+1","Heatsinks+1","Static Discharge+1","Cold Snap","Blind","Secret Technique","Compile Driver","Defragment+1"],"special_seed":0,"relics":["Cracked Core","NeowsBlessing","Pen Nib","Frozen Egg 2","Blood Vial","Ectoplasm","Bird Faced Urn","Boot","Lantern","Lizard Tail","DataDisk","Sundial","Happy Flower"],"potions_floor_usage":[44,50,50],"damage_taken":[{"damage":0.0,"enemies":"Small Slimes","floor":1.0,"turns":1.0},{"damage":0.0,"enemies":"Cultist","floor":3.0,"turns":1.0},{"damage":0.0,"enemies":"2 Louse","floor":4.0,"turns":1.0},{"damage":36.0,"enemies":"Gremlin Nob","floor":6.0,"turns":4.0},{"damage":14.0,"enemies":"Red Slaver","floor":7.0,"turns":3.0},{"damage":1.0,"enemies":"Exordium Wildlife","floor":8.0,"turns":3.0},{"damage":1.0,"enemies":"Large Slime","floor":10.0,"turns":5.0},{"damage":8.0,"enemies":"Blue Slaver","floor":14.0,"turns":3.0},{"damage":18.0,"enemies":"Hexaghost","floor":16.0,"turns":9.0},{"damage":15.0,"enemies":"Shell Parasite","floor":18.0,"turns":7.0},{"damage":4.0,"enemies":"Chosen","floor":20.0,"turns":4.0},{"damage":23.0,"enemies":"Book of Stabbing","floor":23.0,"turns":5.0},{"damage":19.0,"enemies":"Shelled Parasite and Fungi","floor":27.0,"turns":7.0},{"damage":3.0,"enemies":"Snake Plant","floor":29.0,"turns":4.0},{"damage":3.0,"enemies":"Slavers","floor":30.0,"turns":5.0},{"damage":45.0,"enemies":"Champ","floor":33.0,"turns":14.0},{"damage":9,"enemies":"3 Darklings","floor":35,"turns":4},{"damage":0,"enemies":"Orb Walker","floor":37,"turns":4},{"damage":0,"enemies":"Writhing Mass","floor":38,"turns":5},{"damage":18,"enemies":"Reptomancer","floor":41,"turns":5},{"damage":4,"enemies":"Nemesis","floor":44,"turns":4},{"damage":0,"enemies":"Reptomancer","floor":46,"turns":5},{"damage":75,"enemies":"Awakened One","floor":50,"turns":14}],"seed_played":"-2629748626705448277","potions_obtained":[{"floor":6.0,"key":"PowerPotion"},{"floor":7.0,"key":"Swift Potion"},{"floor":8.0,"key":"Block Potion"},{"floor":10.0,"key":"FairyPotion"},{"floor":16.0,"key":"Ancient Potion"},{"floor":23.0,"key":"Dexterity Potion"},{"floor":35,"key":"SmokeBomb"},{"floor":46,"key":"SpeedPotion"}],"is_trial":false,"path_per_floor":["M","?","M","M","?","E","M","M","T","M","R","T","?","M","R","B",null,"M","?","M","$","?","E","?","R","T","M","?","M","E","$","R","B",null,"M","?","M","M","$","R","E","$","T","E","?","E","$","?","R","B"],"character_chosen":"DEFECT","items_purchased":["Seek","Self Repair+1","Static Discharge+1","Defragment+1","EssenceOfSteel","EssenceOfSteel"],"campfire_rested":1,"item_purchase_floors":[21,31,39,47,47,47],"current_hp_per_floor":[64,64,64,64,64,28,14,13,13,12,33,33,33,27,27,11,56,43,43,41,41,41,20,20,20,20,9,9,16,25,25,25,13,30,31,31,35,35,35,35,27,27,27,35,30,35,35,35,35,0],"gold":55,"neow_bonus":"THREE_ENEMY_KILL","is_prod":false,"is_daily":false,"chose_seed":false,"campfire_upgraded":5,"win_rate":0,"timestamp":1565137995,"path_taken":["M","?","?","?","?","E","?","M","T","M","R","?","?","M","R","BOSS","M","?","M","$","?","E","?","R","T","M","?","?","E","$","R","BOSS","M","?","M","?","$","R","E","$","T","E","?","E","$","?","R","BOSS"],"build_version":"2019-07-17","purchased_purges":1,"victory":false,"max_hp_per_floor":[71,71,71,71,71,71,71,71,71,71,71,71,71,71,71,71,71,71,71,71,71,71,71,35,35,35,35,35,35,35,35,35,35,35,35,35,35,35,35,35,35,35,35,35,35,35,35,35,35,35],"card_choices":[{"not_picked":["Go for the Eyes","Aggregate"],"picked":"Streamline","floor":1.0},{"not_picked":["Steam","Rebound"],"picked":"Darkness","floor":3.0},{"not_picked":["Heatsinks","Reprogram"],"picked":"Leap","floor":4.0},{"not_picked":["Ball Lightning","Darkness"],"picked":"White Noise","floor":6.0},{"not_picked":["FTL","Go for the Eyes"],"picked":"Reinforced Body","floor":7.0},{"not_picked":["Conserve Battery","Consume"],"picked":"Redo","floor":8.0},{"not_picked":["Sweeping Beam","Streamline"],"picked":"FTL","floor":10.0},{"not_picked":["Beam Cell","Hello World+1"],"picked":"Chill","floor":14.0},{"not_picked":["Rainbow","Multi-Cast"],"picked":"Electrodynamics+1","floor":16.0},{"not_picked":["Cold Snap","Lockon"],"picked":"Capacitor+1","floor":18.0},{"not_picked":["Rip and Tear","Leap"],"picked":"Conserve Battery","floor":20.0},{"not_picked":["Go for the Eyes","Tempest"],"picked":"Hologram","floor":23.0},{"not_picked":["Compile Driver","Conserve Battery+1"],"picked":"Stack+1","floor":27.0},{"not_picked":["Redo","Hologram"],"picked":"Machine Learning+1","floor":29.0},{"not_picked":["Machine Learning+1","Thunder Strike"],"picked":"Turbo+1","floor":30.0},{"not_picked":["All For One","Electrodynamics+1"],"picked":"Fission","floor":33.0},{"not_picked":["Gash+1","Beam Cell"],"picked":"Sweeping Beam+1","floor":35},{"not_picked":["Fusion","Compile Driver"],"picked":"Heatsinks+1","floor":37},{"not_picked":["Auto Shields","Turbo","Gash"],"picked":"SKIP","floor":38},{"not_picked":["Double Energy","Barrage"],"picked":"Cold Snap","floor":41},{"not_picked":["Swift Strike","Sadistic Nature+1"],"picked":"Blind","floor":45},{"not_picked":["Deep Breath","Dramatic Entrance"],"picked":"Secret Technique","floor":45},{"not_picked":["Leap","Self Repair+1"],"picked":"Compile Driver","floor":46}],"player_experience":522961,"relics_obtained":[{"floor":6.0,"key":"Pen Nib"},{"floor":9.0,"key":"Frozen Egg 2"},{"floor":12.0,"key":"Blood Vial"},{"floor":23.0,"key":"Bird Faced Urn"},{"floor":26.0,"key":"Boot"},{"floor":30.0,"key":"Lantern"},{"floor":41,"key":"DataDisk"},{"floor":43,"key":"Sundial"},{"floor":46,"key":"Happy Flower"}],"event_choices":[{"damage_healed":0.0,"max_hp_gain":0.0,"max_hp_loss":0.0,"gold_gain":275.0,"event_name":"Golden Shrine","player_choice":"Desecrate","floor":2.0,"gold_loss":0.0,"damage_taken":0.0,"cards_obtained":["Regret"]},{"cards_removed":["Regret"],"damage_healed":0.0,"max_hp_gain":0.0,"max_hp_loss":0.0,"gold_gain":0.0,"event_name":"Fountain of Cleansing","player_choice":"Removed Curses","floor":5.0,"gold_loss":0.0,"damage_taken":0.0},{"damage_healed":0.0,"max_hp_gain":0.0,"max_hp_loss":0.0,"gold_gain":0.0,"event_name":"Liars Game","player_choice":"Ignored","floor":13.0,"gold_loss":0.0,"damage_taken":0.0},{"damage_healed":0.0,"max_hp_gain":0.0,"max_hp_loss":0.0,"gold_gain":0.0,"event_name":"Forgotten Altar","player_choice":"Smashed Altar","floor":19.0,"gold_loss":0.0,"damage_taken":0.0,"cards_obtained":["Decay"]},{"damage_healed":0.0,"max_hp_gain":0.0,"max_hp_loss":0.0,"gold_gain":0.0,"event_name":"Back to Basics","player_choice":"Simplicity","floor":22.0,"gold_loss":0.0,"damage_taken":0.0,"cards_upgraded":["Strike_B","Strike_B","Strike_B","Strike_B","Defend_B","Defend_B","Defend_B","Defend_B"]},{"damage_healed":0.0,"max_hp_gain":0.0,"max_hp_loss":36.0,"gold_gain":0.0,"event_name":"Ghosts","player_choice":"Became a Ghost","floor":24.0,"gold_loss":0.0,"damage_taken":0.0,"cards_obtained":["Ghostly","Ghostly","Ghostly"]},{"damage_healed":0.0,"max_hp_gain":0.0,"max_hp_loss":0.0,"gold_gain":0.0,"event_name":"The Library","player_choice":"Read","floor":28.0,"gold_loss":0.0,"damage_taken":0.0,"cards_obtained":["Storm"]},{"damage_healed":0,"gold_gain":0,"player_choice":"Upgraded","damage_taken":0,"max_hp_gain":0,"max_hp_loss":0,"event_name":"Upgrade Shrine","floor":36,"gold_loss":0,"cards_upgraded":["Fission"]},{"damage_healed":0,"gold_gain":0,"player_choice":"Memory 2","damage_taken":5,"max_hp_gain":0,"max_hp_loss":0,"event_name":"SensoryStone","floor":45,"gold_loss":0},{"damage_healed":0,"gold_gain":0,"player_choice":"Ignored","damage_taken":0,"max_hp_gain":0,"max_hp_loss":0,"event_name":"Mysterious Sphere","floor":48,"gold_loss":0}],"is_beta":false,"boss_relics":[{"not_picked":["Fusion Hammer","Inserter"],"picked":"Ectoplasm"},{"not_picked":["Cursed Key","Coffee Dripper"],"picked":"Lizard Tail"}],"items_purged_floors":[21],"is_endless":false,"potions_floor_spawned":[6,7,8,10,16,23,27,35,46],"killed_by":"Awakened One","ascension_level":16}