{"gold_per_floor":[113,123,133,146,57,57,85,85,85,85,115,115,131,147,147,219,219,196,196,40,40,40,40,52,77,77,106,118,149,193,217,229,318,330,353,365,69,69,80,106,123,133,133,133,133],"floor_reached":45,"playtime":3665,"items_purged":["Strike_R","Strike_R"],"score":1076,"play_id":"Baalorlord-502fd370","local_time":"20190727144831","is_ascension_mode":true,"campfire_choices":[{"data":"Carnage","floor":6,"key":"SMITH"},{"data":"True Grit","floor":8,"key":"SMITH"},{"floor":12,"key":"REST"},{"floor":15,"key":"REST"},{"data":"Fiend Fire","floor":23,"key":"SMITH"},{"floor":28,"key":"REST"},{"data":"Pommel Strike","floor":32,"key":"SMITH"}],"neow_cost":"NONE","seed_source_timestamp":707525931091500,"circlet_count":0,"master_deck":["AscendersBane","Strike_R","Strike_R","Defend_R","Defend_R","Defend_R","Defend_R","Bash+1","Pommel Strike+1","True Grit+1","Thunderclap","Carnage+1","Double Tap+1","Thunderclap","Flame Barrier+1","Power Through+1","Fiend Fire+1","Disarm+1","Feel No Pain+1","Headbutt","Spot Weakness+1","Shrug It Off+1","Shrug It Off+1","Exhume+1","Battle Trance+1","Carnage+1","Clothesline+1","Metallicize+1","Parasite"],"relics":["Cursed Key","Toxic Egg 2","Frozen Egg 2","Orichalcum","Calling Bell","Anchor","Pantograph","Nunchaku","Potion Belt","MawBank","Shovel","Snecko Eye","Bag of Preparation","Girya"],"potions_floor_usage":[7,14,25,40,40,45,45,45],"damage_taken":[{"damage":0,"enemies":"Cultist","floor":1,"turns":3},{"damage":9,"enemies":"Small Slimes","floor":2,"turns":3},{"damage":0,"enemies":"Jaw Worm","floor":3,"turns":4},{"damage":0,"enemies":"3 Louse","floor":4,"turns":3},{"damage":4,"enemies":"Gremlin Nob","floor":7,"turns":3},{"damage":30,"enemies":"Lagavulin","floor":11,"turns":5},{"damage":12,"enemies":"Large Slime","floor":13,"turns":2},{"damage":3,"enemies":"Exordium Thugs","floor":14,"turns":4},{"damage":29,"enemies":"The Guardian","floor":16,"turns":11},{"damage":2,"enemies":"2 Thieves","floor":18,"turns":4},{"damage":2,"enemies":"Spheric Guardian","floor":24,"turns":5},{"damage":25,"enemies":"Slavers","floor":25,"turns":7},{"damage":0,"enemies":"Book of Stabbing","floor":27,"turns":5},{"damage":0,"enemies":"Chosen and Byrds","floor":29,"turns":3},{"damage":28,"enemies":"Slavers","floor":30,"turns":8},{"damage":0,"enemies":"Snecko","floor":31,"turns":3},{"damage":50,"enemies":"Champ","floor":33,"turns":21},{"damage":0,"enemies":"3 Darklings","floor":35,"turns":3},{"damage":0,"enemies":"Orb Walker","floor":39,"turns":2},{"damage":9,"enemies":"Giant Head","floor":40,"turns":5},{"damage":0,"enemies":"Sphere and 2 Shapes","floor":41,"turns":2},{"damage":0,"enemies":"4 Shapes","floor":42,"turns":10},{"damage":92,"enemies":"Reptomancer","floor":45,"turns":6}],"seed_played":"6079761691411448501","potions_obtained":[{"floor":1,"key":"PowerPotion"},{"floor":13,"key":"PowerPotion"},{"floor":14,"key":"LiquidBronze"},{"floor":16,"key":"BloodPotion"},{"floor":25,"key":"Fire Potion"},{"floor":29,"key":"Fire Potion"},{"floor":33,"key":"BloodPotion"},{"floor":40,"key":"SkillPotion"},{"floor":41,"key":"FearPotion"}],"is_trial":false,"path_per_floor":["M","M","M","M","$","R","E","R","T","?","E","R","M","M","R","B",null,"M","?","$","?","$","R","M","E","T","E","R","M","E","M","R","B",null,"M","?","$","?","M","E","M","M","T","$","E"],"character_chosen":"IRONCLAD","items_purchased":["Carnage","Feel No Pain+1","Bag of Preparation","Battle Trance+1"],"campfire_rested":3,"item_purchase_floors":[5,20,37,37],"current_hp_per_floor":[68,59,59,59,59,59,55,55,55,55,25,47,35,32,54,25,63,61,61,61,61,61,61,59,34,34,34,56,56,28,28,28,3,57,57,57,57,57,57,48,48,48,48,48,0],"gold":133,"neow_bonus":"BOSS_RELIC","is_prod":false,"is_daily":false,"chose_seed":false,"campfire_upgraded":4,"win_rate":0,"timestamp":1564253311,"path_taken":["M","?","M","M","$","R","E","R","T","?","E","R","M","M","R","BOSS","M","?","?","?","?","R","M","E","T","E","R","M","E","M","R","BOSS","M","?","$","?","?","E","M","M","T","$","E"],"build_version":"2019-07-17","purchased_purges":2,"victory":false,"max_hp_per_floor":[75,75,75,75,75,75,75,75,75,75,75,75,75,75,75,75,75,75,75,75,75,75,75,75,75,75,75,75,75,75,75,75,75,75,75,75,75,75,75,75,75,75,75,75,75],"card_choices":[{"not_picked":["Metallicize","Wild Strike"],"picked":"Pommel Strike","floor":1},{"not_picked":["Headbutt","Flex"],"picked":"True Grit","floor":2},{"not_picked":["Armaments","Intimidate"],"picked":"Cleave","floor":3},{"not_picked":["Heavy Blade","Clash"],"picked":"Thunderclap","floor":4},{"not_picked":["Whirlwind","Clash"],"picked":"Double Tap","floor":7},{"not_picked":["Twin Strike","Rupture+1","Fire Breathing+1"],"picked":"SKIP","floor":11},{"not_picked":["Twin Strike","Rupture+1","Fire Breathing+1"],"picked":"SKIP","floor":11},{"not_picked":["Havoc+1","Body Slam"],"picked":"Flame Barrier+1","floor":13},{"not_picked":["Pommel Strike","Perfected Strike"],"picked":"Power Through+1","floor":14},{"not_picked":["Dark Embrace+1","Reaper"],"picked":"Fiend Fire","floor":16},{"not_picked":["Twin Strike","Heavy Blade"],"picked":"Disarm+1","floor":18},{"not_picked":["Clash","Body Slam"],"picked":"Headbutt","floor":24},{"not_picked":["Shrug It Off+1","Corruption+1"],"picked":"Spot Weakness+1","floor":25},{"not_picked":["Feel No Pain+1","Pummel"],"picked":"Shrug It Off+1","floor":27},{"not_picked":["Burning Pact+1","Reaper"],"picked":"Shrug It Off+1","floor":29},{"not_picked":["Sword Boomerang","Iron Wave","Thunderclap"],"picked":"SKIP","floor":30},{"not_picked":["Anger","Cleave","Flex+1"],"picked":"SKIP","floor":31},{"not_picked":["Juggernaut+1","Berserk+1"],"picked":"Exhume+1","floor":33},{"not_picked":["Wild Strike","Body Slam","Pommel Strike"],"picked":"SKIP","floor":35},{"not_picked":["Twin Strike","Headbutt"],"picked":"Carnage+1","floor":39},{"not_picked":["Evolve+1","Rampage","Pummel"],"picked":"SKIP","floor":40},{"not_picked":["Spot Weakness+1","Sword Boomerang+1"],"picked":"Clothesline+1","floor":41},{"not_picked":["Twin Strike","Fire Breathing+1"],"picked":"Metallicize+1","floor":42}],"player_experience":2316056,"relics_obtained":[{"floor":7,"key":"Toxic Egg 2"},{"floor":9,"key":"Frozen Egg 2"},{"floor":11,"key":"Orichalcum"},{"floor":17,"key":"Anchor"},{"floor":17,"key":"Pantograph"},{"floor":17,"key":"Nunchaku"},{"floor":25,"key":"Potion Belt"},{"floor":27,"key":"MawBank"},{"floor":30,"key":"Shovel"},{"floor":40,"key":"Girya"}],"event_choices":[{"damage_healed":0,"gold_gain":0,"cards_transformed":["Strike_R"],"player_choice":"Transformed","damage_taken":0,"max_hp_gain":0,"max_hp_loss":0,"event_name":"Transmorgrifier","floor":10,"gold_loss":0,"cards_obtained":["Thunderclap"]},{"cards_removed":["Clumsy","Normality","Decay","Injury"],"damage_healed":0,"gold_gain":0,"player_choice":"Removed Curses","damage_taken":0,"max_hp_gain":0,"max_hp_loss":0,"event_name":"Fountain of Cleansing","floor":19,"gold_loss":0},{"damage_healed":0,"gold_gain":0,"player_choice":"Ignored","damage_taken":0,"max_hp_gain":0,"max_hp_loss":0,"event_name":"The Mausoleum","floor":21,"gold_loss":0},{"cards_removed":["Cleave"],"damage_healed":0,"gold_gain":0,"player_choice":"Removed Attack","damage_taken":0,"max_hp_gain":0,"max_hp_loss":0,"event_name":"Falling","floor":36,"gold_loss":0},{"damage_healed":0,"gold_gain":0,"player_choice":"Upgraded","damage_taken":0,"max_hp_gain":0,"max_hp_loss":0,"event_name":"Upgrade Shrine","floor":38,"gold_loss":0,"cards_upgraded":["Bash"]}],"is_beta":false,"boss_relics":[{"not_picked":["Lizard Tail","Runic Dome"],"picked":"Calling Bell"},{"not_picked":["Empty Cage","Orrery"],"picked":"Snecko Eye"}],"items_purged_floors":[20,37],"is_endless":false,"potions_floor_spawned":[1,13,14,16,24,25,29,33,39,40,41],"killed_by":"Reptomancer","ascension_level":20}