{"gold_per_floor":[113,133,151,151,167,198,198,216,297,336,336,355,355,375,375,375],"floor_reached":16,"playtime":1068,"items_purged":[],"score":137,"play_id":"70d7f54a-9865-49e2-9110-2a789a7c13ae","local_time":"20190813174119","is_ascension_mode":true,"campfire_choices":[{"data":"Bash","floor":7,"key":"SMITH"},{"data":"Feed","floor":11,"key":"SMITH"},{"data":"Sword Boomerang","floor":13,"key":"SMITH"},{"data":"Feel No Pain","floor":15,"key":"SMITH"}],"neow_cost":"NONE","seed_source_timestamp":120463799712236,"circlet_count":0,"master_deck":["Strike_R","Strike_R","Strike_R","Strike_R","Strike_R","Defend_R","Defend_R","Defend_R","Defend_R","Bash+1","Anger","Clothesline","Headbutt","Clash","Sword Boomerang+1","Feel No Pain+1","Burning Pact","Feed+1"],"relics":["Burning Blood","Golden Idol","Gremlin Horn","Pantograph","Charon\u0027s Ashes"],"potions_floor_usage":[8,16,16],"damage_taken":[{"damage":0,"enemies":"2 Louse","floor":1,"turns":2},{"damage":9,"enemies":"Jaw Worm","floor":2,"turns":2},{"damage":1,"enemies":"Cultist","floor":3,"turns":3},{"damage":14,"enemies":"Exordium Thugs","floor":5,"turns":4},{"damage":27,"enemies":"Lagavulin","floor":6,"turns":6},{"damage":0,"enemies":"3 Louse","floor":8,"turns":2},{"damage":19,"enemies":"3 Sentries","floor":10,"turns":8},{"damage":8,"enemies":"Large Slime","floor":12,"turns":5},{"damage":3,"enemies":"Looter","floor":14,"turns":2},{"damage":61,"enemies":"The Guardian","floor":16,"turns":9}],"seed_played":"7246969234488009492","potions_obtained":[{"floor":2,"key":"Explosive Potion"},{"floor":6,"key":"Weak Potion"},{"floor":14,"key":"Explosive Potion"}],"is_trial":false,"path_per_floor":["M","M","M","?","M","E","R","M","T","E","R","M","R","M","R","B"],"character_chosen":"IRONCLAD","items_purchased":[],"campfire_rested":0,"item_purchase_floors":[],"current_hp_per_floor":[80,77,80,60,52,31,31,37,37,24,24,26,26,29,29,0],"gold":375,"neow_bonus":"THREE_CARDS","is_prod":false,"is_daily":false,"chose_seed":false,"campfire_upgraded":4,"win_rate":0,"timestamp":1565736079,"path_taken":["M","M","M","?","M","E","R","M","T","E","R","M","R","M","R","BOSS"],"build_version":"2019-07-17","purchased_purges":0,"victory":false,"max_hp_per_floor":[80,80,80,80,80,80,80,80,80,80,80,84,84,84,84,84],"card_choices":[{"not_picked":["Twin Strike","Headbutt"],"picked":"Anger","floor":0},{"not_picked":["Pommel Strike","Corruption"],"picked":"Clothesline","floor":1},{"not_picked":["Heavy Blade","Warcry"],"picked":"Headbutt","floor":2},{"not_picked":["Dropkick","Fire Breathing"],"picked":"Clash","floor":3},{"not_picked":["Iron Wave","Rage"],"picked":"Sword Boomerang","floor":5},{"not_picked":["Clothesline","Body Slam"],"picked":"Feel No Pain","floor":6},{"not_picked":["Intimidate","Clothesline"],"picked":"Burning Pact","floor":8},{"not_picked":["Havoc","Uppercut"],"picked":"Feed","floor":10},{"not_picked":["Rage","Headbutt","Pommel Strike"],"picked":"SKIP","floor":12},{"not_picked":["Intimidate","Sword Boomerang","Wild Strike"],"picked":"SKIP","floor":14}],"player_experience":145838,"relics_obtained":[{"floor":6,"key":"Gremlin Horn"},{"floor":9,"key":"Pantograph"},{"floor":10,"key":"Charon\u0027s Ashes"}],"event_choices":[{"damage_healed":0,"gold_gain":0,"player_choice":"Take Damage","damage_taken":20,"relics_obtained":["Golden Idol"],"max_hp_gain":0,"max_hp_loss":0,"event_name":"Golden Idol","floor":4,"gold_loss":0}],"is_beta":false,"boss_relics":[],"items_purged_floors":[],"is_endless":false,"potions_floor_spawned":[2,6,14],"killed_by":"The Guardian","ascension_level":4}