{"gold_per_floor":[114,131,131,145,156,191,191,217,217,217,234,251,231,560,560,665,665,677,0,24,39,39,70,70,70],"floor_reached":25,"playtime":980,"items_purged":["Strike_R"],"score":364,"play_id":"6898909b-9666-4b53-9809-fe573895f62f","local_time":"20190323002130","is_ascension_mode":true,"campfire_choices":[{"data":"Clothesline","floor":7,"key":"SMITH"},{"floor":10,"key":"REST"},{"data":"Armaments","floor":15,"key":"SMITH"},{"data":"Hemokinesis","floor":24,"key":"SMITH"}],"neow_cost":"NONE","seed_source_timestamp":856715195426374,"circlet_count":0,"master_deck":["Strike_R","Strike_R","Strike_R","Strike_R","Defend_R","Defend_R","Defend_R","Defend_R","Bash","Shrug It Off","Headbutt","Clothesline+1","Armaments+1","Dark Embrace","Anger","Shrug It Off","Hemokinesis+1","Carnage","Havoc","Rupture","Thinking Ahead","Doubt","Burning Pact","Heavy Blade+1"],"relics":["Burning Blood","NlothsMask","Mercury Hourglass","Ancient Tea Set","Old Coin","Cursed Key","Strange Spoon","Tiny Chest","Vajra","Du-Vu Doll"],"potions_floor_usage":[14,23],"damage_taken":[{"damage":0,"enemies":"Small Slimes","floor":1,"turns":3},{"damage":7,"enemies":"Cultist","floor":2,"turns":5},{"damage":10,"enemies":"Jaw Worm","floor":4,"turns":4},{"damage":10,"enemies":"Red Slaver","floor":5,"turns":5},{"damage":31,"enemies":"3 Sentries","floor":6,"turns":13},{"damage":43,"enemies":"Lagavulin","floor":8,"turns":10},{"damage":12,"enemies":"Exordium Thugs","floor":11,"turns":5},{"damage":3,"enemies":"Looter","floor":12,"turns":3},{"damage":15,"enemies":"3 Sentries","floor":14,"turns":7},{"damage":3,"enemies":"Slime Boss","floor":16,"turns":5},{"damage":22,"enemies":"2 Thieves","floor":18,"turns":4},{"damage":11,"enemies":"Chosen","floor":21,"turns":4},{"damage":43,"enemies":"Book of Stabbing","floor":23,"turns":5},{"damage":35,"enemies":"Slavers","floor":25,"turns":5}],"seed_played":"-8519006456398313348","potions_obtained":[{"floor":4,"key":"LiquidBronze"},{"floor":11,"key":"FairyPotion"},{"floor":13,"key":"Regen Potion"},{"floor":16,"key":"Energy Potion"}],"is_trial":false,"path_per_floor":["M","M","?","M","M","E","R","E","T","R","M","M","?","E","R","B",null,"M","$","T","M","$","E","R","E"],"character_chosen":"IRONCLAD","items_purchased":["Strange Spoon","Havoc","Tiny Chest","Rupture","Thinking Ahead"],"campfire_rested":1,"item_purchase_floors":[19,19,19,19,19],"current_hp_per_floor":[88,87,87,83,79,54,54,17,17,43,37,40,40,46,46,49,78,62,62,62,57,57,20,20,2],"gold":70,"neow_bonus":"TEN_PERCENT_HP_BONUS","is_prod":false,"is_daily":false,"chose_seed":false,"campfire_upgraded":3,"win_rate":0,"timestamp":1553314890,"path_taken":["M","M","?","?","M","E","R","E","T","R","M","M","?","E","R","BOSS","M","$","?","M","?","E","R","E"],"build_version":"2019-01-23","purchased_purges":1,"victory":false,"max_hp_per_floor":[88,88,88,88,88,88,88,88,88,88,88,88,88,88,88,88,88,88,88,88,88,88,88,88,88],"card_choices":[{"not_picked":["Combust","Heavy Blade"],"picked":"Shrug It Off","floor":1},{"not_picked":["Clash","Blood for Blood"],"picked":"Headbutt","floor":2},{"not_picked":["Anger","Warcry"],"picked":"Clothesline","floor":4},{"not_picked":["Iron Wave","Flex"],"picked":"Armaments","floor":5},{"not_picked":["Bloodletting","Berserk"],"picked":"Dark Embrace","floor":6},{"not_picked":["Bloodletting","Rage"],"picked":"Anger","floor":8},{"not_picked":["Headbutt","Heavy Blade"],"picked":"Shrug It Off","floor":11},{"not_picked":["Shrug It Off","Power Through"],"picked":"Hemokinesis","floor":12},{"not_picked":["Twin Strike","Pommel Strike"],"picked":"Carnage","floor":14},{"not_picked":["Twin Strike+1","Iron Wave","Power Through"],"picked":"SKIP","floor":18},{"not_picked":["Rampage+1","Clothesline"],"picked":"Burning Pact","floor":21},{"not_picked":["Flex","Entrench"],"picked":"Heavy Blade+1","floor":23}],"player_experience":338261,"relics_obtained":[{"floor":6,"key":"Mercury Hourglass"},{"floor":8,"key":"Ancient Tea Set"},{"floor":14,"key":"Old Coin"},{"floor":20,"key":"Vajra"},{"floor":23,"key":"Du-Vu Doll"}],"event_choices":[{"damage_healed":0,"gold_gain":0,"player_choice":"Trade","damage_taken":0,"relics_obtained":["NlothsMask"],"max_hp_gain":0,"max_hp_loss":0,"event_name":"FaceTrader","floor":3,"gold_loss":0},{"damage_healed":0,"gold_gain":0,"player_choice":"Bought 1 Potion","damage_taken":0,"max_hp_gain":0,"max_hp_loss":0,"event_name":"The Woman in Blue","floor":13,"gold_loss":0}],"is_beta":false,"boss_relics":[{"not_picked":["Velvet Choker","Fusion Hammer"],"picked":"Cursed Key"}],"items_purged_floors":[19],"is_endless":false,"potions_floor_spawned":[4,11,16],"killed_by":"Slavers","ascension_level":5}