{"gold_per_floor":[117,135,146,71,89,89,102,134,160,172,182,192,210,223,223,322,322,322,322,177,177,177,177,177],"floor_reached":24,"playtime":2088,"items_purged":["Defend_R","Strike_R"],"score":250,"play_id":"b14be1a6-1a74-4250-9a3a-3152423adb96","local_time":"20190815140857","is_ascension_mode":true,"campfire_choices":[{"data":"Body Slam","floor":15,"key":"SMITH"},{"floor":23,"key":"REST"}],"neow_cost":"NONE","seed_source_timestamp":73602384508910,"circlet_count":0,"master_deck":["Strike_R","Strike_R","Strike_R","Defend_R","Defend_R","Defend_R","Bash","Ghostly Armor","Perfected Strike","Combust","Clothesline","Rupture","Ghostly Armor","Headbutt","Evolve","Burning Pact","Demon Form","Pommel Strike","Body Slam+1","Reaper","Flame Barrier","Warcry","Shrug It Off","Sword Boomerang+1","Dual Wield"],"relics":["Burning Blood","NeowsBlessing","Meat on the Bone","Bag of Marbles","Ectoplasm"],"potions_floor_usage":[18,21,22,22,22],"damage_taken":[{"damage":0,"enemies":"Cultist","floor":1,"turns":1},{"damage":0,"enemies":"Small Slimes","floor":2,"turns":1},{"damage":0,"enemies":"2 Louse","floor":3,"turns":1},{"damage":14,"enemies":"Blue Slaver","floor":5,"turns":6},{"damage":12,"enemies":"Large Slime","floor":7,"turns":5},{"damage":36,"enemies":"3 Sentries","floor":8,"turns":8},{"damage":6,"enemies":"Looter","floor":10,"turns":3},{"damage":34,"enemies":"Gremlin Gang","floor":11,"turns":5},{"damage":11,"enemies":"Blue Slaver","floor":12,"turns":4},{"damage":11,"enemies":"Exordium Wildlife","floor":13,"turns":6},{"damage":7,"enemies":"2 Fungi Beasts","floor":14,"turns":3},{"damage":43,"enemies":"The Guardian","floor":16,"turns":10},{"damage":33,"enemies":"Shell Parasite","floor":18,"turns":6},{"damage":6,"enemies":"3 Byrds","floor":19,"turns":2},{"damage":43,"enemies":"Shelled Parasite and Fungi","floor":21,"turns":7},{"damage":38,"enemies":"Sentry and Sphere","floor":22,"turns":10},{"damage":58,"enemies":"Gremlin Leader","floor":24,"turns":5}],"seed_played":"-5230218186747567528","potions_obtained":[{"floor":1,"key":"FearPotion"},{"floor":8,"key":"Poison Potion"},{"floor":12,"key":"Dexterity Potion"},{"floor":13,"key":"PowerPotion"},{"floor":14,"key":"Fruit Juice"},{"floor":16,"key":"EntropicBrew"},{"floor":19,"key":"Dexterity Potion"},{"floor":22,"key":"SteroidPotion"}],"is_trial":false,"path_per_floor":["M","M","M","$","M","?","M","E","T","M","M","M","M","M","R","B",null,"M","M","$","M","M","R","E"],"character_chosen":"IRONCLAD","items_purchased":["Shrug It Off"],"campfire_rested":1,"item_purchase_floors":[20],"current_hp_per_floor":[80,80,80,80,72,72,66,36,36,48,32,39,46,57,57,32,80,58,58,58,39,33,58,0],"gold":177,"neow_bonus":"THREE_ENEMY_KILL","is_prod":false,"is_daily":false,"chose_seed":false,"campfire_upgraded":1,"win_rate":0,"timestamp":1565903337,"path_taken":["M","?","M","$","M","?","?","E","T","M","M","M","?","M","R","BOSS","M","M","$","M","M","R","E"],"build_version":"2019-07-17","purchased_purges":2,"victory":false,"max_hp_per_floor":[80,80,80,80,80,80,80,80,80,80,80,80,80,80,80,80,80,85,85,85,85,85,85,85],"card_choices":[{"not_picked":["True Grit","Perfected Strike"],"picked":"Ghostly Armor","floor":1},{"not_picked":["Power Through","Flex"],"picked":"Perfected Strike","floor":2},{"not_picked":["Iron Wave","Flex"],"picked":"Combust","floor":3},{"not_picked":["Exhume","Perfected Strike"],"picked":"Clothesline","floor":5},{"not_picked":["Combust","Power Through"],"picked":"Ghostly Armor","floor":7},{"not_picked":["Intimidate","Shockwave"],"picked":"Headbutt","floor":8},{"not_picked":["Carnage","Perfected Strike"],"picked":"Evolve","floor":10},{"not_picked":["Demon Form","True Grit"],"picked":"Burning Pact","floor":11},{"not_picked":["Twin Strike","Body Slam"],"picked":"Demon Form","floor":12},{"not_picked":["Inflame","Cleave"],"picked":"Pommel Strike","floor":13},{"not_picked":["Anger","Power Through"],"picked":"Body Slam","floor":14},{"not_picked":["Exhume","Limit Break"],"picked":"Reaper","floor":16},{"not_picked":["Anger","Clash"],"picked":"Flame Barrier","floor":18},{"not_picked":["Iron Wave","Body Slam"],"picked":"Warcry","floor":19},{"not_picked":["Anger","Flex"],"picked":"Sword Boomerang+1","floor":21},{"not_picked":["Whirlwind","Twin Strike"],"picked":"Dual Wield","floor":22}],"player_experience":382113,"relics_obtained":[{"floor":8,"key":"Meat on the Bone"},{"floor":9,"key":"Bag of Marbles"}],"event_choices":[{"damage_healed":0,"gold_gain":0,"cards_transformed":["Strike_R"],"player_choice":"Transformed","damage_taken":0,"max_hp_gain":0,"max_hp_loss":0,"event_name":"Transmorgrifier","floor":6,"gold_loss":0,"cards_obtained":["Rupture"]}],"is_beta":false,"boss_relics":[{"not_picked":["Coffee Dripper","Pandora\u0027s Box"],"picked":"Ectoplasm"}],"items_purged_floors":[4,20],"is_endless":false,"potions_floor_spawned":[1,8,12,13,14,16,19,22],"killed_by":"Gremlin Leader","ascension_level":4}