{"gold_per_floor":[114,114,114,133,146,146,161,161,161,190,190,245,13,39,39,111,111,123,398,409,409,426,426,27,27,27,27,46,75,75,91,91,162,162,182,182,57,73,73,73,102,102,125,153,167,195,63,92,92,92,92,92,92,8,43,43],"floor_reached":57,"playtime":5356,"items_purged":["Strike_B","Regret","Zap"],"score":2913,"play_id":"960f6eee-f88a-4048-803e-bea3953f150b","local_time":"20190727134526","is_ascension_mode":true,"campfire_choices":[{"data":"Chaos","floor":6,"key":"SMITH"},{"data":"Doom and Gloom","floor":8,"key":"SMITH"},{"data":"Dualcast","floor":11,"key":"SMITH"},{"data":"Coolheaded","floor":15,"key":"SMITH"},{"data":"Defragment","floor":23,"key":"SMITH"},{"data":"Buffer","floor":25,"key":"SMITH"},{"floor":27,"key":"REST"},{"data":"Consume","floor":32,"key":"SMITH"},{"data":"Capacitor","floor":40,"key":"SMITH"},{"floor":42,"key":"RECALL"},{"data":"Loop","floor":49,"key":"SMITH"},{"data":"Multi-Cast","floor":53,"key":"SMITH"}],"neow_cost":"NONE","seed_source_timestamp":702000089206200,"circlet_count":0,"master_deck":["AscendersBane","Defend_B","Defend_B","Defend_B","Defend_B","Dualcast+1","Chaos+1","Doom and Gloom+1","Streamline+1","Stack","Cold Snap+1","Coolheaded+1","Capacitor+1","Conserve Battery","Buffer+1","Go for the Eyes+1","Melter+1","Defragment+1","Conserve Battery","Ball Lightning+1","Glacier+1","Bite+1","Bite+1","Bite+1","Bite+1","Bite+1","Consume+1","Multi-Cast+1","FTL+1","Hologram+1","Loop+1","Coolheaded+1","Lockon+1","Darkness+1"],"relics":["Busted Crown","GremlinMask","Mercury Hourglass","Molten Egg 2","Emotion Chip","Runic Pyramid","PreservedInsect","Cables","Lizard Tail","Happy Flower","DataDisk","Unceasing Top","Toxic Egg 2","Pear","Oddly Smooth Stone"],"potions_floor_usage":[12,16,16,20,22,29,55,56],"damage_taken":[{"damage":10,"enemies":"2 Louse","floor":1,"turns":2},{"damage":6,"enemies":"Cultist","floor":4,"turns":5},{"damage":2,"enemies":"Jaw Worm","floor":5,"turns":4},{"damage":3,"enemies":"Exordium Wildlife","floor":7,"turns":5},{"damage":11,"enemies":"Lagavulin","floor":10,"turns":6},{"damage":11,"enemies":"3 Sentries","floor":12,"turns":5},{"damage":7,"enemies":"3 Sentries","floor":14,"turns":4},{"damage":21,"enemies":"Slime Boss","floor":16,"turns":9},{"damage":10,"enemies":"2 Thieves","floor":18,"turns":4},{"damage":0,"enemies":"Spheric Guardian","floor":20,"turns":5},{"damage":32,"enemies":"Cultist and Chosen","floor":22,"turns":6},{"damage":0,"enemies":"Sentry and Sphere","floor":28,"turns":3},{"damage":2,"enemies":"Gremlin Leader","floor":29,"turns":4},{"damage":0,"enemies":"3 Cultists","floor":31,"turns":7},{"damage":0,"enemies":"Automaton","floor":33,"turns":9},{"damage":2,"enemies":"Orb Walker","floor":35,"turns":4},{"damage":44,"enemies":"3 Darklings","floor":38,"turns":14},{"damage":3,"enemies":"Giant Head","floor":41,"turns":7},{"damage":0,"enemies":"Nemesis","floor":44,"turns":7},{"damage":6,"enemies":"4 Shapes","floor":45,"turns":6},{"damage":2,"enemies":"Giant Head","floor":46,"turns":7},{"damage":39,"enemies":"Reptomancer","floor":48,"turns":10},{"damage":12,"enemies":"Donu and Deca","floor":50,"turns":11},{"damage":47,"enemies":"Awakened One","floor":51,"turns":21},{"damage":47,"enemies":"Shield and Spear","floor":55,"turns":7},{"damage":78,"enemies":"The Heart","floor":56,"turns":11}],"seed_played":"4328768766795063311","potions_obtained":[{"floor":1,"key":"SpeedPotion"},{"floor":10,"key":"Regen Potion"},{"floor":12,"key":"GamblersBrew"},{"floor":16,"key":"PowerPotion"},{"floor":18,"key":"EssenceOfSteel"},{"floor":22,"key":"Fire Potion"},{"floor":31,"key":"Block Potion"},{"floor":38,"key":"Ancient Potion"}],"is_trial":false,"path_per_floor":["M","?","?","M","M","R","M","R","T","E","R","?","$","E","R","B",null,"M","?","M","?","M","R","$","R","T","R","M","E","?","M","R","B",null,"M","?","$","M","?","R","E","R","T","E","M","E","$","E","R","B","B",null,"R","$","E","B",null],"character_chosen":"DEFECT","items_purchased":["Cold Snap+1","Coolheaded","Capacitor","PreservedInsect","Ball Lightning+1","FocusPotion","Loop","Coolheaded+1","Lockon+1"],"campfire_rested":1,"item_purchase_floors":[13,13,13,24,24,24,47,47,54],"current_hp_per_floor":[54,47,47,41,39,39,36,36,36,25,25,28,28,23,23,4,54,46,46,48,48,18,18,18,18,18,39,41,41,41,59,59,71,71,71,67,67,65,67,67,67,67,67,67,67,67,67,68,68,77,77,77,77,77,42,26],"gold":43,"neow_bonus":"BOSS_RELIC","is_prod":false,"is_daily":false,"chose_seed":false,"campfire_upgraded":10,"win_rate":0,"timestamp":1564249526,"path_taken":["M","?","?","M","M","R","?","R","T","E","R","?","?","E","R","BOSS","M","?","?","?","M","R","$","R","T","R","M","E","?","M","R","BOSS","M","?","$","M","?","R","E","R","T","E","?","E","$","E","R","BOSS","BOSS","R","$","E","BOSS"],"build_version":"2019-07-17","purchased_purges":3,"victory":true,"max_hp_per_floor":[71,71,71,71,71,71,71,71,71,71,71,71,71,71,71,71,71,71,71,71,71,71,71,71,71,71,71,71,71,71,71,71,71,71,71,67,67,67,67,67,67,67,67,67,67,67,67,77,77,77,77,77,77,77,77,77],"card_choices":[{"not_picked":["Double Energy"],"picked":"SKIP","floor":1},{"not_picked":["Turbo"],"picked":"SKIP","floor":4},{"not_picked":[],"picked":"Chaos","floor":5},{"not_picked":[],"picked":"Doom and Gloom","floor":7},{"not_picked":[],"picked":"Streamline","floor":10},{"not_picked":[],"picked":"Stack","floor":12},{"not_picked":[],"picked":"Conserve Battery","floor":14},{"not_picked":[],"picked":"Buffer","floor":16},{"not_picked":[],"picked":"Go for the Eyes+1","floor":18},{"not_picked":[],"picked":"Melter+1","floor":20},{"not_picked":[],"picked":"Conserve Battery","floor":22},{"not_picked":["Gash+1"],"picked":"SKIP","floor":28},{"not_picked":[],"picked":"Glacier+1","floor":29},{"not_picked":[],"picked":"Consume","floor":31},{"not_picked":[],"picked":"Multi-Cast","floor":33},{"not_picked":[],"picked":"FTL+1","floor":35},{"not_picked":["Rebound+1"],"picked":"SKIP","floor":38},{"not_picked":["Rebound+1"],"picked":"SKIP","floor":38},{"not_picked":["Hello World+1"],"picked":"SKIP","floor":41},{"not_picked":["Sweeping Beam+1"],"picked":"SKIP","floor":44},{"not_picked":["Auto Shields"],"picked":"SKIP","floor":45},{"not_picked":[],"picked":"Hologram+1","floor":46},{"not_picked":["FTL+1"],"picked":"SKIP","floor":48},{"not_picked":[],"picked":"Darkness+1","floor":55}],"player_experience":2310700,"relics_obtained":[{"floor":9,"key":"Mercury Hourglass"},{"floor":10,"key":"Molten Egg 2"},{"floor":12,"key":"Blood Vial"},{"floor":14,"key":"Emotion Chip"},{"floor":29,"key":"Cables"},{"floor":41,"key":"Happy Flower"},{"floor":43,"key":"DataDisk"},{"floor":44,"key":"Unceasing Top"},{"floor":46,"key":"Toxic Egg 2"},{"floor":48,"key":"Pear"},{"floor":55,"key":"Oddly Smooth Stone"}],"event_choices":[{"cards_removed":["Strike_B"],"damage_healed":0,"gold_gain":0,"player_choice":"Card Removal","damage_taken":7,"max_hp_gain":0,"max_hp_loss":0,"event_name":"Golden Wing","floor":2,"gold_loss":0},{"damage_healed":0,"gold_gain":0,"player_choice":"Trade","damage_taken":0,"relics_obtained":["GremlinMask"],"max_hp_gain":0,"max_hp_loss":0,"event_name":"FaceTrader","floor":3,"gold_loss":0},{"damage_healed":0,"gold_gain":0,"player_choice":"Searched \u00271\u0027 times","damage_taken":0,"max_hp_gain":0,"max_hp_loss":0,"event_name":"Dead Adventurer","floor":12,"gold_loss":0},{"damage_healed":0,"gold_gain":275,"player_choice":"Desecrate","damage_taken":0,"max_hp_gain":0,"max_hp_loss":0,"event_name":"Golden Shrine","floor":19,"gold_loss":0,"cards_obtained":["Regret"]},{"damage_healed":0,"gold_gain":0,"player_choice":"Read","damage_taken":0,"max_hp_gain":0,"max_hp_loss":0,"event_name":"The Library","floor":21,"gold_loss":0,"cards_obtained":["Defragment"]},{"damage_healed":0,"gold_gain":0,"player_choice":"Became a vampire (Vial)","damage_taken":0,"max_hp_gain":0,"max_hp_loss":0,"event_name":"Vampires","floor":30,"relics_lost":["Blood Vial"],"gold_loss":0,"cards_obtained":["Bite","Bite","Bite","Bite","Bite"]},{"damage_healed":0,"gold_gain":0,"player_choice":"Max HP","damage_taken":0,"max_hp_gain":0,"max_hp_loss":4,"event_name":"Winding Halls","floor":36,"gold_loss":0},{"damage_healed":2,"gold_gain":0,"player_choice":"Full Heal","damage_taken":0,"max_hp_gain":0,"max_hp_loss":0,"event_name":"Wheel of Change","floor":39,"gold_loss":0}],"is_beta":false,"boss_relics":[{"not_picked":["Ectoplasm","Sozu"],"picked":"Runic Pyramid"},{"not_picked":["Runic Dome","Velvet Choker"],"picked":"Lizard Tail"}],"items_purged_floors":[13,24,37],"is_endless":false,"potions_floor_spawned":[1,10,12,16,18,22,28,31,35,38,46],"ascension_level":20}