{"gold_per_floor":[18,18,18,29,41,41,69,69,69,69,81,111,111,131,131,236,236,256,256,271,281,129,158,158,191,191,220,220,220,246,246,246,351,351,365,78,178,178,8,8,25,59,105,123,46,81,94,129,129,129],"floor_reached":51,"playtime":2653,"items_purged":["Strike_G","Strike_G","Defend_G"],"score":1224,"play_id":"8806e62d-3cc4-4ffd-ad4b-79e5090dbc66","local_time":"20190527183428","is_ascension_mode":true,"campfire_choices":[{"data":"Neutralize","floor":6,"key":"SMITH"},{"data":"Skewer","floor":8,"key":"SMITH"},{"data":"PiercingWail","floor":10,"key":"SMITH"},{"floor":13,"key":"REST"},{"data":"Poisoned Stab","floor":15,"key":"SMITH"},{"data":"Adrenaline","floor":24,"key":"SMITH"},{"floor":28,"key":"REST"},{"floor":32,"key":"REST"},{"floor":40,"key":"RECALL"},{"data":"Deflect","floor":49,"key":"SMITH"}],"neow_cost":"NO_GOLD","seed_source_timestamp":1107457278136397,"circlet_count":0,"master_deck":["Defend_G+1","Defend_G","Defend_G","Strike_G+1","Survivor","Neutralize+1","All Out Attack","PiercingWail+1","Skewer+1","Sucker Punch","Escape Plan","Poisoned Stab+1","Adrenaline+1","Well Laid Plans","Escape Plan+1","Acrobatics+1","Concentrate","Caltrops+1","Caltrops+1","Backflip","After Image+1","PiercingWail","Caltrops+1","Slice+1","Finisher","Caltrops+1","Leg Sweep+1","Masterful Stab+1","Slice+1","Blur","Noxious Fumes+1","Deflect+1","Bouncing Flask+1"],"relics":["Ring of the Snake","Unceasing Top","Question Card","Anchor","Philosopher\u0027s Stone","FossilizedHelix","Ornamental Fan","Bag of Preparation","Frozen Egg 2","MutagenicStrength","Smiling Mask","Sozu","Happy Flower","Bird Faced Urn","Bag of Marbles","Lantern","Singing Bowl","Bronze Scales"],"potions_floor_usage":[12,16,33,33,42,50],"damage_taken":[{"damage":1,"enemies":"Jaw Worm","floor":1,"turns":4},{"damage":0,"enemies":"2 Louse","floor":4,"turns":3},{"damage":0,"enemies":"Cultist","floor":5,"turns":2},{"damage":12,"enemies":"3 Sentries","floor":7,"turns":7},{"damage":6,"enemies":"Large Slime","floor":11,"turns":6},{"damage":24,"enemies":"Lagavulin","floor":12,"turns":6},{"damage":0,"enemies":"2 Fungi Beasts","floor":14,"turns":2},{"damage":30,"enemies":"Hexaghost","floor":16,"turns":13},{"damage":0,"enemies":"Spheric Guardian","floor":18,"turns":1},{"damage":0,"enemies":"3 Byrds","floor":20,"turns":4},{"damage":0,"enemies":"Snake Plant","floor":21,"turns":4},{"damage":20,"enemies":"Slavers","floor":23,"turns":5},{"damage":0,"enemies":"Book of Stabbing","floor":25,"turns":4},{"damage":0,"enemies":"Slavers","floor":27,"turns":3},{"damage":0,"enemies":"Gremlin Leader","floor":30,"turns":4},{"damage":30,"enemies":"Collector","floor":33,"turns":10},{"damage":30,"enemies":"3 Shapes","floor":35,"turns":5},{"damage":0,"enemies":"Mind Bloom Boss Battle","floor":37,"turns":4},{"damage":0,"enemies":"Orb Walker","floor":41,"turns":3},{"damage":0,"enemies":"Nemesis","floor":42,"turns":9},{"damage":0,"enemies":"Writhing Mass","floor":44,"turns":2},{"damage":0,"enemies":"Giant Head","floor":46,"turns":6},{"damage":0,"enemies":"Spire Growth","floor":47,"turns":3},{"damage":0,"enemies":"Reptomancer","floor":48,"turns":5},{"damage":29,"enemies":"Awakened One","floor":50,"turns":14}],"seed_played":"-4904246117411797087","potions_obtained":[{"floor":1,"key":"Swift Potion"},{"floor":5,"key":"LiquidBronze"},{"floor":7,"key":"PowerPotion"},{"floor":18,"key":"Block Potion"},{"floor":21,"key":"Fire Potion"},{"floor":27,"key":"GhostInAJar"},{"floor":33,"key":"EntropicBrew"}],"is_trial":false,"path_per_floor":["M","?","?","M","M","R","E","R","T","R","M","E","R","M","R","B",null,"M","?","M","M","$","E","R","E","T","E","R","?","E","?","R","B",null,"M","$","?","?","$","R","M","E","T","M","$","E","M","E","R","B",null],"character_chosen":"THE_SILENT","items_purchased":["Concentrate","PiercingWail","Caltrops+1","Happy Flower","Finisher","Caltrops+1","Blur"],"campfire_rested":3,"item_purchase_floors":[22,36,36,36,39,39,45],"current_hp_per_floor":[69,55,55,55,55,55,43,43,43,43,37,13,34,34,34,4,54,54,54,54,54,54,34,34,34,34,34,55,55,55,42,64,34,65,35,35,35,75,75,75,75,75,75,75,75,75,75,75,75,47],"gold":129,"neow_bonus":"REMOVE_TWO","is_prod":false,"is_daily":false,"chose_seed":false,"campfire_upgraded":6,"win_rate":0,"timestamp":1558996468,"path_taken":["M","?","?","M","M","R","E","R","T","R","M","E","R","?","R","BOSS","M","?","M","M","$","E","R","E","T","E","R","?","E","?","R","BOSS","M","$","?","?","$","R","M","E","T","M","$","E","M","E","R","BOSS"],"build_version":"2019-01-23","purchased_purges":3,"victory":true,"max_hp_per_floor":[70,70,70,70,70,70,70,70,70,70,70,70,70,70,70,70,70,70,70,70,70,70,70,70,70,70,70,70,70,70,75,75,75,75,75,75,75,75,75,75,75,75,75,75,75,75,75,75,75,75],"card_choices":[{"not_picked":["Prepared","Escape Plan"],"picked":"Backstab","floor":1},{"not_picked":["Sucker Punch","Flechettes"],"picked":"All Out Attack","floor":4},{"not_picked":["Prepared","Setup"],"picked":"PiercingWail","floor":5},{"not_picked":["Bullet Time","Storm of Steel"],"picked":"Skewer","floor":7},{"not_picked":["Quick Slash","Outmaneuver","Backstab"],"picked":"Sucker Punch","floor":11},{"not_picked":["Quick Slash","Blade Dance","Expertise"],"picked":"Escape Plan","floor":12},{"not_picked":["Tools of the Trade","Dagger Spray","Quick Slash"],"picked":"Poisoned Stab","floor":14},{"not_picked":["Phantasmal Killer","Unload","Venomology"],"picked":"Adrenaline","floor":16},{"not_picked":["Slice","Deadly Poison","Deflect"],"picked":"Well Laid Plans","floor":18},{"not_picked":["Quick Slash","Blade Dance","Prepared+1"],"picked":"Escape Plan+1","floor":20},{"not_picked":["Expertise","Finisher","Dagger Spray"],"picked":"Acrobatics+1","floor":21},{"not_picked":["Dash","Dagger Spray+1","Venomology"],"picked":"Caltrops+1","floor":23},{"not_picked":["Flying Knee","Cloak And Dagger","Dagger Spray+1","Glass Knife"],"picked":"SKIP","floor":25},{"not_picked":["Deflect","Outmaneuver+1","Heel Hook"],"picked":"Caltrops+1","floor":27},{"not_picked":["Setup+1","Flechettes","Dagger Throw"],"picked":"Backflip","floor":30},{"not_picked":["Unload","Malaise","Corpse Explosion"],"picked":"After Image+1","floor":33},{"not_picked":["Dagger Spray","Bane","Choke+1","Cloak And Dagger"],"picked":"SKIP","floor":35},{"not_picked":["Sucker Punch","Corpse Explosion","Deadly Poison+1"],"picked":"Slice+1","floor":37},{"not_picked":["Cloak And Dagger","Quick Slash+1","Prepared"],"picked":"Leg Sweep+1","floor":41},{"not_picked":["Sucker Punch","Prepared","Bouncing Flask+1"],"picked":"Masterful Stab+1","floor":42},{"not_picked":["Leg Sweep","Choke","Deadly Poison+1"],"picked":"Slice+1","floor":44},{"not_picked":["Cloak And Dagger+1","Predator+1","Outmaneuver"],"picked":"Noxious Fumes+1","floor":46},{"not_picked":["Accuracy+1","Bane+1","Acrobatics"],"picked":"Deflect","floor":47},{"not_picked":["Distraction+1","Tactician","Phantasmal Killer"],"picked":"Bouncing Flask+1","floor":48}],"player_experience":520775,"relics_obtained":[{"floor":7,"key":"Unceasing Top"},{"floor":9,"key":"Question Card"},{"floor":12,"key":"Anchor"},{"floor":23,"key":"FossilizedHelix"},{"floor":25,"key":"Ornamental Fan"},{"floor":26,"key":"Bag of Preparation"},{"floor":27,"key":"Frozen Egg 2"},{"floor":30,"key":"Smiling Mask"},{"floor":37,"key":"Bird Faced Urn"},{"floor":42,"key":"Bag of Marbles"},{"floor":43,"key":"Lantern"},{"floor":46,"key":"Singing Bowl"},{"floor":48,"key":"Bronze Scales"}],"event_choices":[{"damage_healed":0,"gold_gain":0,"player_choice":"Entered Light","damage_taken":14,"max_hp_gain":0,"max_hp_loss":0,"event_name":"Shining Light","floor":2,"gold_loss":0,"cards_upgraded":["Strike_G","Defend_G"]},{"cards_removed":["Strike_G"],"damage_healed":0,"gold_gain":0,"player_choice":"Purged","damage_taken":0,"max_hp_gain":0,"max_hp_loss":0,"event_name":"Purifier","floor":3,"gold_loss":0},{"damage_healed":0,"gold_gain":0,"player_choice":"Ignored","damage_taken":0,"max_hp_gain":0,"max_hp_loss":0,"event_name":"Vampires","floor":19,"gold_loss":0},{"damage_healed":0,"gold_gain":0,"player_choice":"Inject Mutagens","damage_taken":0,"relics_obtained":["MutagenicStrength"],"max_hp_gain":0,"max_hp_loss":0,"event_name":"Drug Dealer","floor":29,"gold_loss":0},{"damage_healed":0,"gold_gain":0,"player_choice":"Shed Blood","damage_taken":18,"max_hp_gain":5,"max_hp_loss":0,"event_name":"Forgotten Altar","floor":31,"gold_loss":0},{"damage_healed":0,"gold_gain":0,"player_choice":"Fight","damage_taken":0,"max_hp_gain":0,"max_hp_loss":0,"event_name":"MindBloom","floor":37,"gold_loss":0},{"cards_removed":["Backstab"],"damage_healed":40,"gold_gain":0,"player_choice":"Offered Uncommon","damage_taken":0,"max_hp_gain":0,"max_hp_loss":0,"event_name":"Bonfire Elementals","floor":38,"gold_loss":0}],"is_beta":false,"boss_relics":[{"not_picked":["Velvet Choker","Lizard Tail"],"picked":"Philosopher\u0027s Stone"},{"not_picked":["Tiny House","Cursed Key"],"picked":"Sozu"}],"items_purged_floors":[22,36,39],"is_endless":false,"potions_floor_spawned":[1,5,7,18,21,23,27,33,35,46,47,48],"ascension_level":5}