{"gold_per_floor":[118,118,293,368,389,423,442,476,499,543,31,54,4,20,20,20],"floor_reached":16,"playtime":553,"items_purged":["Doubt"],"score":167,"play_id":"7807f824-9ce9-4235-a9e6-466e7a086405","local_time":"20190603203643","is_ascension_mode":true,"campfire_choices":[{"data":"Armaments","floor":15,"key":"SMITH"}],"neow_cost":"NONE","seed_source_timestamp":245102975515954,"circlet_count":0,"master_deck":["Strike_R","Strike_R","Strike_R","Strike_R","Strike_R","Defend_R","Defend_R","Defend_R","Defend_R","Bash","Twin Strike","Armaments+1","Searing Blow","Pommel Strike","Shrug It Off"],"relics":["Burning Blood","NeowsBlessing","Golden Idol","Vajra","Blood Vial","Boot","Paper Frog","Orichalcum"],"potions_floor_usage":[8,16],"damage_taken":[{"damage":0,"enemies":"Small Slimes","floor":1,"turns":1},{"damage":0,"enemies":"Jaw Worm","floor":5,"turns":1},{"damage":0,"enemies":"Gremlin Nob","floor":6,"turns":1},{"damage":2,"enemies":"2 Louse","floor":7,"turns":3},{"damage":25,"enemies":"3 Sentries","floor":8,"turns":7},{"damage":32,"enemies":"Gremlin Nob","floor":10,"turns":4},{"damage":8,"enemies":"Looter","floor":12,"turns":3},{"damage":13,"enemies":"3 Louse","floor":14,"turns":2},{"damage":46,"enemies":"Slime Boss","floor":16,"turns":6}],"seed_played":"6254746276275834182","potions_obtained":[{"floor":5,"key":"Dexterity Potion"},{"floor":6,"key":"AttackPotion"},{"floor":8,"key":"Dexterity Potion"},{"floor":12,"key":"Strength Potion"}],"is_trial":false,"path_per_floor":["M","?","?","?","M","E","M","E","T","E","$","M","?","M","R","B"],"character_chosen":"IRONCLAD","items_purchased":["Paper Frog","Orichalcum","Shrug It Off"],"campfire_rested":0,"item_purchase_floors":[11,11,11],"current_hp_per_floor":[80,80,80,69,75,80,80,61,61,37,37,37,37,32,32,0],"gold":20,"neow_bonus":"THREE_ENEMY_KILL","is_prod":false,"is_daily":false,"chose_seed":false,"campfire_upgraded":1,"win_rate":0,"timestamp":1559612203,"path_taken":["M","?","?","?","?","E","M","E","T","E","$","M","?","M","R","BOSS"],"build_version":"2019-01-23","purchased_purges":1,"victory":false,"max_hp_per_floor":[80,80,80,80,80,80,80,80,80,80,80,80,80,80,80,80],"card_choices":[{"not_picked":["Clothesline","Wild Strike"],"picked":"Twin Strike","floor":1},{"not_picked":["Warcry","Carnage"],"picked":"Armaments","floor":5},{"not_picked":["Anger","Berserk"],"picked":"Searing Blow","floor":6},{"not_picked":["Body Slam","Anger"],"picked":"Pommel Strike","floor":7},{"not_picked":["Evolve","Twin Strike","Wild Strike"],"picked":"SKIP","floor":8},{"not_picked":["Clothesline","Rupture","Armaments"],"picked":"SKIP","floor":10},{"not_picked":["Armaments","Feel No Pain","Flame Barrier"],"picked":"SKIP","floor":12},{"not_picked":["Twin Strike","Pummel","Sword Boomerang"],"picked":"SKIP","floor":14}],"player_experience":69205,"relics_obtained":[{"floor":6,"key":"Vajra"},{"floor":8,"key":"Blood Vial"},{"floor":10,"key":"Boot"}],"event_choices":[{"damage_healed":0,"gold_gain":0,"player_choice":"Take Wound","damage_taken":0,"relics_obtained":["Golden Idol"],"max_hp_gain":0,"max_hp_loss":0,"event_name":"Golden Idol","floor":2,"gold_loss":0,"cards_obtained":["Injury"]},{"damage_healed":0,"gold_gain":175,"player_choice":"AGREE","damage_taken":0,"max_hp_gain":0,"max_hp_loss":0,"event_name":"Liars Game","floor":3,"gold_loss":0,"cards_obtained":["Doubt"]},{"damage_healed":0,"gold_gain":75,"player_choice":"Gather Gold","damage_taken":11,"max_hp_gain":0,"max_hp_loss":0,"event_name":"World of Goop","floor":4,"gold_loss":0},{"cards_removed":["Injury"],"damage_healed":0,"gold_gain":0,"player_choice":"Card Removal","damage_taken":0,"max_hp_gain":0,"max_hp_loss":0,"event_name":"The Cleric","floor":13,"gold_loss":50}],"is_beta":false,"boss_relics":[],"items_purged_floors":[11],"is_endless":false,"potions_floor_spawned":[5,6,8,12,14],"killed_by":"Slime Boss","ascension_level":3}