{"gold_per_floor":[113,113,63,63,77,112,112,127,153,218,218,218,251,270,270,375,375,394,394,394,394,9,35,35,48,73,91,91,123,138,168,168,168],"floor_reached":33,"playtime":1013,"items_purged":["Wild Strike"],"score":529,"play_id":"50ba613b-fbbc-4b6e-be2e-3689f67786e5","local_time":"20190521213505","is_ascension_mode":true,"campfire_choices":[{"data":"Bash","floor":7,"key":"SMITH"},{"data":"Inflame","floor":11,"key":"SMITH"},{"data":"Shrug It Off","floor":15,"key":"SMITH"},{"data":"Offering","floor":24,"key":"SMITH"},{"data":"Armaments","floor":28,"key":"SMITH"},{"data":"Offering","floor":32,"key":"SMITH"}],"neow_cost":"NONE","seed_source_timestamp":601534359592350,"circlet_count":0,"master_deck":["AscendersBane","Defend_R+1","Defend_R+1","Defend_R+1","Defend_R+1","Bash+1","Spot Weakness","Bash","Double Tap","Inflame+1","Hemokinesis+1","Corruption","Havoc","Shrug It Off+1","Offering+1","Bite","Bite","Bite","Bite","Bite","Armaments+1","Flame Barrier+1","Anger","Burning Pact","True Grit+1","Clothesline","Offering+1"],"relics":["Burning Blood","NeowsBlessing","Vajra","Juzu Bracelet","Bottled Tornado","Mango","Mark of Pain","Frozen Egg 2","Shuriken","Oddly Smooth Stone","Happy Flower","Pantograph","Art of War"],"potions_floor_usage":[10,23,23,23,29,31,33],"damage_taken":[{"damage":0,"enemies":"Cultist","floor":1,"turns":1},{"damage":0,"enemies":"Jaw Worm","floor":5,"turns":1},{"damage":0,"enemies":"Lagavulin","floor":6,"turns":1},{"damage":10,"enemies":"Small Slimes","floor":8,"turns":3},{"damage":27,"enemies":"Gremlin Nob","floor":10,"turns":4},{"damage":18,"enemies":"Gremlin Nob","floor":13,"turns":3},{"damage":5,"enemies":"Exordium Thugs","floor":14,"turns":3},{"damage":57,"enemies":"Hexaghost","floor":16,"turns":8},{"damage":22,"enemies":"Shell Parasite","floor":18,"turns":2},{"damage":18,"enemies":"Gremlin Leader","floor":23,"turns":7},{"damage":6,"enemies":"3 Byrds","floor":25,"turns":2},{"damage":33,"enemies":"Snake Plant","floor":27,"turns":3},{"damage":22,"enemies":"Slavers","floor":29,"turns":4},{"damage":9,"enemies":"Cultist and Chosen","floor":30,"turns":4},{"damage":23,"enemies":"Book of Stabbing","floor":31,"turns":4},{"damage":83,"enemies":"Automaton","floor":33,"turns":6}],"seed_played":"-1783194197814364664","potions_obtained":[{"floor":6,"key":"Poison Potion"},{"floor":10,"key":"Strength Potion"},{"floor":14,"key":"Explosive Potion"},{"floor":16,"key":"Block Potion"},{"floor":23,"key":"SteroidPotion"},{"floor":25,"key":"AttackPotion"},{"floor":27,"key":"GamblersBrew"},{"floor":30,"key":"FearPotion"}],"is_trial":false,"path_per_floor":["M","?","?","?","M","E","R","M","T","?","R","?","E","M","R","B",null,"M","?","?","T","$","E","R","M","T","M","R","E","M","E","R","B"],"character_chosen":"IRONCLAD","items_purchased":["Shuriken","Armaments"],"campfire_rested":0,"item_purchase_floors":[22,22],"current_hp_per_floor":[78,83,83,83,85,85,85,81,81,60,60,60,62,63,63,12,77,61,61,61,61,61,66,66,69,69,48,48,38,52,46,46,0],"gold":168,"neow_bonus":"THREE_ENEMY_KILL","is_prod":false,"is_daily":false,"chose_seed":false,"campfire_upgraded":6,"win_rate":0,"timestamp":1558488905,"path_taken":["M","?","?","?","M","E","R","M","T","?","R","?","E","M","R","BOSS","M","?","?","?","$","E","R","M","T","M","R","E","M","E","R","BOSS"],"build_version":"2019-01-23","purchased_purges":1,"victory":false,"max_hp_per_floor":[80,85,85,85,85,85,85,85,85,85,85,85,99,99,99,99,99,99,99,69,69,69,69,69,69,69,69,69,69,69,69,69,69],"card_choices":[{"not_picked":["Havoc","Pummel"],"picked":"Spot Weakness","floor":1},{"not_picked":["Rupture","Body Slam"],"picked":"Inflame","floor":5},{"not_picked":["Havoc","Clash"],"picked":"Hemokinesis","floor":6},{"not_picked":["Cleave","Warcry","Juggernaut"],"picked":"SKIP","floor":8},{"not_picked":["Entrench","Second Wind"],"picked":"Corruption","floor":10},{"not_picked":["Barricade","Flex"],"picked":"Havoc","floor":13},{"not_picked":["Pommel Strike","Feel No Pain"],"picked":"Shrug It Off","floor":14},{"not_picked":["Dark Embrace","Fiend Fire"],"picked":"Offering","floor":16},{"not_picked":["Cleave","Body Slam+1","Entrench"],"picked":"SKIP","floor":18},{"not_picked":["Havoc","Body Slam+1"],"picked":"Flame Barrier+1","floor":23},{"not_picked":["Perfected Strike","Headbutt"],"picked":"Anger","floor":25},{"not_picked":["Body Slam","Sword Boomerang+1"],"picked":"Burning Pact","floor":27},{"not_picked":["Rupture+1","Inflame+1"],"picked":"True Grit+1","floor":29},{"not_picked":["True Grit","Thunderclap"],"picked":"Clothesline","floor":30},{"not_picked":["Flex+1","Shrug It Off"],"picked":"Offering","floor":31}],"player_experience":404278,"relics_obtained":[{"floor":6,"key":"Vajra"},{"floor":9,"key":"Juzu Bracelet"},{"floor":10,"key":"Bottled Tornado"},{"floor":13,"key":"Mango"},{"floor":21,"key":"Frozen Egg 2"},{"floor":23,"key":"Oddly Smooth Stone"},{"floor":26,"key":"Happy Flower"},{"floor":29,"key":"Pantograph"},{"floor":31,"key":"Art of War"}],"event_choices":[{"damage_healed":0,"gold_gain":0,"player_choice":"Donut","damage_taken":0,"max_hp_gain":5,"max_hp_loss":0,"event_name":"Big Fish","floor":2,"gold_loss":0},{"cards_removed":["Strike_R"],"damage_healed":0,"gold_gain":0,"player_choice":"Card Removal","damage_taken":0,"max_hp_gain":0,"max_hp_loss":0,"event_name":"The Cleric","floor":3,"gold_loss":50},{"damage_healed":0,"gold_gain":0,"player_choice":"3 cards matched","damage_taken":0,"max_hp_gain":0,"max_hp_loss":0,"event_name":"Match and Keep!","floor":4,"gold_loss":0,"cards_obtained":["Wild Strike","Bash","Double Tap"]},{"damage_healed":0,"gold_gain":0,"player_choice":"Searched \u00271\u0027 times","damage_taken":0,"max_hp_gain":0,"max_hp_loss":0,"event_name":"Dead Adventurer","floor":10,"gold_loss":0},{"damage_healed":0,"gold_gain":0,"player_choice":"Upgraded","damage_taken":0,"max_hp_gain":0,"max_hp_loss":0,"event_name":"Upgrade Shrine","floor":12,"gold_loss":0,"cards_upgraded":["Hemokinesis"]},{"damage_healed":0,"gold_gain":0,"player_choice":"Simplicity","damage_taken":0,"max_hp_gain":0,"max_hp_loss":0,"event_name":"Back to Basics","floor":19,"gold_loss":0,"cards_upgraded":["Strike_R","Strike_R","Strike_R","Strike_R","Defend_R","Defend_R","Defend_R","Defend_R"]},{"damage_healed":0,"gold_gain":0,"player_choice":"Became a vampire","damage_taken":0,"max_hp_gain":0,"max_hp_loss":30,"event_name":"Vampires","floor":20,"gold_loss":0,"cards_obtained":["Bite","Bite","Bite","Bite","Bite"]}],"is_beta":false,"boss_relics":[{"not_picked":["Philosopher\u0027s Stone","Lizard Tail"],"picked":"Mark of Pain"}],"items_purged_floors":[22],"is_endless":false,"potions_floor_spawned":[6,10,14,16,18,23,25,27,30],"killed_by":"Automaton","ascension_level":10}