{"gold_per_floor":[110,129,129,129,143,143,176,189,189,233,233,251,251],"floor_reached":13,"playtime":351,"items_purged":[],"score":133,"play_id":"cf0cd319-3a52-4340-a66d-3b4e2f290a8c","local_time":"20190606224526","is_ascension_mode":true,"campfire_choices":[{"data":"Coolheaded","floor":6,"key":"SMITH"}],"neow_cost":"NONE","seed_source_timestamp":48996158582794,"circlet_count":0,"master_deck":["Strike_B","Strike_B","Strike_B","Strike_B","Defend_B","Defend_B","Defend_B","Defend_B","Zap","Dualcast","Coolheaded+1","Cold Snap","Ball Lightning","Gash+1","Conserve Battery"],"relics":["Cracked Core","NeowsBlessing","Golden Idol","Omamori","Sundial","Molten Egg 2"],"potions_floor_usage":[10],"damage_taken":[{"damage":0,"enemies":"Cultist","floor":1,"turns":1},{"damage":0,"enemies":"2 Louse","floor":2,"turns":1},{"damage":0,"enemies":"Jaw Worm","floor":5,"turns":1},{"damage":36,"enemies":"Lagavulin","floor":7,"turns":8},{"damage":8,"enemies":"Exordium Wildlife","floor":8,"turns":4},{"damage":16,"enemies":"3 Sentries","floor":10,"turns":10},{"damage":2,"enemies":"Red Slaver","floor":12,"turns":4},{"damage":11,"enemies":"3 Louse","floor":13,"turns":2}],"seed_played":"-7652094169260724562","potions_obtained":[{"floor":5,"key":"FearPotion"},{"floor":8,"key":"SkillPotion"}],"is_trial":false,"path_per_floor":["M","M","?","?","M","R","E","M","T","E","?","M","M"],"character_chosen":"DEFECT","items_purchased":[],"campfire_rested":0,"item_purchase_floors":[],"current_hp_per_floor":[68,68,73,73,73,73,37,29,29,13,13,11,0],"gold":251,"neow_bonus":"THREE_ENEMY_KILL","is_prod":false,"is_daily":false,"chose_seed":false,"campfire_upgraded":1,"win_rate":0,"timestamp":1559875526,"path_taken":["M","?","?","?","M","R","E","M","T","E","?","M","M"],"build_version":"2019-01-23","purchased_purges":0,"victory":false,"max_hp_per_floor":[75,75,80,74,74,74,74,74,74,74,74,74,74],"card_choices":[{"not_picked":["Beam Cell","Compile Driver"],"picked":"Coolheaded","floor":1},{"not_picked":["FTL","Turbo","Recycle"],"picked":"SKIP","floor":2},{"not_picked":["Steam","Leap"],"picked":"Cold Snap","floor":5},{"not_picked":["Gash","Steam Power"],"picked":"Ball Lightning","floor":7},{"not_picked":["Heatsinks","Redo","Streamline"],"picked":"SKIP","floor":8},{"not_picked":["Barrage","Reprogram"],"picked":"Gash","floor":10},{"not_picked":["Compile Driver+1","Darkness"],"picked":"Conserve Battery","floor":12}],"player_experience":582514,"relics_obtained":[{"floor":7,"key":"Omamori"},{"floor":9,"key":"Sundial"},{"floor":10,"key":"Molten Egg 2"}],"event_choices":[{"damage_healed":0,"gold_gain":0,"player_choice":"Donut","damage_taken":0,"max_hp_gain":5,"max_hp_loss":0,"event_name":"Big Fish","floor":3,"gold_loss":0},{"damage_healed":0,"gold_gain":0,"player_choice":"Lose Max HP","damage_taken":0,"relics_obtained":["Golden Idol"],"max_hp_gain":0,"max_hp_loss":6,"event_name":"Golden Idol","floor":4,"gold_loss":0},{"damage_healed":0,"gold_gain":0,"player_choice":"Ignored","damage_taken":0,"max_hp_gain":0,"max_hp_loss":0,"event_name":"Liars Game","floor":11,"gold_loss":0}],"is_beta":false,"boss_relics":[],"items_purged_floors":[],"is_endless":false,"potions_floor_spawned":[5,8],"killed_by":"3 Louse","ascension_level":8}