{"gold_per_floor":[119,40,40,5,155,183,194,212,212,231,261,280,280,295,295,372,372,384,384,57,77,77,111,111,121,175,194,194],"floor_reached":28,"playtime":1687,"items_purged":["Doubt"],"score":480,"play_id":"fcac0e20-5cdc-4f42-8e4f-fcb0f7b02a45","local_time":"20190815224439","is_ascension_mode":true,"campfire_choices":[{"floor":13.0,"key":"REST"},{"data":"Noxious Fumes","floor":15.0,"key":"SMITH"},{"data":"Envenom","floor":24.0,"key":"SMITH"}],"neow_cost":"PERCENT_DAMAGE","seed_source_timestamp":49171168090100,"circlet_count":0,"master_deck":["AscendersBane","Strike_G","Strike_G","Strike_G","Strike_G","Strike_G","Defend_G","Defend_G","Defend_G","Defend_G","Defend_G","Survivor","Neutralize","Well Laid Plans","Noxious Fumes+1","Adrenaline","Bane","Backflip","Noxious Fumes","Envenom+1","Envenom","Terror","Shame","Backflip","Cloak And Dagger","Ghostly","Ghostly","Ghostly","Cloak And Dagger","PiercingWail","Burst"],"special_seed":0,"relics":["Ring of the Snake","Bottled Tornado","Anchor","Sozu","Turnip","Lee\u0027s Waffle","Ancient Tea Set","Bag of Preparation"],"potions_floor_usage":[],"damage_taken":[{"damage":1.0,"enemies":"Small Slimes","floor":1.0,"turns":5.0},{"damage":54.0,"enemies":"Lagavulin","floor":6.0,"turns":11.0},{"damage":4.0,"enemies":"Jaw Worm","floor":7.0,"turns":6.0},{"damage":0.0,"enemies":"2 Louse","floor":8.0,"turns":3.0},{"damage":0.0,"enemies":"2 Fungi Beasts","floor":10.0,"turns":4.0},{"damage":5.0,"enemies":"Large Slime","floor":12.0,"turns":5.0},{"damage":1.0,"enemies":"Gremlin Gang","floor":14.0,"turns":4.0},{"damage":18.0,"enemies":"Slime Boss","floor":16.0,"turns":10.0},{"damage":34.0,"enemies":"Spheric Guardian","floor":18.0,"turns":6.0},{"damage":25.0,"enemies":"2 Thieves","floor":21.0,"turns":5.0},{"damage":29.0,"enemies":"Book of Stabbing","floor":23.0,"turns":6.0},{"damage":4.0,"enemies":"Cultist and Chosen","floor":25.0,"turns":6.0},{"damage":3.0,"enemies":"Centurion and Healer","floor":27.0,"turns":6.0},{"damage":7,"enemies":"Colosseum Slavers","floor":28,"turns":1}],"seed_played":"4741425900293592991","potions_obtained":[{"floor":6.0,"key":"LiquidBronze"},{"floor":7.0,"key":"Swift Potion"},{"floor":14.0,"key":"SpeedPotion"}],"is_trial":false,"path_per_floor":["M","$","?","?","?","E","M","M","T","M","?","M","R","M","R","B",null,"M","?","$","M","?","E","R","M","T","M","?"],"character_chosen":"THE_SILENT","items_purchased":["Noxious Fumes","Lee\u0027s Waffle","Backflip"],"campfire_rested":1,"item_purchase_floors":[2,20,20],"current_hp_per_floor":[55,55,55,74,74,20,16,16,16,16,16,11,34,33,33,15,62,28,28,85,60,42,13,13,9,9,6,0],"gold":194,"neow_bonus":"TWENTY_PERCENT_HP_BONUS","is_prod":false,"is_daily":false,"chose_seed":false,"campfire_upgraded":2,"win_rate":0,"timestamp":1565901879,"path_taken":["M","$","?","?","?","E","M","?","T","M","?","M","R","M","R","BOSS","M","?","$","M","?","E","R","M","T","M","?"],"build_version":"2019-07-17","purchased_purges":1,"victory":false,"max_hp_per_floor":[78,78,78,78,78,78,78,78,78,78,78,78,78,78,78,78,78,78,78,85,85,42,42,42,42,42,42,42],"card_choices":[{"not_picked":["Dodge and Roll","Distraction"],"picked":"Well Laid Plans","floor":1.0},{"not_picked":["Backflip","Reflex"],"picked":"Adrenaline","floor":6.0},{"not_picked":["Flechettes","Dodge and Roll"],"picked":"Bane","floor":7.0},{"not_picked":["Poisoned Stab","Bane"],"picked":"Backflip","floor":8.0},{"not_picked":["Calculated Gamble","Eviscerate"],"picked":"Noxious Fumes","floor":10.0},{"not_picked":["Sucker Punch","Expertise","Cloak And Dagger"],"picked":"SKIP","floor":12.0},{"not_picked":["Bane","Quick Slash"],"picked":"Envenom","floor":14.0},{"not_picked":["Grand Finale","Night Terror"],"picked":"Envenom","floor":16.0},{"not_picked":["Deflect","Eviscerate"],"picked":"Terror","floor":18.0},{"not_picked":["PiercingWail","Flying Knee+1"],"picked":"Cloak And Dagger","floor":21.0},{"not_picked":["Deflect","Slice"],"picked":"Cloak And Dagger","floor":23.0},{"not_picked":["Terror","Deflect"],"picked":"PiercingWail","floor":25.0},{"not_picked":["Sucker Punch+1","Cloak And Dagger"],"picked":"Burst","floor":27.0}],"player_experience":1039406,"relics_obtained":[{"floor":6.0,"key":"Bottled Tornado"},{"floor":9.0,"key":"Anchor"},{"floor":23.0,"key":"Ancient Tea Set"},{"floor":26.0,"key":"Bag of Preparation"}],"event_choices":[{"damage_healed":0.0,"max_hp_gain":0.0,"max_hp_loss":0.0,"gold_gain":0.0,"event_name":"Shining Light","player_choice":"Ignored","floor":3.0,"gold_loss":0.0,"damage_taken":0.0},{"damage_healed":19.0,"max_hp_gain":0.0,"max_hp_loss":0.0,"gold_gain":0.0,"event_name":"The Cleric","player_choice":"Healed","floor":4.0,"gold_loss":35.0,"damage_taken":0.0},{"damage_healed":0.0,"max_hp_gain":0.0,"max_hp_loss":0.0,"gold_gain":150.0,"event_name":"Liars Game","player_choice":"AGREE","floor":5.0,"gold_loss":0.0,"damage_taken":0.0,"cards_obtained":["Doubt"]},{"damage_healed":0.0,"max_hp_gain":0.0,"max_hp_loss":0.0,"gold_gain":30.0,"event_name":"Dead Adventurer","player_choice":"Searched \u00272\u0027 times","floor":11.0,"gold_loss":0.0,"damage_taken":0.0},{"damage_healed":0.0,"max_hp_gain":0.0,"max_hp_loss":0.0,"gold_gain":0.0,"event_name":"Addict","player_choice":"Stole Relic","floor":19.0,"gold_loss":0.0,"damage_taken":0.0,"relics_obtained":["Turnip"],"cards_obtained":["Shame"]},{"damage_healed":0.0,"max_hp_gain":0.0,"max_hp_loss":43.0,"gold_gain":0.0,"event_name":"Ghosts","player_choice":"Became a Ghost","floor":22.0,"gold_loss":0.0,"damage_taken":0.0,"cards_obtained":["Ghostly","Ghostly","Ghostly"]},{"damage_healed":0,"gold_gain":0,"player_choice":"Fight","damage_taken":0,"max_hp_gain":0,"max_hp_loss":0,"event_name":"Colosseum","floor":28,"gold_loss":0}],"is_beta":false,"boss_relics":[{"not_picked":["Pandora\u0027s Box","Black Star"],"picked":"Sozu"}],"items_purged_floors":[20],"is_endless":false,"potions_floor_spawned":[6,7,10,14,18,21,23],"killed_by":"Colosseum Slavers","ascension_level":20}