{"gold_per_floor":[111,130,130,145,207,207,233,233,259,259,286,302,330,380,380,380],"floor_reached":16,"playtime":640,"items_purged":[],"score":186,"play_id":"5b25f424-bbeb-47b1-8df7-a3c30135dae3","local_time":"20190704233401","is_ascension_mode":true,"campfire_choices":[{"data":"Cloak And Dagger","floor":6,"key":"SMITH"},{"floor":8,"key":"REST"},{"floor":15,"key":"REST"}],"neow_cost":"NONE","seed_source_timestamp":234674473417431,"circlet_count":0,"master_deck":["AscendersBane","Strike_G","Strike_G","Strike_G","Strike_G","Defend_G","Defend_G","Defend_G","Defend_G","Defend_G","Survivor","Neutralize","Cloak And Dagger+1","Dash","Footwork","Skewer","Cloak And Dagger","Cloak And Dagger","PiercingWail"],"relics":["Ring of the Snake","SsserpentHead","Omamori","Anchor","Dream Catcher","Mummified Hand","Happy Flower"],"potions_floor_usage":[13,13],"damage_taken":[{"damage":5,"enemies":"Jaw Worm","floor":1,"turns":5},{"damage":8,"enemies":"Cultist","floor":2,"turns":5},{"damage":0,"enemies":"2 Louse","floor":4,"turns":3},{"damage":7,"enemies":"2 Fungi Beasts","floor":5,"turns":3},{"damage":14,"enemies":"3 Sentries","floor":7,"turns":11},{"damage":31,"enemies":"Gremlin Nob","floor":11,"turns":6},{"damage":2,"enemies":"Large Slime","floor":12,"turns":8},{"damage":20,"enemies":"Lagavulin","floor":13,"turns":11},{"damage":28,"enemies":"The Guardian","floor":16,"turns":9}],"seed_played":"-771582009595707361","potions_obtained":[{"floor":2,"key":"SpeedPotion"},{"floor":4,"key":"Energy Potion"},{"floor":7,"key":"EssenceOfSteel"}],"is_trial":false,"path_per_floor":["M","M","?","M","M","R","E","R","T","?","E","M","E","?","R","B"],"character_chosen":"THE_SILENT","items_purchased":[],"campfire_rested":2,"item_purchase_floors":[],"current_hp_per_floor":[65,57,57,57,50,50,36,59,59,59,28,26,6,3,26,0],"gold":380,"neow_bonus":"TEN_PERCENT_HP_BONUS","is_prod":false,"is_daily":false,"chose_seed":false,"campfire_upgraded":1,"win_rate":0,"timestamp":1562297641,"path_taken":["M","M","?","M","?","R","E","R","T","?","E","M","E","?","R","BOSS"],"build_version":"2019-07-01","purchased_purges":0,"victory":false,"max_hp_per_floor":[77,77,77,77,77,77,77,77,77,77,77,77,77,77,77,77],"card_choices":[{"not_picked":["Blade Dance","Heel Hook"],"picked":"Cloak And Dagger","floor":1},{"not_picked":["Tactician","Slice","Poisoned Stab"],"picked":"SKIP","floor":2},{"not_picked":["Accuracy","Endless Agony","Distraction"],"picked":"SKIP","floor":4},{"not_picked":["Poisoned Stab","Dagger Throw"],"picked":"Dash","floor":5},{"not_picked":["Poisoned Stab","Dash"],"picked":"Footwork","floor":7},{"not_picked":["Calculated Gamble","Dodge and Roll"],"picked":"Skewer","floor":11},{"not_picked":["Acrobatics","Underhanded Strike"],"picked":"Cloak And Dagger","floor":12},{"not_picked":["Doppelganger","Blade Dance"],"picked":"Cloak And Dagger","floor":13},{"not_picked":["Quick Slash","Acrobatics"],"picked":"PiercingWail","floor":15}],"player_experience":639785,"relics_obtained":[{"floor":7,"key":"Omamori"},{"floor":9,"key":"Anchor"},{"floor":11,"key":"Dream Catcher"},{"floor":13,"key":"Mummified Hand"}],"event_choices":[{"damage_healed":0,"gold_gain":0,"player_choice":"Trade","damage_taken":0,"relics_obtained":["SsserpentHead"],"max_hp_gain":0,"max_hp_loss":0,"event_name":"FaceTrader","floor":3,"gold_loss":0},{"cards_removed":["Strike_G"],"damage_healed":0,"gold_gain":0,"player_choice":"Card Removal","damage_taken":0,"max_hp_gain":0,"max_hp_loss":0,"event_name":"The Cleric","floor":10,"gold_loss":50},{"damage_healed":0,"gold_gain":0,"player_choice":"Success","damage_taken":3,"relics_obtained":["Happy Flower"],"max_hp_gain":0,"max_hp_loss":0,"event_name":"Scrap Ooze","floor":14,"gold_loss":0}],"is_beta":false,"boss_relics":[],"items_purged_floors":[],"is_endless":false,"potions_floor_spawned":[2,4,7],"killed_by":"The Guardian","ascension_level":11}