{"gold_per_floor":[117,117,20,33,33,63,63,75,75,90,105,134,134,149,149,246,246,263,278,298,79,89,117,135,235,235,235,235,235,246,264,264,366,366,381,381,152,164,177,177,177],"floor_reached":41,"playtime":6030,"items_purged":["Strike_R","Defend_R"],"score":452,"play_id":"dd4c5462-9a20-42b2-90ae-d9584cc1221b","local_time":"20181126144037","is_ascension_mode":false,"campfire_choices":[{"data":"Havoc","floor":7,"key":"SMITH"},{"data":"Armaments","floor":15,"key":"SMITH"},{"floor":27,"key":"REST"},{"floor":29,"key":"REST"},{"floor":32,"key":"DIG"},{"floor":40,"key":"REST"}],"neow_cost":"NONE","seed_source_timestamp":237136752116250,"circlet_count":0,"master_deck":["Strike_R","Strike_R","Defend_R","Defend_R","Defend_R","Bash","Demon Form","Havoc+1","Dark Shackles","Whirlwind","Headbutt","Power Through","Double Tap+1","Shrug It Off","Armaments+1","Iron Wave","Entrench","Impervious","Battle Trance","Sever Soul+1","Barricade","Heavy Blade+1","Madness","Madness","True Grit","Dark Embrace","Parasite"],"relics":["Burning Blood","Dodecahedron","Anchor","Paper Frog","Blood Vial","Runic Pyramid","PreservedInsect","Juzu Bracelet","Shovel","Kunai","Unceasing Top","Prayer Wheel","Sundial","Empty Cage"],"potions_floor_usage":[11,19,19,20,24,24,25,33,39,39,41,41],"damage_taken":[{"damage":0,"enemies":"2 Louse","floor":1,"turns":3},{"damage":1,"enemies":"Cultist","floor":4,"turns":4},{"damage":15,"enemies":"Gremlin Nob","floor":6,"turns":4},{"damage":0,"enemies":"Small Slimes","floor":8,"turns":2},{"damage":0,"enemies":"2 Fungi Beasts","floor":10,"turns":3},{"damage":0,"enemies":"Large Slime","floor":11,"turns":3},{"damage":0,"enemies":"3 Sentries","floor":12,"turns":6},{"damage":0,"enemies":"Exordium Wildlife","floor":14,"turns":5},{"damage":1,"enemies":"The Guardian","floor":16,"turns":11},{"damage":0,"enemies":"3 Byrds","floor":18,"turns":3},{"damage":15,"enemies":"2 Thieves","floor":19,"turns":4},{"damage":0,"enemies":"3 Cultists","floor":20,"turns":3},{"damage":4,"enemies":"Centurion and Healer","floor":22,"turns":7},{"damage":14,"enemies":"Book of Stabbing","floor":23,"turns":5},{"damage":1,"enemies":"Sentry and Sphere","floor":24,"turns":8},{"damage":0,"enemies":"Colosseum Slavers","floor":25,"turns":5},{"damage":42,"enemies":"Colosseum Nobs","floor":25,"turns":4},{"damage":2,"enemies":"Chosen and Byrds","floor":30,"turns":9},{"damage":0,"enemies":"3 Cultists","floor":31,"turns":7},{"damage":44,"enemies":"Collector","floor":33,"turns":11},{"damage":0,"enemies":"3 Darklings","floor":35,"turns":6},{"damage":13,"enemies":"Orb Walker","floor":38,"turns":5},{"damage":57,"enemies":"Writhing Mass","floor":39,"turns":12},{"damage":43,"enemies":"Reptomancer","floor":41,"turns":6}],"seed_played":"-1854048640792275777","potions_obtained":[{"floor":4,"key":"EssenceOfSteel"},{"floor":8,"key":"SkillPotion"},{"floor":10,"key":"BloodPotion"},{"floor":12,"key":"Block Potion"},{"floor":14,"key":"Ancient Potion"},{"floor":19,"key":"Energy Potion"},{"floor":22,"key":"Explosive Potion"},{"floor":23,"key":"Swift Potion"},{"floor":24,"key":"PowerPotion"},{"floor":30,"key":"Dexterity Potion"},{"floor":31,"key":"PowerPotion"},{"floor":38,"key":"Dexterity Potion"},{"floor":39,"key":"Explosive Potion"}],"is_trial":false,"path_per_floor":["M","?","$","M","$","E","R","M","T","M","M","E","?","M","R","B",null,"M","M","M","$","M","E","M","?","T","R","?","R","M","M","R","B",null,"M","?","$","M","M","R","E"],"character_chosen":"IRONCLAD","items_purchased":["Dark Shackles","PreservedInsect","True Grit","Dark Embrace"],"campfire_rested":3,"item_purchase_floors":[3,21,37,37],"current_hp_per_floor":[80,77,77,80,80,71,71,77,77,80,80,80,80,80,80,80,80,80,79,80,80,80,72,79,44,44,68,68,80,80,80,80,42,80,80,70,70,65,16,40,0],"gold":177,"neow_bonus":"ONE_RANDOM_RARE_CARD","is_prod":false,"is_daily":false,"chose_seed":false,"campfire_upgraded":2,"win_rate":0,"timestamp":1543221637,"path_taken":["M","?","$","M","$","E","R","M","T","M","M","E","?","?","R","BOSS","M","M","M","$","M","E","M","?","T","R","?","R","M","M","R","BOSS","M","?","$","M","M","R","E"],"build_version":"2018-11-15","purchased_purges":2,"victory":false,"max_hp_per_floor":[80,80,80,80,80,80,80,80,80,80,80,80,80,80,80,80,80,80,80,80,80,80,80,80,80,80,80,80,80,80,80,80,80,80,80,80,80,80,80,80,80],"card_choices":[{"not_picked":["Warcry","Pommel Strike"],"picked":"Havoc","floor":1},{"not_picked":["Twin Strike","Thunderclap","Wild Strike"],"picked":"SKIP","floor":4},{"not_picked":["Twin Strike","Dual Wield"],"picked":"Whirlwind","floor":6},{"not_picked":["Sword Boomerang","Fire Breathing"],"picked":"Headbutt","floor":8},{"not_picked":["Searing Blow","Corruption"],"picked":"Power Through","floor":10},{"not_picked":["Twin Strike","Burning Pact"],"picked":"Double Tap","floor":11},{"not_picked":["Perfected Strike","Sword Boomerang"],"picked":"Shrug It Off","floor":12},{"not_picked":["Rupture","Flex"],"picked":"Armaments","floor":14},{"not_picked":["Shrug It Off","Sword Boomerang"],"picked":"Iron Wave","floor":18},{"not_picked":["Anger","Disarm","Shockwave"],"picked":"SKIP","floor":19},{"not_picked":["Disarm","Rage","Rupture"],"picked":"SKIP","floor":20},{"not_picked":["Shrug It Off","Thunderclap"],"picked":"Entrench","floor":22},{"not_picked":["Body Slam+1","Entrench+1"],"picked":"Impervious","floor":23},{"not_picked":["Clothesline","Reckless Charge"],"picked":"Battle Trance","floor":24},{"not_picked":["Rampage","Seeing Red"],"picked":"Sever Soul+1","floor":25},{"not_picked":["Cleave","Carnage","Headbutt"],"picked":"SKIP","floor":30},{"not_picked":["Flex","Armaments","Blood for Blood"],"picked":"SKIP","floor":30},{"not_picked":["Dropkick","Pommel Strike","Anger"],"picked":"SKIP","floor":31},{"not_picked":["Combust","Dual Wield","Pummel"],"picked":"SKIP","floor":31},{"not_picked":["Exhume","Juggernaut"],"picked":"Barricade","floor":33},{"not_picked":["Twin Strike+1","Headbutt"],"picked":"Heavy Blade+1","floor":35},{"not_picked":["Carnage","Intimidate","Perfected Strike+1"],"picked":"SKIP","floor":35},{"not_picked":["Cleave","Intimidate+1","Thunderclap"],"picked":"SKIP","floor":38},{"not_picked":["Armaments","Corruption+1","Dropkick"],"picked":"SKIP","floor":38},{"not_picked":["Offering","Combust","Armaments"],"picked":"SKIP","floor":39},{"not_picked":["Disarm","Uppercut","Shrug It Off"],"picked":"SKIP","floor":39}],"player_experience":73022,"relics_obtained":[{"floor":6,"key":"Anchor"},{"floor":9,"key":"Paper Frog"},{"floor":12,"key":"Blood Vial"},{"floor":23,"key":"Juzu Bracelet"},{"floor":25,"key":"Shovel"},{"floor":25,"key":"Kunai"},{"floor":26,"key":"Unceasing Top"},{"floor":32,"key":"Sundial"}],"event_choices":[{"damage_healed":0,"gold_gain":0,"player_choice":"Success","damage_taken":3,"relics_obtained":["Dodecahedron"],"max_hp_gain":0,"max_hp_loss":0,"event_name":"Scrap Ooze","floor":2,"gold_loss":0},{"damage_healed":0,"gold_gain":0,"player_choice":"Forge","damage_taken":0,"max_hp_gain":0,"max_hp_loss":0,"event_name":"Accursed Blacksmith","floor":13,"gold_loss":0,"cards_upgraded":["Double Tap"]},{"damage_healed":0,"gold_gain":0,"player_choice":"Fight","damage_taken":0,"max_hp_gain":0,"max_hp_loss":0,"event_name":"Colosseum","floor":25,"gold_loss":0},{"damage_healed":0,"gold_gain":0,"player_choice":"Fought Nobs","damage_taken":0,"max_hp_gain":0,"max_hp_loss":0,"event_name":"Colosseum","floor":25,"gold_loss":0},{"damage_healed":0,"gold_gain":0,"player_choice":"Opened","damage_taken":0,"relics_obtained":["Prayer Wheel"],"max_hp_gain":0,"max_hp_loss":0,"event_name":"The Mausoleum","floor":28,"gold_loss":0},{"damage_healed":0,"gold_gain":0,"player_choice":"Embrace Madness","damage_taken":10,"max_hp_gain":0,"max_hp_loss":0,"event_name":"Winding Halls","floor":36,"gold_loss":0,"cards_obtained":["Madness","Madness"]}],"is_beta":false,"boss_relics":[{"not_picked":["Mark of Pain","Philosopher\u0027s Stone"],"picked":"Runic Pyramid"},{"not_picked":["Black Star","Runic Dome"],"picked":"Empty Cage"}],"items_purged_floors":[21,37],"is_endless":false,"potions_floor_spawned":[4,8,10,12,14,19,22,23,24,30,31,38,39],"killed_by":"Reptomancer","ascension_level":0}