{"gold_per_floor":[112,123,48,48,58,91,91,91,117,117,117,117,136,147,147,251,251,270,255,1,17,17,17,44,44,116,128,144,144,54,71,71,71],"floor_reached":33,"playtime":1478,"items_purged":["Strike_R"],"score":294,"play_id":"f1c7e5b6-1f2d-4391-9157-eaa720bec0f4","local_time":"20190107220709","is_ascension_mode":true,"campfire_choices":[{"floor":7,"key":"REST"},{"floor":10,"key":"REST"},{"data":"Armaments","floor":12,"key":"SMITH"},{"data":"Armaments","floor":15,"key":"SMITH"},{"floor":23,"key":"REST"},{"floor":29,"key":"REST"},{"floor":32,"key":"RECALL"}],"neow_cost":"PERCENT_DAMAGE","seed_source_timestamp":1426072088849336,"circlet_count":0,"master_deck":["Strike_R+1","Strike_R","Strike_R+1","Defend_R","Defend_R","Defend_R","Bash","Shrug It Off","Iron Wave+1","Ghostly Armor","Discovery","Double Tap","Evolve","Armaments+1","Armaments+1","Shrug It Off","Impervious","Flame Barrier+1","Body Slam","Feel No Pain","Burning Pact","Ghostly Armor+1","Warcry"],"relics":["Burning Blood","Dead Branch","PreservedInsect","Ornamental Fan","Mark of Pain","Mercury Hourglass","Whetstone","Matryoshka"],"potions_floor_usage":[16,33,33,33],"damage_taken":[{"damage":12,"enemies":"Jaw Worm","floor":1,"turns":2},{"damage":2,"enemies":"Cultist","floor":2,"turns":4},{"damage":1,"enemies":"2 Louse","floor":5,"turns":3},{"damage":40,"enemies":"Lagavulin","floor":6,"turns":8},{"damage":7,"enemies":"Large Slime","floor":13,"turns":7},{"damage":1,"enemies":"Looter","floor":14,"turns":4},{"damage":42,"enemies":"Hexaghost","floor":16,"turns":13},{"damage":46,"enemies":"3 Byrds","floor":18,"turns":11},{"damage":15,"enemies":"2 Thieves","floor":19,"turns":4},{"damage":25,"enemies":"3 Cultists","floor":21,"turns":7},{"damage":4,"enemies":"Slavers","floor":24,"turns":6},{"damage":24,"enemies":"Snake Plant","floor":27,"turns":6},{"damage":6,"enemies":"Sentry and Sphere","floor":28,"turns":8},{"damage":19,"enemies":"Snecko","floor":31,"turns":6},{"damage":68,"enemies":"Collector","floor":33,"turns":6}],"seed_played":"8830940087915477288","potions_obtained":[{"floor":2,"key":"LiquidBronze"},{"floor":13,"key":"Poison Potion"},{"floor":21,"key":"Block Potion"},{"floor":28,"key":"Dexterity Potion"}],"is_trial":false,"path_per_floor":["M","M","$","?","M","E","R","?","T","R","?","R","M","M","R","B",null,"M","M","$","M","?","R","E","?","T","M","M","R","?","M","R","B"],"character_chosen":"IRONCLAD","items_purchased":["Mercury Hourglass"],"campfire_rested":4,"item_purchase_floors":[20],"current_hp_per_floor":[50,54,54,54,59,25,49,37,37,61,54,54,53,58,58,22,80,40,31,31,12,12,36,38,64,64,46,46,70,70,57,57,0],"gold":71,"neow_bonus":"ONE_RARE_RELIC","is_prod":false,"is_daily":false,"chose_seed":false,"campfire_upgraded":2,"win_rate":0,"timestamp":1546916829,"path_taken":["M","M","$","?","?","E","R","?","T","R","?","R","M","M","R","BOSS","M","M","$","M","?","R","E","?","T","M","M","R","?","M","R","BOSS"],"build_version":"2019-01-03v4","purchased_purges":1,"victory":false,"max_hp_per_floor":[80,80,80,80,80,80,80,80,80,80,80,80,80,80,80,80,80,80,80,80,80,80,80,80,80,80,80,80,80,80,80,80,80],"card_choices":[{"not_picked":["True Grit","Searing Blow"],"picked":"Shrug It Off","floor":1},{"not_picked":["Cleave","True Grit"],"picked":"Iron Wave","floor":2},{"not_picked":["Fire Breathing","Power Through"],"picked":"Evolve","floor":5},{"not_picked":["Warcry","Clash"],"picked":"Armaments","floor":6},{"not_picked":["Twin Strike","Pummel"],"picked":"Armaments","floor":13},{"not_picked":["Combust","Hemokinesis"],"picked":"Shrug It Off","floor":14},{"not_picked":["Double Tap","Demon Form"],"picked":"Impervious","floor":16},{"not_picked":["True Grit+1","Wild Strike"],"picked":"Flame Barrier+1","floor":18},{"not_picked":["Heavy Blade","Disarm"],"picked":"Body Slam","floor":19},{"not_picked":["Anger+1","Wild Strike","Pommel Strike"],"picked":"SKIP","floor":21},{"not_picked":["Pommel Strike","Bludgeon"],"picked":"Feel No Pain","floor":24},{"not_picked":["Armaments","Disarm"],"picked":"Burning Pact","floor":27},{"not_picked":["Thunderclap+1","Pummel"],"picked":"Ghostly Armor+1","floor":28},{"not_picked":["Fire Breathing","Headbutt"],"picked":"Warcry","floor":31}],"player_experience":246721,"relics_obtained":[{"floor":6,"key":"PreservedInsect"},{"floor":24,"key":"Whetstone"},{"floor":26,"key":"Matryoshka"}],"event_choices":[{"damage_healed":0,"gold_gain":0,"player_choice":"3 cards matched","damage_taken":0,"max_hp_gain":0,"max_hp_loss":0,"event_name":"Match and Keep!","floor":4,"gold_loss":0,"cards_obtained":["Ghostly Armor","Discovery","Double Tap"]},{"damage_healed":0,"gold_gain":0,"player_choice":"Success","damage_taken":12,"relics_obtained":["Ornamental Fan"],"max_hp_gain":0,"max_hp_loss":0,"event_name":"Scrap Ooze","floor":8,"gold_loss":0},{"cards_removed":["Defend_R"],"damage_healed":0,"gold_gain":0,"player_choice":"Card Removal","damage_taken":7,"max_hp_gain":0,"max_hp_loss":0,"event_name":"Golden Wing","floor":11,"gold_loss":0},{"damage_healed":0,"gold_gain":0,"player_choice":"Ignored","damage_taken":0,"max_hp_gain":0,"max_hp_loss":0,"event_name":"Ghosts","floor":22,"gold_loss":0},{"damage_healed":26,"gold_gain":0,"player_choice":"Heal","damage_taken":0,"max_hp_gain":0,"max_hp_loss":0,"event_name":"The Library","floor":25,"gold_loss":0},{"cards_removed":["Strike_R"],"damage_healed":0,"gold_gain":0,"player_choice":"Upgrade and Remove","damage_taken":0,"max_hp_gain":0,"max_hp_loss":0,"event_name":"Designer","floor":30,"gold_loss":90,"cards_upgraded":["Strike_R"]}],"is_beta":false,"boss_relics":[{"not_picked":["Cursed Key","Eternal Feather"],"picked":"Mark of Pain"}],"items_purged_floors":[3],"is_endless":false,"potions_floor_spawned":[2,13,21,28,31],"killed_by":"Collector","ascension_level":2}