{"gold_per_floor":[111,111,111,121,137,165,165,15,65,76,96,114,125,50,50,154,154,172,172,72,87,103,164,164,184,184,59,59,94,94,111,111,210,210,229,245,245,265,265,265,265,282,308,322,347,347,360,373,373,373],"floor_reached":50,"playtime":4838,"items_purged":["Strike_R","Strike_R","Shame"],"score":543,"play_id":"e9c54ea7-2b2a-4e9d-a1ec-aa1d87ba566b","local_time":"20190811235444","is_ascension_mode":false,"campfire_choices":[{"floor":7.0,"key":"REST"},{"floor":15.0,"key":"RECALL"},{"floor":24.0,"key":"REST"},{"floor":28.0,"key":"REST"},{"data":"Barricade","floor":30.0,"key":"SMITH"},{"data":"Metallicize","floor":32.0,"key":"SMITH"},{"floor":40.0,"key":"REST"},{"floor":46.0,"key":"REST"},{"floor":49.0,"key":"REST"}],"neow_cost":"NONE","seed_source_timestamp":0,"circlet_count":0,"master_deck":["Strike_R+1","Strike_R+1","Defend_R","Defend_R+1","Defend_R","Defend_R+1","Bash","Cleave","Flex","Spot Weakness","Evolve","Metallicize","Demon Form","Barricade+1","Rage+1","Metallicize+1","Metallicize","Pummel","Heavy Blade","Madness","Madness","Spot Weakness+1","Normality","Entrench","Shrug It Off"],"special_seed":0,"relics":["Burning Blood","Vajra","War Paint","Pen Nib","Cursed Key","Tiny Chest","Frozen Egg 2","Boot","Fusion Hammer","Bag of Marbles","Shuriken"],"potions_floor_usage":[50,50,50,50],"damage_taken":[{"damage":0.0,"enemies":"2 Louse","floor":1.0,"turns":3.0},{"damage":0.0,"enemies":"Cultist","floor":4.0,"turns":2.0},{"damage":2.0,"enemies":"Small Slimes","floor":5.0,"turns":2.0},{"damage":42.0,"enemies":"Lagavulin","floor":6.0,"turns":6.0},{"damage":0.0,"enemies":"Exordium Thugs","floor":10.0,"turns":3.0},{"damage":1.0,"enemies":"Gremlin Gang","floor":11.0,"turns":3.0},{"damage":0.0,"enemies":"3 Louse","floor":12.0,"turns":3.0},{"damage":0.0,"enemies":"2 Fungi Beasts","floor":13.0,"turns":2.0},{"damage":50.0,"enemies":"Hexaghost","floor":16.0,"turns":10.0},{"damage":2.0,"enemies":"Chosen","floor":18.0,"turns":6.0},{"damage":3.0,"enemies":"3 Byrds","floor":21.0,"turns":7.0},{"damage":12.0,"enemies":"Centurion and Healer","floor":22.0,"turns":10.0},{"damage":46.0,"enemies":"Gremlin Leader","floor":23.0,"turns":8.0},{"damage":9.0,"enemies":"Snecko","floor":25.0,"turns":6.0},{"damage":21.0,"enemies":"Book of Stabbing","floor":29.0,"turns":8.0},{"damage":3.0,"enemies":"Cultist and Chosen","floor":31.0,"turns":8.0},{"damage":31.0,"enemies":"Collector","floor":33.0,"turns":10.0},{"damage":3.0,"enemies":"Orb Walker","floor":35.0,"turns":5.0},{"damage":10.0,"enemies":"3 Darklings","floor":36.0,"turns":6.0},{"damage":2.0,"enemies":"Writhing Mass","floor":38.0,"turns":7.0},{"damage":3.0,"enemies":"Spire Growth","floor":42.0,"turns":7.0},{"damage":20.0,"enemies":"Jaw Worm Horde","floor":44.0,"turns":6.0},{"damage":32.0,"enemies":"Giant Head","floor":45.0,"turns":8.0},{"damage":23.0,"enemies":"3 Darklings","floor":47.0,"turns":7.0},{"damage":0.0,"enemies":"Maw","floor":48.0,"turns":11.0},{"damage":90,"enemies":"Awakened One","floor":50,"turns":8}],"seed_played":"430858561176783092","potions_obtained":[{"floor":1.0,"key":"Fire Potion"},{"floor":6.0,"key":"PowerPotion"},{"floor":12.0,"key":"FearPotion"},{"floor":16.0,"key":"Block Potion"},{"floor":22.0,"key":"Dexterity Potion"},{"floor":23.0,"key":"GamblersBrew"},{"floor":29.0,"key":"Explosive Potion"},{"floor":31.0,"key":"PowerPotion"},{"floor":36.0,"key":"FearPotion"},{"floor":42.0,"key":"Weak Potion"},{"floor":47.0,"key":"EntropicBrew"}],"is_trial":false,"path_per_floor":["M","?","?","M","M","E","R","$","T","M","M","M","M","$","R","B",null,"M","?","$","M","M","E","R","M","T","$","R","E","R","M","R","B",null,"M","M","$","M","?","R","?","M","T","M","E","R","M","M","R","B"],"character_chosen":"IRONCLAD","items_purchased":["Pen Nib"],"campfire_rested":6,"item_purchase_floors":[8],"current_hp_per_floor":[80,64,64,70,74,38,62,62,62,68,73,79,80,80,80,36,80,80,80,80,80,74,34,58,55,55,55,79,64,64,67,67,42,80,80,76,76,80,70,80,77,77,77,63,37,60,43,49,72,0],"gold":373,"neow_bonus":"RANDOM_COMMON_RELIC","is_prod":false,"is_daily":false,"chose_seed":false,"campfire_upgraded":2,"win_rate":0,"timestamp":1565560484,"path_taken":["M","?","?","M","M","E","R","$","T","M","M","?","?","$","R","BOSS","M","?","$","M","M","E","R","?","T","$","R","E","R","M","R","BOSS","M","M","$","M","?","R","?","M","T","M","E","R","?","M","R","BOSS"],"build_version":"2019-01-23","purchased_purges":3,"victory":false,"max_hp_per_floor":[80,80,80,80,80,80,80,80,80,80,80,80,80,80,80,80,80,80,80,80,80,80,80,80,80,80,80,80,80,80,80,80,80,80,80,80,80,80,80,80,77,77,77,77,77,77,77,77,77,77],"card_choices":[{"not_picked":["Fire Breathing","Twin Strike"],"picked":"Cleave","floor":1.0},{"not_picked":["Anger","Rage","Cleave"],"picked":"SKIP","floor":4.0},{"not_picked":["Wild Strike","Body Slam"],"picked":"Spot Weakness","floor":5.0},{"not_picked":["Iron Wave","Spot Weakness"],"picked":"Evolve","floor":6.0},{"not_picked":["Clothesline","Bloodletting"],"picked":"Metallicize","floor":10.0},{"not_picked":["Shockwave","Armaments"],"picked":"Demon Form","floor":11.0},{"not_picked":["Battle Trance","Cleave","Uppercut"],"picked":"SKIP","floor":12.0},{"not_picked":["Disarm","Battle Trance","Body Slam"],"picked":"SKIP","floor":13.0},{"not_picked":["Impervious","Juggernaut"],"picked":"Barricade","floor":16.0},{"not_picked":["Pommel Strike","Clothesline"],"picked":"Rage+1","floor":18.0},{"not_picked":["Shrug It Off","Hemokinesis"],"picked":"Metallicize","floor":21.0},{"not_picked":["Clothesline+1","Twin Strike+1"],"picked":"Pummel","floor":22.0},{"not_picked":["Cleave","Bludgeon","Blood for Blood"],"picked":"SKIP","floor":23.0},{"not_picked":["Warcry","Seeing Red+1","Cleave+1"],"picked":"SKIP","floor":25.0},{"not_picked":["Warcry","Hemokinesis","Body Slam"],"picked":"SKIP","floor":29.0},{"not_picked":["Shockwave+1","Anger"],"picked":"Heavy Blade","floor":31.0},{"not_picked":["Thunderclap","Bloodletting+1","Flex"],"picked":"SKIP","floor":35.0},{"not_picked":["True Grit","Feel No Pain+1","Seeing Red"],"picked":"SKIP","floor":36.0},{"not_picked":["Sword Boomerang","Pommel Strike","Clash"],"picked":"SKIP","floor":38.0},{"not_picked":["Intimidate","Cleave+1"],"picked":"Spot Weakness+1","floor":42.0},{"not_picked":["Second Wind+1","Anger+1"],"picked":"Entrench","floor":44.0},{"not_picked":["Corruption+1","Reaper"],"picked":"Shrug It Off","floor":45.0},{"not_picked":["Searing Blow","Headbutt+1","Anger+1"],"picked":"SKIP","floor":47.0},{"not_picked":["Intimidate+1","True Grit+1","Infernal Blade"],"picked":"SKIP","floor":48.0}],"player_experience":175746,"relics_obtained":[{"floor":6.0,"key":"War Paint"},{"floor":23.0,"key":"Tiny Chest"},{"floor":26.0,"key":"Frozen Egg 2"},{"floor":29.0,"key":"Boot"},{"floor":43.0,"key":"Bag of Marbles"},{"floor":45.0,"key":"Shuriken"}],"event_choices":[{"damage_healed":0.0,"max_hp_gain":0.0,"max_hp_loss":0.0,"gold_gain":0.0,"event_name":"Shining Light","player_choice":"Entered Light","floor":2.0,"gold_loss":0.0,"damage_taken":16.0,"cards_upgraded":["Strike_R","Strike_R"]},{"damage_healed":0.0,"max_hp_gain":0.0,"max_hp_loss":0.0,"gold_gain":0.0,"cards_transformed":["Strike_R"],"event_name":"Transmorgrifier","player_choice":"Transformed","floor":3.0,"gold_loss":0.0,"damage_taken":0.0,"cards_obtained":["Flex"]},{"damage_healed":0.0,"max_hp_gain":0.0,"max_hp_loss":0.0,"gold_gain":0.0,"event_name":"Duplicator","player_choice":"Copied","floor":19.0,"gold_loss":0.0,"damage_taken":0.0,"cards_obtained":["Metallicize"]},{"damage_healed":0.0,"max_hp_gain":0.0,"max_hp_loss":0.0,"gold_gain":0.0,"event_name":"Winding Halls","player_choice":"Embrace Madness","floor":39.0,"gold_loss":0.0,"damage_taken":10.0,"cards_obtained":["Madness","Madness"]},{"cards_removed":["Parasite"],"damage_healed":0.0,"max_hp_gain":0.0,"max_hp_loss":0.0,"gold_gain":0.0,"event_name":"Purifier","player_choice":"Purged","floor":41.0,"gold_loss":0.0,"damage_taken":0.0}],"is_beta":false,"boss_relics":[{"not_picked":["Busted Crown","Astrolabe"],"picked":"Cursed Key"},{"not_picked":["White Beast Statue","Black Star"],"picked":"Fusion Hammer"}],"items_purged_floors":[14,20,27],"is_endless":false,"potions_floor_spawned":[1,6,12,16,22,23,29,31,36,42,47],"killed_by":"Awakened One","ascension_level":0}