{"gold_per_floor":[112,112,130,141,159,159,176,176,226,12,27,45,65,92,92,193,193,208,223,223,72,84,116,31,64,91,117,117,149,162,179,179,283,283,297,313,10,27,38,38,52,84,84,94,94,0,20,51,51,51,51,51,1,29,29],"floor_reached":55,"playtime":3059,"items_purged":[],"score":1002,"play_id":"e4b726c5-2c03-46bd-b982-70651a19efab","local_time":"20190726100314","is_ascension_mode":true,"campfire_choices":[{"data":"Perfected Strike","floor":6,"key":"SMITH"},{"data":"Wild Strike","floor":8,"key":"SMITH"},{"data":"Flame Barrier","floor":15,"key":"SMITH"},{"data":"Bludgeon","floor":28,"key":"SMITH"},{"data":"Double Tap","floor":32,"key":"SMITH"},{"data":"Fiend Fire","floor":40,"key":"SMITH"},{"floor":45,"key":"RECALL"},{"floor":49,"key":"REST"},{"data":"Heavy Blade","floor":52,"key":"SMITH"}],"neow_cost":"TEN_PERCENT_HP_LOSS","seed_source_timestamp":245916752541056,"circlet_count":0,"master_deck":["Strike_R","Strike_R+1","Strike_R","Strike_R","Strike_R+1","Defend_R+1","Bash+1","Wild Strike+1","Perfected Strike+1","Shrug It Off","Metallicize","Carnage","Clothesline","Havoc+1","Heavy Blade+1","Perfected Strike","Flame Barrier+1","Reaper","Heavy Blade+1","Juggernaut","Perfected Strike+1","Flame Barrier+1","Heavy Blade+1","Bludgeon+1","Double Tap+1","Corruption","Fiend Fire+1","Impervious","Perfected Strike+1","Heavy Blade+1","Perfected Strike+1"],"relics":["Burning Blood","Whetstone","Brimstone","Paper Frog","Snecko Eye","Orichalcum","Bag of Marbles","Vajra","Happy Flower","Anchor","Regal Pillow","Self Forming Clay","Black Star","War Paint","Potion Belt","Bottled Flame","Bronze Scales","Red Mask","Dream Catcher","Juzu Bracelet","Turnip","Red Skull"],"potions_floor_usage":[7,13,16,18,27,29,31,33,35,44,55,55,55,55,55],"damage_taken":[{"damage":2,"enemies":"Jaw Worm","floor":1,"turns":3},{"damage":0,"enemies":"Cultist","floor":3,"turns":2},{"damage":0,"enemies":"Small Slimes","floor":4,"turns":2},{"damage":2,"enemies":"2 Fungi Beasts","floor":5,"turns":4},{"damage":11,"enemies":"Looter","floor":7,"turns":2},{"damage":2,"enemies":"Blue Slaver","floor":11,"turns":2},{"damage":12,"enemies":"Exordium Thugs","floor":12,"turns":2},{"damage":0,"enemies":"Looter","floor":13,"turns":1},{"damage":7,"enemies":"Gremlin Nob","floor":14,"turns":3},{"damage":33,"enemies":"The Guardian","floor":16,"turns":6},{"damage":21,"enemies":"3 Byrds","floor":18,"turns":3},{"damage":0,"enemies":"Chosen","floor":19,"turns":2},{"damage":17,"enemies":"Shelled Parasite and Fungi","floor":22,"turns":3},{"damage":14,"enemies":"Book of Stabbing","floor":23,"turns":3},{"damage":0,"enemies":"Slavers","floor":25,"turns":2},{"damage":0,"enemies":"Book of Stabbing","floor":27,"turns":2},{"damage":0,"enemies":"Slavers","floor":29,"turns":3},{"damage":0,"enemies":"Cultist and Chosen","floor":30,"turns":2},{"damage":0,"enemies":"Chosen and Byrds","floor":31,"turns":2},{"damage":30,"enemies":"Automaton","floor":33,"turns":4},{"damage":6,"enemies":"3 Shapes","floor":35,"turns":3},{"damage":0,"enemies":"3 Darklings","floor":36,"turns":2},{"damage":0,"enemies":"Maw","floor":38,"turns":4},{"damage":0,"enemies":"Jaw Worm Horde","floor":39,"turns":2},{"damage":0,"enemies":"Transient","floor":41,"turns":5},{"damage":0,"enemies":"Reptomancer","floor":42,"turns":2},{"damage":0,"enemies":"Writhing Mass","floor":44,"turns":2},{"damage":0,"enemies":"Maw","floor":47,"turns":2},{"damage":26,"enemies":"Giant Head","floor":48,"turns":6},{"damage":34,"enemies":"Time Eater","floor":50,"turns":5},{"damage":38,"enemies":"Shield and Spear","floor":54,"turns":3},{"damage":41,"enemies":"The Heart","floor":55,"turns":3}],"seed_played":"8261811778261124603","potions_obtained":[{"floor":1,"key":"Poison Potion"},{"floor":5,"key":"PowerPotion"},{"floor":7,"key":"FearPotion"},{"floor":11,"key":"Dexterity Potion"},{"floor":16,"key":"Explosive Potion"},{"floor":22,"key":"Fire Potion"},{"floor":25,"key":"Weak Potion"},{"floor":27,"key":"Explosive Potion"},{"floor":29,"key":"SkillPotion"},{"floor":31,"key":"FearPotion"},{"floor":36,"key":"Strength Potion"},{"floor":42,"key":"PowerPotion"},{"floor":44,"key":"Fire Potion"},{"floor":54,"key":"Block Potion"}],"is_trial":false,"path_per_floor":["M","?","M","M","M","R","M","R","T","$","M","M","M","E","R","B",null,"M","M","?","$","M","E","?","E","T","E","R","E","M","M","R","B",null,"M","M","$","M","M","R","M","E","T","M","R","?","M","E","R","B",null,"R","$","E","B"],"character_chosen":"IRONCLAD","items_purchased":["Brimstone","Clothesline","Orichalcum","War Paint","Potion Belt","FearPotion"],"campfire_rested":1,"item_purchase_floors":[10,10,21,37,37,53],"current_hp_per_floor":[72,72,72,72,72,72,67,67,67,67,71,65,71,70,70,43,72,57,63,63,63,52,44,44,50,50,63,63,69,72,72,72,48,72,72,72,72,72,72,72,72,72,72,72,72,72,72,52,72,44,72,72,72,40,0],"gold":29,"neow_bonus":"REMOVE_TWO","is_prod":false,"is_daily":false,"chose_seed":false,"campfire_upgraded":7,"win_rate":0,"timestamp":1564153394,"path_taken":["M","?","M","?","M","R","M","R","T","$","M","M","M","E","R","BOSS","M","M","?","?","M","E","?","E","T","E","R","E","M","M","R","BOSS","M","M","$","M","M","R","M","E","T","M","R","?","M","E","R","BOSS","R","$","E","BOSS"],"build_version":"2019-07-17","purchased_purges":0,"victory":false,"max_hp_per_floor":[72,72,72,72,72,72,72,72,72,72,72,72,72,72,72,72,72,72,72,72,72,72,72,72,72,72,72,72,72,72,72,72,72,72,72,72,72,72,72,72,72,72,72,72,72,72,72,72,72,72,72,72,72,72,72],"card_choices":[{"not_picked":["Reckless Charge","Seeing Red"],"picked":"Wild Strike","floor":1},{"not_picked":["Corruption","Combust"],"picked":"Perfected Strike","floor":3},{"not_picked":["Sentinel","Burning Pact"],"picked":"Shrug It Off","floor":4},{"not_picked":["Disarm","Perfected Strike"],"picked":"Metallicize","floor":5},{"not_picked":["Impervious","Combust"],"picked":"Carnage","floor":7},{"not_picked":["Body Slam","Feel No Pain"],"picked":"Havoc","floor":11},{"not_picked":["Feel No Pain","True Grit"],"picked":"Heavy Blade","floor":12},{"not_picked":["Searing Blow","Iron Wave"],"picked":"Perfected Strike","floor":13},{"not_picked":["Second Wind","Wild Strike"],"picked":"Flame Barrier","floor":14},{"not_picked":["Berserk","Impervious"],"picked":"Reaper","floor":16},{"not_picked":["Evolve+1","Dropkick","Reckless Charge"],"picked":"SKIP","floor":18},{"not_picked":["Second Wind","Power Through+1"],"picked":"Heavy Blade+1","floor":19},{"not_picked":["Twin Strike+1","Headbutt"],"picked":"Perfected Strike+1","floor":22},{"not_picked":["Pommel Strike","Wild Strike"],"picked":"Flame Barrier+1","floor":23},{"not_picked":["Spot Weakness","Pommel Strike"],"picked":"Heavy Blade+1","floor":25},{"not_picked":["Blood for Blood","Rupture+1"],"picked":"Bludgeon","floor":27},{"not_picked":["Disarm","Clash+1"],"picked":"Double Tap","floor":29},{"not_picked":["Anger","Metallicize","Bloodletting"],"picked":"SKIP","floor":30},{"not_picked":["Hemokinesis","Spot Weakness"],"picked":"Corruption","floor":31},{"not_picked":["Berserk","Double Tap"],"picked":"Fiend Fire","floor":33},{"not_picked":["Pommel Strike","Shrug It Off","True Grit+1"],"picked":"SKIP","floor":35},{"not_picked":["Body Slam+1","Evolve+1","Seeing Red"],"picked":"SKIP","floor":36},{"not_picked":["Clash","Evolve+1"],"picked":"Impervious","floor":38},{"not_picked":["Body Slam+1","Anger+1","Flex"],"picked":"SKIP","floor":39},{"not_picked":["Flex+1","Dropkick+1","Seeing Red"],"picked":"SKIP","floor":41},{"not_picked":["Thunderclap","Anger+1"],"picked":"Perfected Strike+1","floor":42},{"not_picked":["Flex","Thunderclap","Fire Breathing+1"],"picked":"SKIP","floor":44},{"not_picked":["Pommel Strike","Ghostly Armor","Fire Breathing+1"],"picked":"SKIP","floor":47},{"not_picked":["Headbutt+1","Iron Wave"],"picked":"Heavy Blade+1","floor":48},{"not_picked":["Warcry","Reaper"],"picked":"Perfected Strike+1","floor":49},{"not_picked":["Pommel Strike","Cleave+1","Iron Wave"],"picked":"SKIP","floor":54}],"player_experience":102596,"relics_obtained":[{"floor":9,"key":"Whetstone"},{"floor":14,"key":"Paper Frog"},{"floor":23,"key":"Bag of Marbles"},{"floor":25,"key":"Happy Flower"},{"floor":26,"key":"Anchor"},{"floor":27,"key":"Regal Pillow"},{"floor":29,"key":"Self Forming Clay"},{"floor":42,"key":"Bottled Flame"},{"floor":42,"key":"Bronze Scales"},{"floor":48,"key":"Dream Catcher"},{"floor":48,"key":"Juzu Bracelet"},{"floor":54,"key":"Turnip"},{"floor":54,"key":"Red Skull"}],"event_choices":[{"damage_healed":0,"gold_gain":0,"player_choice":"Upgraded","damage_taken":0,"max_hp_gain":0,"max_hp_loss":0,"event_name":"Upgrade Shrine","floor":2,"gold_loss":0,"cards_upgraded":["Bash"]},{"damage_healed":0,"gold_gain":0,"cards_transformed":["Defend_R"],"player_choice":"Transformed","damage_taken":0,"max_hp_gain":0,"max_hp_loss":0,"event_name":"Transmorgrifier","floor":20,"gold_loss":0,"cards_obtained":["Juggernaut"]},{"damage_healed":0,"gold_gain":0,"player_choice":"Obtained Relic","damage_taken":0,"relics_obtained":["Vajra"],"max_hp_gain":0,"max_hp_loss":0,"event_name":"Addict","floor":24,"gold_loss":85},{"damage_healed":0,"gold_gain":0,"player_choice":"Paid","damage_taken":0,"relics_obtained":["Red Mask"],"max_hp_gain":0,"max_hp_loss":0,"event_name":"Tomb of Lord Red Mask","floor":46,"gold_loss":94}],"is_beta":false,"boss_relics":[{"not_picked":["Coffee Dripper","Runic Dome"],"picked":"Snecko Eye"},{"not_picked":["Orrery","Astrolabe"],"picked":"Black Star"}],"items_purged_floors":[],"is_endless":false,"potions_floor_spawned":[1,5,7,11,12,16,22,25,27,29,31,36,42,44,54],"killed_by":"The Heart","ascension_level":2}