{"gold_per_floor":[15,35,45,97,116,136,136,154,154,154,188,188,202,255,255,255],"floor_reached":16,"playtime":941,"items_purged":[],"score":104,"play_id":"220d8271-973b-41b2-9440-0724310a9f69","local_time":"20190118143722","is_ascension_mode":false,"campfire_choices":[{"floor":7,"key":"REST"},{"floor":10,"key":"REST"},{"floor":15,"key":"REST"}],"neow_cost":"NO_GOLD","seed_source_timestamp":584179522857119,"circlet_count":0,"master_deck":["Defend_G","Defend_G","Defend_G","Defend_G","Defend_G","Strike_G","Strike_G","Strike_G","Strike_G","Survivor","Neutralize","Storm of Steel","Blade Dance","Dagger Spray","Acrobatics","Accuracy","Backstab","Blade Dance","Backflip"],"relics":["Ring of the Snake","Bag of Preparation","Turnip"],"potions_floor_usage":[11,16],"damage_taken":[{"damage":0,"enemies":"Cultist","floor":1,"turns":3},{"damage":11,"enemies":"Jaw Worm","floor":2,"turns":4},{"damage":5,"enemies":"Small Slimes","floor":3,"turns":4},{"damage":0,"enemies":"2 Fungi Beasts","floor":5,"turns":3},{"damage":13,"enemies":"3 Louse","floor":6,"turns":3},{"damage":29,"enemies":"Exordium Thugs","floor":8,"turns":6},{"damage":31,"enemies":"3 Sentries","floor":11,"turns":7},{"damage":0,"enemies":"2 Fungi Beasts","floor":13,"turns":2},{"damage":60,"enemies":"The Guardian","floor":16,"turns":15}],"seed_played":"4045677771453858054","potions_obtained":[{"floor":2,"key":"FearPotion"},{"floor":6,"key":"Regen Potion"},{"floor":11,"key":"EssenceOfSteel"}],"is_trial":false,"path_per_floor":["M","M","M","T","M","M","R","M","T","R","E","?","M","?","R","B"],"character_chosen":"THE_SILENT","items_purchased":[],"campfire_rested":3,"item_purchase_floors":[],"current_hp_per_floor":[70,59,54,54,54,41,62,33,33,54,38,38,38,38,59,0],"gold":255,"neow_bonus":"THREE_RARE_CARDS","is_prod":false,"is_daily":false,"chose_seed":false,"campfire_upgraded":0,"win_rate":0,"timestamp":1547800642,"path_taken":["M","?","M","?","M","M","R","?","T","R","E","?","M","?","R","BOSS"],"build_version":"2019-01-17","purchased_purges":0,"victory":false,"max_hp_per_floor":[70,70,70,70,70,70,70,70,70,70,70,70,70,70,70,70],"card_choices":[{"not_picked":["Doppelganger","Unload"],"picked":"Storm of Steel","floor":0},{"not_picked":["Backflip","Blur"],"picked":"Blade Dance","floor":1},{"not_picked":["Well Laid Plans","Caltrops"],"picked":"Dagger Spray","floor":2},{"not_picked":["Prepared","Outmaneuver"],"picked":"Acrobatics","floor":3},{"not_picked":["Catalyst","Slice","Deadly Poison"],"picked":"SKIP","floor":5},{"not_picked":["Doppelganger","Dagger Throw"],"picked":"Accuracy","floor":6},{"not_picked":["Heel Hook","Riddle With Holes"],"picked":"Backstab","floor":8},{"not_picked":["Distraction","Riddle With Holes","Setup"],"picked":"SKIP","floor":11},{"not_picked":["Poisoned Stab","Prepared"],"picked":"Backflip","floor":13}],"player_experience":577421,"relics_obtained":[{"floor":4,"key":"Bag of Preparation"},{"floor":11,"key":"Turnip"}],"event_choices":[{"damage_healed":0,"gold_gain":0,"cards_transformed":["Strike_G"],"player_choice":"Change","damage_taken":0,"max_hp_gain":0,"max_hp_loss":0,"event_name":"Living Wall","floor":12,"gold_loss":0,"cards_obtained":["Blade Dance"]},{"damage_healed":0,"gold_gain":53,"player_choice":"Gained Gold","damage_taken":0,"max_hp_gain":0,"max_hp_loss":0,"event_name":"Golden Wing","floor":14,"gold_loss":0}],"is_beta":false,"boss_relics":[],"items_purged_floors":[],"is_endless":false,"potions_floor_spawned":[2,6,11],"killed_by":"The Guardian","ascension_level":0}