{"gold_per_floor":[110,110,110,127,143,172,172,200,200,218,236,236],"floor_reached":12,"playtime":359,"items_purged":[],"score":144,"play_id":"2a71774b-7e1c-4c10-9f20-e90591d453e5","local_time":"20190706090032","is_ascension_mode":true,"campfire_choices":[{"data":"Fiend Fire","floor":7,"key":"SMITH"}],"neow_cost":"NONE","seed_source_timestamp":355348259446661,"circlet_count":0,"master_deck":["AscendersBane","Strike_R","Strike_R","Strike_R","Strike_R","Strike_R","Defend_R","Defend_R","Defend_R","Defend_R","Bash","Fiend Fire+1","Combust","Barricade","Havoc","Anger","Clothesline","Feel No Pain"],"relics":["Burning Blood","Nunchaku","Singing Bowl","Pantograph","Turnip","Calipers"],"potions_floor_usage":[],"damage_taken":[{"damage":1,"enemies":"Cultist","floor":1,"turns":3},{"damage":4,"enemies":"2 Louse","floor":4,"turns":3},{"damage":12,"enemies":"Jaw Worm","floor":5,"turns":3},{"damage":30,"enemies":"3 Sentries","floor":6,"turns":5},{"damage":30,"enemies":"Lagavulin","floor":8,"turns":7},{"damage":14,"enemies":"Blue Slaver","floor":10,"turns":4},{"damage":15,"enemies":"3 Louse","floor":11,"turns":5},{"damage":10,"enemies":"Large Slime","floor":12,"turns":3}],"seed_played":"-2368621134839400095","potions_obtained":[{"floor":1,"key":"LiquidBronze"}],"is_trial":false,"path_per_floor":["M","T","?","M","M","E","R","E","T","M","M","M"],"character_chosen":"IRONCLAD","items_purchased":[],"campfire_rested":0,"item_purchase_floors":[],"current_hp_per_floor":[77,77,77,79,73,49,49,25,25,19,10,0],"gold":236,"neow_bonus":"ONE_RANDOM_RARE_CARD","is_prod":false,"is_daily":false,"chose_seed":false,"campfire_upgraded":1,"win_rate":0,"timestamp":1562418032,"path_taken":["M","?","?","?","?","E","R","E","T","?","M","M"],"build_version":"2019-07-05","purchased_purges":0,"victory":false,"max_hp_per_floor":[80,80,80,80,80,80,80,80,80,82,82,82],"card_choices":[{"not_picked":["Warcry","Heavy Blade"],"picked":"Combust","floor":1},{"not_picked":["Headbutt","Bloodletting"],"picked":"Barricade","floor":4},{"not_picked":["Cleave","Heavy Blade"],"picked":"Havoc","floor":5},{"not_picked":["Armaments","Impervious"],"picked":"Anger","floor":6},{"not_picked":["Heavy Blade","Clash"],"picked":"Clothesline","floor":8},{"not_picked":["Reckless Charge","Blood for Blood","Corruption"],"picked":"Singing Bowl","floor":10},{"not_picked":["Headbutt","Wild Strike"],"picked":"Feel No Pain","floor":11}],"player_experience":658600,"relics_obtained":[{"floor":2,"key":"Nunchaku"},{"floor":6,"key":"Pantograph"},{"floor":8,"key":"Turnip"},{"floor":9,"key":"Calipers"}],"event_choices":[{"damage_healed":0,"gold_gain":0,"player_choice":"Gave Potion","damage_taken":0,"relics_obtained":["Singing Bowl"],"max_hp_gain":0,"max_hp_loss":0,"event_name":"WeMeetAgain","floor":3,"gold_loss":0}],"is_beta":false,"boss_relics":[],"items_purged_floors":[],"is_endless":false,"potions_floor_spawned":[1],"killed_by":"Large Slime","ascension_level":12}