{"gold_per_floor":[110,30,30,46,96,129,129,149,172,204,204,216,231,258,258,335,335,348,361,341,351,370,370,401,412,412,441,491,491,525,542,542,620,620,633,362,373,393,409,409,425,459,482,482,492,508,508,608,608,608],"floor_reached":51,"playtime":2225,"items_purged":["Strike_G"],"score":1618,"play_id":"44b47e6a-cca5-422c-be13-c7c9bc38e01a","local_time":"20190817132942","is_ascension_mode":true,"campfire_choices":[{"data":"Crippling Poison","floor":7.0,"key":"SMITH"},{"data":"Neutralize","floor":15.0,"key":"SMITH"},{"floor":23.0,"key":"REST"},{"floor":29.0,"key":"REST"},{"floor":32.0,"key":"REST"},{"floor":40,"key":"REST"},{"floor":44,"key":"REST"},{"floor":49,"key":"REST"}],"neow_cost":"NONE","seed_source_timestamp":308317617975747,"circlet_count":0,"master_deck":["AscendersBane","Strike_G","Strike_G","Strike_G","Strike_G","Defend_G","Defend_G","Defend_G","Defend_G","Defend_G","Survivor","Neutralize+1","Choke","Dagger Throw","Crippling Poison+1","Poisoned Stab+1","Quick Slash+1","Dagger Spray+1","PiercingWail","Caltrops","Glass Knife+1","Concentrate","Catalyst","Catalyst","Deadly Poison+1","Corpse Explosion","Caltrops+1","Wraith Form v2+1","Catalyst+1","Noxious Fumes+1","Glass Knife+1","PiercingWail+1","Leg Sweep+1","Blur+1","Burst+1","PiercingWail+1","Calculated Gamble+1","Footwork+1","Dodge and Roll+1"],"special_seed":0,"relics":["Ring of the Snake","NeowsBlessing","PreservedInsect","Molten Egg 2","Smiling Mask","Prayer Wheel","Singing Bowl","Lantern","Runic Pyramid","Calipers","Frozen Egg 2","Dream Catcher","Toxic Egg 2","Velvet Choker","Orichalcum","Centennial Puzzle","Ice Cream"],"potions_floor_usage":[42,50,50],"damage_taken":[{"damage":0.0,"enemies":"Cultist","floor":1.0,"turns":1.0},{"damage":0.0,"enemies":"Jaw Worm","floor":4.0,"turns":1.0},{"damage":0.0,"enemies":"Lagavulin","floor":6.0,"turns":1.0},{"damage":1.0,"enemies":"2 Louse","floor":8.0,"turns":2.0},{"damage":6.0,"enemies":"Gremlin Nob","floor":10.0,"turns":3.0},{"damage":6.0,"enemies":"Red Slaver","floor":12.0,"turns":4.0},{"damage":2.0,"enemies":"Exordium Wildlife","floor":13.0,"turns":2.0},{"damage":15.0,"enemies":"3 Sentries","floor":14.0,"turns":6.0},{"damage":16.0,"enemies":"The Guardian","floor":16.0,"turns":11.0},{"damage":9.0,"enemies":"Chosen","floor":18.0,"turns":4.0},{"damage":11.0,"enemies":"Shell Parasite","floor":19.0,"turns":6.0},{"damage":12.0,"enemies":"3 Cultists","floor":21.0,"turns":5.0},{"damage":4.0,"enemies":"Snecko","floor":22.0,"turns":5.0},{"damage":19.0,"enemies":"Gremlin Leader","floor":24.0,"turns":5.0},{"damage":5.0,"enemies":"Snake Plant","floor":25.0,"turns":4.0},{"damage":24.0,"enemies":"Slavers","floor":27.0,"turns":4.0},{"damage":0.0,"enemies":"Gremlin Leader","floor":30.0,"turns":4.0},{"damage":6.0,"enemies":"Centurion and Healer","floor":31.0,"turns":3.0},{"damage":56.0,"enemies":"Collector","floor":33.0,"turns":12.0},{"damage":9.0,"enemies":"Orb Walker","floor":35.0,"turns":3.0},{"damage":11.0,"enemies":"3 Shapes","floor":37.0,"turns":3.0},{"damage":17,"enemies":"Writhing Mass","floor":38,"turns":3},{"damage":2,"enemies":"Maw","floor":39,"turns":5},{"damage":0,"enemies":"4 Shapes","floor":41,"turns":4},{"damage":44,"enemies":"Giant Head","floor":42,"turns":7},{"damage":6,"enemies":"Jaw Worm Horde","floor":45,"turns":2},{"damage":1,"enemies":"3 Darklings","floor":46,"turns":2},{"damage":0,"enemies":"Mind Bloom Boss Battle","floor":48,"turns":6},{"damage":59,"enemies":"Donu and Deca","floor":50,"turns":8}],"seed_played":"-3265366106016051342","potions_obtained":[{"floor":1.0,"key":"PowerPotion"},{"floor":8.0,"key":"SpeedPotion"},{"floor":10.0,"key":"AttackPotion"},{"floor":13.0,"key":"LiquidBronze"},{"floor":18.0,"key":"Fire Potion"},{"floor":19.0,"key":"PowerPotion"},{"floor":20.0,"key":"LiquidBronze"},{"floor":24.0,"key":"Swift Potion"},{"floor":33.0,"key":"Block Potion"},{"floor":37.0,"key":"Dexterity Potion"},{"floor":45,"key":"Regen Potion"}],"is_trial":false,"path_per_floor":["M","$","?","M","?","E","R","M","T","E","T","M","M","E","R","B",null,"M","M","?","M","M","R","E","M","T","E","?","R","E","M","R","B",null,"M","$","M","M","M","R","M","E","T","R","M","M","?","?","R","B",null],"character_chosen":"THE_SILENT","items_purchased":["Choke","Noxious Fumes+1","Glass Knife+1","PiercingWail+1"],"campfire_rested":6,"item_purchase_floors":[2,36,36,36],"current_hp_per_floor":[59,59,59,59,59,59,59,58,58,52,52,48,48,33,33,17,57,50,41,41,31,31,55,36,33,33,9,9,35,37,33,61,5,69,62,62,55,40,40,70,72,30,30,61,55,58,58,60,95,51],"gold":608,"neow_bonus":"THREE_ENEMY_KILL","is_prod":false,"is_daily":false,"chose_seed":false,"campfire_upgraded":2,"win_rate":0,"timestamp":1566066582,"path_taken":["M","?","?","?","?","E","R","?","T","E","?","M","M","E","R","BOSS","M","M","?","M","M","R","E","?","T","E","?","R","E","M","R","BOSS","M","$","M","?","?","R","M","E","T","R","M","M","?","?","R","BOSS"],"build_version":"2019-07-17","purchased_purges":1,"victory":true,"max_hp_per_floor":[66,66,66,66,66,66,66,66,66,66,66,68,70,70,70,70,70,72,74,74,76,80,80,80,82,82,82,82,84,86,88,90,90,90,92,92,96,98,100,100,102,104,104,104,104,108,108,110,112,112],"card_choices":[{"not_picked":["Heel Hook","Slice","Eviscerate"],"picked":"SKIP","floor":1.0},{"not_picked":["Bane","Dodge and Roll"],"picked":"Dagger Throw","floor":4.0},{"not_picked":["Prepared","Masterful Stab"],"picked":"Crippling Poison","floor":6.0},{"not_picked":["Heel Hook+1","Outmaneuver"],"picked":"Poisoned Stab+1","floor":8.0},{"not_picked":["Slice+1","Sucker Punch+1"],"picked":"Quick Slash+1","floor":10.0},{"not_picked":["Outmaneuver","Acrobatics"],"picked":"Dagger Spray+1","floor":12.0},{"not_picked":["All Out Attack+1","Heel Hook+1","Flying Knee+1"],"picked":"Singing Bowl","floor":12.0},{"not_picked":["Slice+1","Dagger Spray+1"],"picked":"PiercingWail","floor":13.0},{"not_picked":["Dagger Spray+1","Crippling Poison","Dash+1"],"picked":"Singing Bowl","floor":13.0},{"not_picked":["Dagger Throw+1","Setup"],"picked":"Caltrops","floor":14.0},{"not_picked":["Bullet Time","Tools of the Trade"],"picked":"Glass Knife+1","floor":16.0},{"not_picked":["Cloak And Dagger+1","Finisher+1"],"picked":"Footwork","floor":18.0},{"not_picked":["Slice+1","Distraction","Blade Dance"],"picked":"Singing Bowl","floor":18.0},{"not_picked":["Bouncing Flask","Dagger Throw+1","Deadly Poison"],"picked":"Singing Bowl","floor":19.0},{"not_picked":["Flying Knee+1","Deadly Poison"],"picked":"Concentrate","floor":19.0},{"not_picked":["Dagger Throw+1","Deadly Poison"],"picked":"Catalyst","floor":21.0},{"not_picked":["Venomology","Expertise+1","Dagger Spray+1"],"picked":"Singing Bowl","floor":21.0},{"not_picked":["All Out Attack+1","Acrobatics","Eviscerate+1"],"picked":"Singing Bowl","floor":22.0},{"not_picked":["Deflect","Blade Dance","Dagger Throw+1"],"picked":"Singing Bowl","floor":22.0},{"not_picked":["Escape Plan","Cloak And Dagger"],"picked":"Catalyst","floor":24.0},{"not_picked":["Slice+1","Bane+1"],"picked":"Deadly Poison+1","floor":25.0},{"not_picked":["Outmaneuver","Setup","Storm of Steel"],"picked":"Singing Bowl","floor":25.0},{"not_picked":["Deadly Poison+1","Slice+1"],"picked":"Corpse Explosion","floor":27.0},{"not_picked":["Blade Dance+1","Underhanded Strike+1","Caltrops+1"],"picked":"Singing Bowl","floor":29.0},{"not_picked":["Cloak And Dagger","Expertise","Backstab+1"],"picked":"Singing Bowl","floor":30.0},{"not_picked":["Flying Knee+1","Poisoned Stab+1","Backstab+1"],"picked":"Singing Bowl","floor":31.0},{"not_picked":["Sucker Punch+1","Bane+1"],"picked":"Caltrops+1","floor":31.0},{"not_picked":["Cloak And Dagger+1","Underhanded Strike+1","Flying Knee+1"],"picked":"Singing Bowl","floor":32.0},{"not_picked":["After Image+1","Storm of Steel+1"],"picked":"Wraith Form v2+1","floor":33.0},{"not_picked":["Quick Slash+1","Cloak And Dagger+1","Flying Knee+1"],"picked":"Singing Bowl","floor":35.0},{"not_picked":["Dagger Throw+1","Blade Dance+1"],"picked":"Catalyst+1","floor":35.0},{"not_picked":["Flechettes+1","Prepared+1","Dagger Throw+1"],"picked":"Singing Bowl","floor":37.0},{"not_picked":["Finisher+1","Underhanded Strike+1","Backflip+1"],"picked":"Singing Bowl","floor":37.0},{"not_picked":["Expertise+1","All Out Attack+1","Dagger Throw+1"],"picked":"Singing Bowl","floor":38},{"not_picked":["Dodge and Roll+1","Flying Knee+1"],"picked":"Leg Sweep+1","floor":38},{"not_picked":["Heel Hook+1","Blade Dance+1","Skewer+1"],"picked":"Singing Bowl","floor":39},{"not_picked":["Slice+1","Terror+1"],"picked":"Blur+1","floor":39},{"not_picked":["Well Laid Plans+1","Calculated Gamble+1"],"picked":"Burst+1","floor":40},{"not_picked":["Finisher+1","Outmaneuver+1","Quick Slash+1"],"picked":"Singing Bowl","floor":41},{"not_picked":["Catalyst+1","Leg Sweep+1"],"picked":"PiercingWail+1","floor":41},{"not_picked":["Prepared+1","Dagger Throw+1","Predator+1"],"picked":"Singing Bowl","floor":42},{"not_picked":["Choke+1","Terror+1"],"picked":"Calculated Gamble+1","floor":44},{"not_picked":["Outmaneuver+1","Underhanded Strike+1"],"picked":"Footwork+1","floor":45},{"not_picked":["All Out Attack+1","Slice+1"],"picked":"Dodge and Roll+1","floor":45},{"not_picked":["Heel Hook+1","Predator+1","Bane+1"],"picked":"Singing Bowl","floor":46},{"not_picked":["Noxious Fumes+1","Calculated Gamble+1","Caltrops+1"],"picked":"Singing Bowl","floor":46},{"not_picked":["Flechettes+1","Dash+1","Cloak And Dagger+1"],"picked":"Singing Bowl","floor":48},{"not_picked":["Dodge and Roll+1","Flechettes+1","Eviscerate+1"],"picked":"Singing Bowl","floor":49}],"player_experience":430831,"relics_obtained":[{"floor":6.0,"key":"Molten Egg 2"},{"floor":9.0,"key":"Smiling Mask"},{"floor":10.0,"key":"Prayer Wheel"},{"floor":11.0,"key":"Singing Bowl"},{"floor":14.0,"key":"Lantern"},{"floor":24.0,"key":"Calipers"},{"floor":26.0,"key":"Frozen Egg 2"},{"floor":27.0,"key":"Dream Catcher"},{"floor":30.0,"key":"Toxic Egg 2"},{"floor":42,"key":"Orichalcum"},{"floor":43,"key":"Centennial Puzzle"},{"floor":48,"key":"Ice Cream"}],"event_choices":[{"damage_healed":0.0,"max_hp_gain":0.0,"max_hp_loss":0.0,"gold_gain":0.0,"event_name":"WeMeetAgain","player_choice":"Gave Potion","floor":3.0,"gold_loss":0.0,"damage_taken":0.0,"relics_obtained":["PreservedInsect"]},{"damage_healed":0.0,"max_hp_gain":0.0,"max_hp_loss":0.0,"gold_gain":50.0,"event_name":"Golden Shrine","player_choice":"Pray","floor":5.0,"gold_loss":0.0,"damage_taken":0.0},{"damage_healed":0.0,"max_hp_gain":0.0,"max_hp_loss":0.0,"gold_gain":0.0,"event_name":"The Woman in Blue","player_choice":"Bought 1 Potion","floor":20.0,"gold_loss":0.0,"damage_taken":0.0},{"damage_healed":0.0,"max_hp_gain":0.0,"max_hp_loss":0.0,"gold_gain":50.0,"event_name":"Golden Shrine","player_choice":"Pray","floor":28.0,"gold_loss":0.0,"damage_taken":0.0},{"cards_removed":["Footwork"],"damage_healed":0,"gold_gain":0,"player_choice":"Removed Power","damage_taken":0,"max_hp_gain":0,"max_hp_loss":0,"event_name":"Falling","floor":47,"gold_loss":0},{"damage_healed":0,"gold_gain":0,"player_choice":"Fight","damage_taken":0,"max_hp_gain":0,"max_hp_loss":0,"event_name":"MindBloom","floor":48,"gold_loss":0}],"is_beta":false,"boss_relics":[{"not_picked":["Astrolabe","Cursed Key"],"picked":"Runic Pyramid"},{"not_picked":["Orrery","Runic Dome"],"picked":"Velvet Choker"}],"items_purged_floors":[36],"is_endless":false,"potions_floor_spawned":[1,8,10,13,18,19,21,24,30,33,37,45,46],"ascension_level":18}