{"gold_per_floor":[366,376,376,323,340,340,372,372,372,397,397,417,417,434,434,535,535,515,526,370,384,402,402],"floor_reached":23,"playtime":1929,"items_purged":["Strike_R"],"score":201,"play_id":"317beccd-4419-4c61-9798-0176fe7b611c","local_time":"20181211143809","is_ascension_mode":false,"campfire_choices":[{"data":"Armaments","floor":6,"key":"SMITH"},{"floor":8,"key":"REST"},{"data":"Havoc","floor":11,"key":"SMITH"},{"data":"Anger","floor":15,"key":"SMITH"}],"neow_cost":"TEN_PERCENT_HP_LOSS","seed_source_timestamp":1537099931824577,"circlet_count":0,"master_deck":["Strike_R","Strike_R","Strike_R+1","Strike_R","Defend_R","Defend_R","Defend_R","Defend_R","Bash+1","Havoc+1","Armaments+1","Disarm","Anger+1","Ghostly Armor","Ghostly Armor","Impervious","Hemokinesis","Headbutt","Finesse","True Grit","Entrench+1"],"relics":["Burning Blood","Centennial Puzzle","Singing Bowl","Odd Mushroom","Black Star"],"potions_floor_usage":[7,12,16,19,21],"damage_taken":[{"damage":4,"enemies":"2 Louse","floor":1,"turns":3},{"damage":6,"enemies":"Jaw Worm","floor":2,"turns":3},{"damage":3,"enemies":"Small Slimes","floor":5,"turns":3},{"damage":29,"enemies":"3 Sentries","floor":7,"turns":8},{"damage":22,"enemies":"Lagavulin","floor":10,"turns":4},{"damage":1,"enemies":"The Mushroom Lair","floor":12,"turns":3},{"damage":11,"enemies":"Gremlin Gang","floor":14,"turns":5},{"damage":27,"enemies":"Hexaghost","floor":16,"turns":10},{"damage":3,"enemies":"2 Thieves","floor":18,"turns":4},{"damage":6,"enemies":"Shell Parasite","floor":19,"turns":6},{"damage":12,"enemies":"Centurion and Healer","floor":21,"turns":10},{"damage":31,"enemies":"Cultist and Chosen","floor":22,"turns":10},{"damage":46,"enemies":"Gremlin Leader","floor":23,"turns":9}],"seed_played":"6505338958978615871","potions_obtained":[{"floor":5,"key":"FearPotion"},{"floor":7,"key":"Block Potion"},{"floor":10,"key":"Fire Potion"},{"floor":18,"key":"EssenceOfSteel"},{"floor":19,"key":"LiquidBronze"}],"is_trial":false,"path_per_floor":["M","M","?","$","M","R","E","R","T","E","R","?","?","M","R","B",null,"M","M","$","M","M","E"],"character_chosen":"IRONCLAD","items_purchased":["Armaments","Finesse"],"campfire_rested":1,"item_purchase_floors":[4,20],"current_hp_per_floor":[72,72,58,58,61,61,38,59,59,43,43,48,72,69,69,48,74,74,74,74,68,43,0],"gold":402,"neow_bonus":"TWO_FIFTY_GOLD","is_prod":false,"is_daily":false,"chose_seed":false,"campfire_upgraded":3,"win_rate":0,"timestamp":1544517489,"path_taken":["M","M","?","$","M","R","E","R","T","E","R","?","?","M","R","BOSS","M","M","$","M","?","E"],"build_version":"2018-12-06","purchased_purges":1,"victory":false,"max_hp_per_floor":[72,72,72,72,72,72,72,72,72,72,72,72,72,74,74,74,74,74,74,74,74,74,74],"card_choices":[{"not_picked":["Pummel","Shrug It Off"],"picked":"Havoc","floor":1},{"not_picked":["Thunderclap","Seeing Red"],"picked":"Blood for Blood","floor":2},{"not_picked":["Infernal Blade","Shrug It Off"],"picked":"Disarm","floor":5},{"not_picked":["Limit Break","Clash"],"picked":"Anger","floor":7},{"not_picked":["Sword Boomerang","Second Wind"],"picked":"Ghostly Armor","floor":10},{"not_picked":["Hemokinesis","Clothesline"],"picked":"Ghostly Armor","floor":12},{"not_picked":["Havoc","Uppercut","Rampage"],"picked":"Singing Bowl","floor":14},{"not_picked":["Berserk","Immolate"],"picked":"Impervious","floor":16},{"not_picked":["Heavy Blade","Clash"],"picked":"Hemokinesis","floor":18},{"not_picked":["Thunderclap","Rampage"],"picked":"Headbutt","floor":19},{"not_picked":["Whirlwind","Armaments"],"picked":"True Grit","floor":21},{"not_picked":["Body Slam","Armaments+1"],"picked":"Entrench+1","floor":22}],"player_experience":218125,"relics_obtained":[{"floor":7,"key":"Centennial Puzzle"},{"floor":10,"key":"Singing Bowl"},{"floor":12,"key":"Odd Mushroom"}],"event_choices":[{"damage_healed":0,"gold_gain":0,"player_choice":"Entered Light","damage_taken":14,"max_hp_gain":0,"max_hp_loss":0,"event_name":"Shining Light","floor":3,"gold_loss":0,"cards_upgraded":["Strike_R","Bash"]},{"damage_healed":0,"gold_gain":0,"player_choice":"Fought Mushrooms","damage_taken":0,"max_hp_gain":0,"max_hp_loss":0,"event_name":"Mushrooms","floor":12,"gold_loss":0},{"cards_removed":["Blood for Blood"],"damage_healed":24,"gold_gain":0,"player_choice":"Offered Uncommon","damage_taken":0,"max_hp_gain":0,"max_hp_loss":0,"event_name":"Bonfire Elementals","floor":13,"gold_loss":0}],"is_beta":false,"boss_relics":[{"not_picked":["Calling Bell","Cursed Key"],"picked":"Black Star"}],"items_purged_floors":[20],"is_endless":false,"potions_floor_spawned":[5,7,10,18,19],"killed_by":"Gremlin Leader","ascension_level":0}