{"gold_per_floor":[114,134,152,64,139,169,169,169,195,227,294,306,318,345,357,448,460,392,404,416,428,460,472,15,15,15,15,32,60,60,110,110,110],"floor_reached":33,"playtime":1258,"items_purged":[],"score":504,"play_id":"49e57d09-2f20-415c-b454-7cf64297189b","local_time":"20190719083514","is_ascension_mode":true,"campfire_choices":[{"data":"Creative AI","floor":8.0,"key":"SMITH"},{"floor":13.0,"key":"REST"},{"data":"Go for the Eyes","floor":15.0,"key":"SMITH"},{"data":"Ghostly","floor":23.0,"key":"SMITH"},{"floor":32,"key":"REST"}],"neow_cost":"NONE","seed_source_timestamp":810179819770533,"circlet_count":0,"master_deck":["AscendersBane","Strike_B+1","Strike_B+1","Strike_B+1","Strike_B+1","Defend_B+1","Defend_B+1","Defend_B+1","Defend_B+1","Zap","Dualcast","Rainbow","Self Repair","FTL","Undo","Creative AI+1","Cold Snap","Ball Lightning","Go for the Eyes+1","Echo Form","Reinforced Body","Ghostly+1","Ghostly","Ghostly","Leap","Ghostly+1","Capacitor","Pain","Double Energy","Sunder"],"special_seed":0,"relics":["Cracked Core","Strawberry","MawBank","Sundial","Runic Pyramid","GremlinMask","DollysMirror","Juzu Bracelet","WarpedTongs","Bottled Flame","Happy Flower"],"potions_floor_usage":[29,33,33],"damage_taken":[{"damage":5.0,"enemies":"Small Slimes","floor":1.0,"turns":3.0},{"damage":6.0,"enemies":"2 Louse","floor":2.0,"turns":5.0},{"damage":8.0,"enemies":"Cultist","floor":3.0,"turns":4.0},{"damage":24.0,"enemies":"3 Sentries","floor":6.0,"turns":7.0},{"damage":7.0,"enemies":"Large Slime","floor":10.0,"turns":7.0},{"damage":25.0,"enemies":"Gremlin Nob","floor":11.0,"turns":4.0},{"damage":1.0,"enemies":"3 Louse","floor":14.0,"turns":5.0},{"damage":34.0,"enemies":"The Guardian","floor":16.0,"turns":11.0},{"damage":29.0,"enemies":"2 Thieves","floor":18.0,"turns":4.0},{"damage":0.0,"enemies":"Spheric Guardian","floor":22.0,"turns":6.0},{"damage":10.0,"enemies":"Snake Plant","floor":28.0,"turns":6.0},{"damage":15,"enemies":"Slavers","floor":29,"turns":5},{"damage":28,"enemies":"Champ","floor":33,"turns":5}],"seed_played":"4447765859578165941","potions_obtained":[{"floor":3.0,"key":"GamblersBrew"},{"floor":10.0,"key":"EntropicBrew"},{"floor":28.0,"key":"GamblersBrew"},{"floor":29,"key":"SneckoOil"}],"is_trial":false,"path_per_floor":["M","M","M","$","?","E","?","R","T","M","?","?","R","M","R","B",null,"M","?","?","?","M","R","$","?","T","$","M","E","?","?","R","B"],"character_chosen":"DEFECT","items_purchased":["Creative AI","DollysMirror","Capacitor","Juzu Bracelet"],"campfire_rested":2,"item_purchase_floors":[4,24,24,24],"current_hp_per_floor":[59,60,59,59,48,38,38,38,38,38,13,13,36,42,42,15,62,40,40,39,39,39,39,39,39,39,39,29,14,14,14,25,0],"gold":110,"neow_bonus":"ONE_RANDOM_RARE_CARD","is_prod":false,"is_daily":false,"chose_seed":false,"campfire_upgraded":3,"win_rate":0,"timestamp":1563543314,"path_taken":["M","M","M","$","?","E","?","R","T","?","?","?","R","M","R","BOSS","M","?","?","?","M","R","$","?","T","?","M","E","?","?","R","BOSS"],"build_version":"2019-07-17","purchased_purges":0,"victory":false,"max_hp_per_floor":[71,71,71,71,71,78,78,78,78,78,78,78,78,78,78,78,78,78,78,39,39,39,39,39,39,39,39,39,39,39,39,39,39],"card_choices":[{"not_picked":["Turbo","Chill"],"picked":"Self Repair","floor":1.0},{"not_picked":["Steam","Turbo"],"picked":"FTL","floor":2.0},{"not_picked":["Hologram","Heatsinks"],"picked":"Undo","floor":3.0},{"not_picked":["Gash","Heatsinks"],"picked":"Cold Snap","floor":6.0},{"not_picked":["Chill","Leap"],"picked":"Ball Lightning","floor":10.0},{"not_picked":["Coolheaded","Meteor Strike"],"picked":"Go for the Eyes","floor":14.0},{"not_picked":["Fission","Rainbow"],"picked":"Echo Form","floor":16.0},{"not_picked":["Rebound","Beam Cell"],"picked":"Reinforced Body","floor":18.0},{"not_picked":["Hello World","Gash"],"picked":"Leap","floor":22.0},{"not_picked":["Gash+1","Scrape"],"picked":"Double Energy","floor":28.0},{"not_picked":["Coolheaded","Melter"],"picked":"Sunder","floor":29}],"player_experience":390111,"relics_obtained":[{"floor":6.0,"key":"Strawberry"},{"floor":9.0,"key":"MawBank"},{"floor":11.0,"key":"Sundial"},{"floor":26.0,"key":"Bottled Flame"},{"floor":29,"key":"Happy Flower"}],"event_choices":[{"damage_healed":0.0,"max_hp_gain":0.0,"max_hp_loss":0.0,"gold_gain":75.0,"event_name":"World of Goop","player_choice":"Gather Gold","floor":5.0,"gold_loss":0.0,"damage_taken":11.0},{"damage_healed":0.0,"max_hp_gain":0.0,"max_hp_loss":0.0,"gold_gain":0.0,"event_name":"Match and Keep!","player_choice":"0 cards matched","floor":7.0,"gold_loss":0.0,"damage_taken":0.0,"cards_obtained":[]},{"damage_healed":0.0,"max_hp_gain":0.0,"max_hp_loss":0.0,"gold_gain":30.0,"event_name":"Dead Adventurer","player_choice":"Searched \u00273\u0027 times","floor":11.0,"gold_loss":0.0,"damage_taken":0.0},{"damage_healed":0.0,"max_hp_gain":0.0,"max_hp_loss":0.0,"gold_gain":0.0,"event_name":"Golden Idol","player_choice":"Ignored","floor":12.0,"gold_loss":0.0,"damage_taken":0.0},{"damage_healed":0.0,"max_hp_gain":0.0,"max_hp_loss":0.0,"gold_gain":0.0,"event_name":"Back to Basics","player_choice":"Simplicity","floor":19.0,"gold_loss":0.0,"damage_taken":0.0,"cards_upgraded":["Strike_B","Strike_B","Strike_B","Strike_B","Defend_B","Defend_B","Defend_B","Defend_B"]},{"damage_healed":0.0,"max_hp_gain":0.0,"max_hp_loss":39.0,"gold_gain":0.0,"event_name":"Ghosts","player_choice":"Became a Ghost","floor":20.0,"gold_loss":0.0,"damage_taken":0.0,"cards_obtained":["Ghostly","Ghostly","Ghostly"]},{"damage_healed":0.0,"max_hp_gain":0.0,"max_hp_loss":0.0,"gold_gain":0.0,"event_name":"FaceTrader","player_choice":"Trade","floor":21.0,"gold_loss":0.0,"damage_taken":0.0,"relics_obtained":["GremlinMask"]},{"damage_healed":0.0,"max_hp_gain":0.0,"max_hp_loss":0.0,"gold_gain":0.0,"event_name":"Accursed Blacksmith","player_choice":"Rummage","floor":25.0,"gold_loss":0.0,"damage_taken":0.0,"relics_obtained":["WarpedTongs"],"cards_obtained":["Pain"]},{"damage_healed":0,"gold_gain":50,"player_choice":"Stole From Cult","damage_taken":0,"max_hp_gain":0,"max_hp_loss":0,"event_name":"Nest","floor":31,"gold_loss":0}],"is_beta":false,"boss_relics":[{"not_picked":["Eternal Feather","Busted Crown"],"picked":"Runic Pyramid"}],"items_purged_floors":[],"is_endless":false,"potions_floor_spawned":[3,10,11,14,28,29],"killed_by":"Champ","ascension_level":17}