{"gold_per_floor":[115,131,148,167,185,185,185,214,214,214,229,244,244,244],"floor_reached":14,"playtime":368,"items_purged":[],"score":179,"play_id":"f67ffac6-82c8-4655-9fdb-7b6ceedb1c4d","local_time":"20190817211054","is_ascension_mode":true,"campfire_choices":[{"data":"Sweeping Beam","floor":6,"key":"SMITH"},{"floor":10,"key":"REST"}],"neow_cost":"NONE","seed_source_timestamp":337927073064736,"circlet_count":0,"master_deck":["AscendersBane","Strike_B","Strike_B","Strike_B","Defend_B","Defend_B","Defend_B","Defend_B","Zap+1","Dualcast","Leap","Sweeping Beam+1","Capacitor","Cold Snap","Doom and Gloom","Loop"],"relics":["Cracked Core","Pen Nib","Art of War"],"potions_floor_usage":[],"damage_taken":[{"damage":2,"enemies":"Cultist","floor":1,"turns":4},{"damage":0,"enemies":"2 Louse","floor":2,"turns":2},{"damage":4,"enemies":"Jaw Worm","floor":3,"turns":4},{"damage":12,"enemies":"3 Louse","floor":4,"turns":3},{"damage":19,"enemies":"Red Slaver","floor":5,"turns":4},{"damage":19,"enemies":"Lagavulin","floor":8,"turns":6},{"damage":16,"enemies":"Large Slime","floor":11,"turns":3},{"damage":11,"enemies":"Exordium Wildlife","floor":12,"turns":3},{"damage":11,"enemies":"3 Sentries","floor":14,"turns":2}],"seed_played":"7487946809233228951","potions_obtained":[{"floor":1,"key":"Regen Potion"},{"floor":8,"key":"Fire Potion"}],"is_trial":false,"path_per_floor":["M","M","M","M","M","R","?","E","T","R","M","M","?","E"],"character_chosen":"DEFECT","items_purchased":[],"campfire_rested":1,"item_purchase_floors":[],"current_hp_per_floor":[62,62,58,46,27,27,27,8,8,29,13,2,2,0],"gold":244,"neow_bonus":"THREE_CARDS","is_prod":false,"is_daily":false,"chose_seed":false,"campfire_upgraded":1,"win_rate":0,"timestamp":1566094254,"path_taken":["M","M","M","?","M","R","?","E","T","R","?","M","?","E"],"build_version":"2019-07-17","purchased_purges":0,"victory":false,"max_hp_per_floor":[71,71,71,71,71,71,71,71,71,71,71,71,71,71],"card_choices":[{"not_picked":["Streamline","Beam Cell"],"picked":"Leap","floor":0},{"not_picked":["Consume","Beam Cell"],"picked":"Sweeping Beam","floor":1},{"not_picked":["Beam Cell","Streamline"],"picked":"Capacitor","floor":2},{"not_picked":["Capacitor","Lockon"],"picked":"Cold Snap","floor":3},{"not_picked":["Sweeping Beam","Gash","Coolheaded"],"picked":"SKIP","floor":4},{"not_picked":["Seek","Barrage"],"picked":"Doom and Gloom","floor":5},{"not_picked":["Gash","Go for the Eyes"],"picked":"Loop","floor":8},{"not_picked":["Stack","Static Discharge","Turbo"],"picked":"SKIP","floor":11},{"not_picked":["Streamline","Blizzard","Cold Snap"],"picked":"SKIP","floor":12}],"player_experience":434543,"relics_obtained":[{"floor":8,"key":"Pen Nib"},{"floor":9,"key":"Art of War"}],"event_choices":[{"cards_removed":["Strike_B"],"damage_healed":0,"gold_gain":0,"player_choice":"Card Removal","damage_taken":0,"max_hp_gain":0,"max_hp_loss":0,"event_name":"Wheel of Change","floor":7,"gold_loss":0},{"damage_healed":0,"gold_gain":0,"player_choice":"Upgraded","damage_taken":0,"max_hp_gain":0,"max_hp_loss":0,"event_name":"Upgrade Shrine","floor":13,"gold_loss":0,"cards_upgraded":["Zap"]}],"is_beta":false,"boss_relics":[],"items_purged_floors":[],"is_endless":false,"potions_floor_spawned":[1,8,11,12],"killed_by":"3 Sentries","ascension_level":18}