{"gold_per_floor":[217,232,250,4,4,36,36,53,53,77,77,77],"floor_reached":12,"playtime":496,"items_purged":[],"score":144,"play_id":"7e64f4d3-3661-42a1-b099-b484f4fe4db1","local_time":"20190716204612","is_ascension_mode":true,"campfire_choices":[{"floor":11,"key":"REST"}],"neow_cost":"NONE","seed_source_timestamp":595733411963590,"circlet_count":0,"master_deck":["AscendersBane","Strike_G","Strike_G","Strike_G","Strike_G","Defend_G","Defend_G","Defend_G","Defend_G","Defend_G","Survivor","Neutralize+1","Poisoned Stab","Calculated Gamble","Adrenaline","Footwork","Dagger Spray","Deflect","PiercingWail"],"relics":["Ring of the Snake","Dream Catcher","Snake Skull","Meat on the Bone","Art of War"],"potions_floor_usage":[6,12],"damage_taken":[{"damage":15,"enemies":"Jaw Worm","floor":1,"turns":7},{"damage":0,"enemies":"2 Louse","floor":2,"turns":3},{"damage":0,"enemies":"Cultist","floor":3,"turns":4},{"damage":26,"enemies":"3 Sentries","floor":6,"turns":9},{"damage":1,"enemies":"Looter","floor":8,"turns":3},{"damage":31,"enemies":"Gremlin Nob","floor":12,"turns":3}],"seed_played":"2723175048798945204","potions_obtained":[{"floor":2,"key":"Explosive Potion"},{"floor":6,"key":"AttackPotion"}],"is_trial":false,"path_per_floor":["M","M","M","$","?","E","?","M","T","T","R","E"],"character_chosen":"THE_SILENT","items_purchased":["Footwork","Dream Catcher"],"campfire_rested":1,"item_purchase_floors":[4,4],"current_hp_per_floor":[44,44,44,44,37,11,11,10,10,10,29,0],"gold":77,"neow_bonus":"HUNDRED_GOLD","is_prod":false,"is_daily":false,"chose_seed":false,"campfire_upgraded":0,"win_rate":0,"timestamp":1563327972,"path_taken":["M","M","M","$","?","E","?","?","T","?","R","E"],"build_version":"2019-07-05","purchased_purges":0,"victory":false,"max_hp_per_floor":[66,66,66,66,66,66,66,66,66,66,66,66],"card_choices":[{"not_picked":["Quick Slash","Footwork"],"picked":"Poisoned Stab","floor":1},{"not_picked":["Bane","Predator"],"picked":"Calculated Gamble","floor":2},{"not_picked":["Prepared","Choke"],"picked":"Adrenaline","floor":3},{"not_picked":["Blade Dance","Riddle With Holes"],"picked":"Dagger Spray","floor":6},{"not_picked":["Bane","Skewer"],"picked":"Deflect","floor":8},{"not_picked":["Accuracy","Outmaneuver"],"picked":"PiercingWail","floor":11}],"player_experience":381769,"relics_obtained":[{"floor":6,"key":"Snake Skull"},{"floor":9,"key":"Meat on the Bone"},{"floor":10,"key":"Art of War"}],"event_choices":[{"cards_removed":["Strike_G"],"damage_healed":0,"gold_gain":0,"player_choice":"Card Removal","damage_taken":7,"max_hp_gain":0,"max_hp_loss":0,"event_name":"Golden Wing","floor":5,"gold_loss":0},{"damage_healed":0,"gold_gain":0,"player_choice":"Grow","damage_taken":0,"max_hp_gain":0,"max_hp_loss":0,"event_name":"Living Wall","floor":7,"gold_loss":0,"cards_upgraded":["Neutralize"]}],"is_beta":false,"boss_relics":[],"items_purged_floors":[],"is_endless":false,"potions_floor_spawned":[2,6],"killed_by":"Gremlin Nob","ascension_level":17}