{"gold_per_floor":[115,290,163,163,25,56,56,75,75,89,89,106,106,132,132,228,228,238,257,82,82,98,98,98],"floor_reached":24,"playtime":4702,"items_purged":["Doubt","Strike_B"],"score":286,"play_id":"78787bdf-f7ce-4fcb-a1b1-b0af90637147","local_time":"20190817173836","is_ascension_mode":true,"campfire_choices":[{"data":"Conserve Battery","floor":7,"key":"SMITH"},{"data":"Coolheaded","floor":11,"key":"SMITH"},{"data":"Coolheaded","floor":15,"key":"SMITH"},{"data":"Biased Cognition","floor":23,"key":"SMITH"}],"neow_cost":"NONE","seed_source_timestamp":3459037183021,"circlet_count":0,"master_deck":["Strike_B+1","Defend_B+1","Defend_B","Defend_B","Defend_B","Zap","Dualcast","Hologram","Gash","Chill","Conserve Battery+1","Hologram","Coolheaded+1","Coolheaded+1","Biased Cognition+1","Cold Snap","Cold Snap"],"relics":["Cracked Core","NeowsBlessing","Meat on the Bone","Happy Flower","Gremlin Horn","Cables","Empty Cage","PreservedInsect"],"potions_floor_usage":[16,16,19,19,22,24],"damage_taken":[{"damage":0,"enemies":"2 Louse","floor":1,"turns":1},{"damage":0,"enemies":"Lagavulin","floor":6,"turns":1},{"damage":0,"enemies":"Small Slimes","floor":8,"turns":1},{"damage":0,"enemies":"Jaw Worm","floor":10,"turns":3},{"damage":0,"enemies":"3 Louse","floor":12,"turns":3},{"damage":3,"enemies":"3 Sentries","floor":14,"turns":7},{"damage":7,"enemies":"The Guardian","floor":16,"turns":16},{"damage":15,"enemies":"3 Byrds","floor":18,"turns":6},{"damage":3,"enemies":"Spheric Guardian","floor":19,"turns":6},{"damage":1,"enemies":"3 Cultists","floor":22,"turns":8},{"damage":72,"enemies":"Book of Stabbing","floor":24,"turns":12}],"seed_played":"-1955516874772882593","potions_obtained":[{"floor":1,"key":"SteroidPotion"},{"floor":12,"key":"FocusPotion"},{"floor":14,"key":"Regen Potion"},{"floor":16,"key":"Regen Potion"},{"floor":18,"key":"Fire Potion"},{"floor":19,"key":"Fruit Juice"}],"is_trial":false,"path_per_floor":["M","?","$","?","$","E","R","M","T","M","R","M","?","E","R","B",null,"M","M","$","?","M","R","E"],"character_chosen":"DEFECT","items_purchased":["Gash","Chill","Cold Snap","PreservedInsect"],"campfire_rested":0,"item_purchase_floors":[3,5,20,20],"current_hp_per_floor":[75,75,75,60,60,60,60,60,60,60,60,60,57,54,54,62,72,57,73,73,73,72,72,0],"gold":98,"neow_bonus":"THREE_ENEMY_KILL","is_prod":false,"is_daily":false,"chose_seed":false,"campfire_upgraded":4,"win_rate":0,"timestamp":1566059916,"path_taken":["M","?","$","?","$","E","R","M","T","M","R","M","?","E","R","BOSS","M","M","$","?","M","R","E"],"build_version":"2019-07-17","purchased_purges":2,"victory":false,"max_hp_per_floor":[75,75,75,75,75,75,75,75,75,75,75,75,75,75,75,75,75,75,80,80,80,80,80,80],"card_choices":[{"not_picked":["Doom and Gloom","Stack"],"picked":"Hologram","floor":1},{"not_picked":["Gash","Streamline"],"picked":"Conserve Battery","floor":6},{"not_picked":["Recycle","Darkness"],"picked":"Hologram","floor":8},{"not_picked":["Buffer","Leap"],"picked":"Coolheaded","floor":10},{"not_picked":["Cold Snap","Hologram"],"picked":"Coolheaded","floor":12},{"not_picked":["Hyperbeam","Barrage","Sweeping Beam"],"picked":"SKIP","floor":14},{"not_picked":["Amplify","Multi-Cast"],"picked":"Biased Cognition","floor":16},{"not_picked":["Leap","Compile Driver","Doom and Gloom"],"picked":"SKIP","floor":18},{"not_picked":["Compile Driver+1","Conserve Battery","Stack"],"picked":"SKIP","floor":19},{"not_picked":["Barrage","Recycle"],"picked":"Cold Snap","floor":22}],"player_experience":392165,"relics_obtained":[{"floor":6,"key":"Meat on the Bone"},{"floor":9,"key":"Happy Flower"},{"floor":14,"key":"Cables"}],"event_choices":[{"damage_healed":0,"gold_gain":175,"player_choice":"AGREE","damage_taken":0,"max_hp_gain":0,"max_hp_loss":0,"event_name":"Liars Game","floor":2,"gold_loss":0,"cards_obtained":["Doubt"]},{"damage_healed":0,"gold_gain":0,"player_choice":"Entered Light","damage_taken":15,"max_hp_gain":0,"max_hp_loss":0,"event_name":"Shining Light","floor":4,"gold_loss":0,"cards_upgraded":["Defend_B","Strike_B"]},{"damage_healed":0,"gold_gain":0,"player_choice":"Success","damage_taken":3,"relics_obtained":["Gremlin Horn"],"max_hp_gain":0,"max_hp_loss":0,"event_name":"Scrap Ooze","floor":13,"gold_loss":0},{"damage_healed":0,"gold_gain":0,"player_choice":"Ignored","damage_taken":0,"max_hp_gain":0,"max_hp_loss":0,"event_name":"Ghosts","floor":21,"gold_loss":0}],"is_beta":false,"boss_relics":[{"not_picked":["Lizard Tail","Philosopher\u0027s Stone"],"picked":"Empty Cage"}],"items_purged_floors":[3,5],"is_endless":false,"potions_floor_spawned":[1,12,14,16,18,19],"killed_by":"Book of Stabbing","ascension_level":5}