{"gold_per_floor":[119,13,33,51,51,51,67,95,143,171,183,183,212,232,232,308,308,228,54,54,54,54,54,54,54,54,54,54,54,54,54,54,54],"floor_reached":33,"playtime":1965,"items_purged":["Strike_B"],"score":656,"play_id":"Baalorlord-22a2bcdf","local_time":"20190622124657","is_ascension_mode":true,"campfire_choices":[{"data":"Zap","floor":6,"key":"SMITH"},{"floor":12,"key":"REST"},{"data":"Leap","floor":15,"key":"SMITH"},{"floor":23,"key":"REST"},{"data":"Defragment","floor":25,"key":"SMITH"},{"data":"Biased Cognition","floor":28,"key":"SMITH"},{"data":"Capacitor","floor":32,"key":"SMITH"}],"neow_cost":"NONE","seed_source_timestamp":323737775159900,"circlet_count":0,"master_deck":["AscendersBane","Strike_B","Strike_B","Strike_B","Defend_B","Defend_B","Defend_B","Defend_B","Zap+1","Dualcast","Sweeping Beam","Cold Snap","Leap+1","Ball Lightning","Ball Lightning","Steam","Biased Cognition+1","Ball Lightning+1","Cold Snap+1","Electrodynamics","Undo+1","Defragment+1","Coolheaded","Reinforced Body","Go for the Eyes+1","Coolheaded","Doom and Gloom+1","Capacitor+1"],"relics":["Cracked Core","NlothsMask","Molten Egg 2","Omamori","Bottled Tornado","Ectoplasm","Red Mask","Bottled Flame","Dodecahedron","Strawberry"],"potions_floor_usage":[13,22,24,27,33],"damage_taken":[{"damage":1,"enemies":"Cultist","floor":1,"turns":3},{"damage":5,"enemies":"2 Louse","floor":3,"turns":2},{"damage":2,"enemies":"Small Slimes","floor":4,"turns":3},{"damage":4,"enemies":"2 Fungi Beasts","floor":7,"turns":3},{"damage":16,"enemies":"Lagavulin","floor":8,"turns":6},{"damage":19,"enemies":"Gremlin Nob","floor":10,"turns":4},{"damage":0,"enemies":"Large Slime","floor":11,"turns":5},{"damage":6,"enemies":"3 Sentries","floor":13,"turns":4},{"damage":0,"enemies":"Exordium Wildlife","floor":14,"turns":2},{"damage":16,"enemies":"The Guardian","floor":16,"turns":10},{"damage":11,"enemies":"2 Thieves","floor":18,"turns":3},{"damage":11,"enemies":"Masked Bandits","floor":20,"turns":3},{"damage":0,"enemies":"Chosen","floor":21,"turns":3},{"damage":5,"enemies":"Shelled Parasite and Fungi","floor":22,"turns":8},{"damage":15,"enemies":"Book of Stabbing","floor":24,"turns":5},{"damage":0,"enemies":"Gremlin Leader","floor":27,"turns":5},{"damage":54,"enemies":"Collector","floor":33,"turns":8}],"seed_played":"1837733774998657689","potions_obtained":[{"floor":8,"key":"LiquidBronze"},{"floor":10,"key":"LiquidBronze"},{"floor":13,"key":"SkillPotion"},{"floor":14,"key":"Weak Potion"},{"floor":22,"key":"Energy Potion"},{"floor":24,"key":"Weak Potion"}],"is_trial":false,"path_per_floor":["M","$","M","M","?","R","M","E","T","E","M","R","E","M","R","B",null,"M","$","?","M","M","R","E","R","T","E","R","?","?","?","R","B"],"character_chosen":"DEFECT","items_purchased":["Cold Snap","Leap","Defragment","Coolheaded"],"campfire_rested":2,"item_purchase_floors":[2,2,19,19],"current_hp_per_floor":[70,70,65,63,63,63,59,43,43,24,24,47,41,41,41,25,65,54,54,43,43,38,61,46,46,46,46,46,46,53,53,53,0],"gold":54,"neow_bonus":"TEN_PERCENT_HP_BONUS","is_prod":false,"is_daily":false,"chose_seed":false,"campfire_upgraded":5,"win_rate":0,"timestamp":1561222017,"path_taken":["M","$","M","?","?","R","M","E","T","E","?","R","E","M","R","BOSS","M","$","?","M","M","R","E","R","T","E","R","?","?","?","R","BOSS"],"build_version":"2019-01-23","purchased_purges":1,"victory":false,"max_hp_per_floor":[78,78,78,78,78,78,78,78,78,78,78,78,78,78,78,78,78,78,78,78,78,78,78,78,78,78,78,78,78,85,85,85,85],"card_choices":[{"not_picked":["Coolheaded","Gash"],"picked":"Sweeping Beam","floor":1},{"not_picked":["Beam Cell","Conserve Battery"],"picked":"Ball Lightning","floor":3},{"not_picked":["Beam Cell","Rebound"],"picked":"Ball Lightning","floor":4},{"not_picked":["Rebound","Storm"],"picked":"Steam","floor":7},{"not_picked":["Coolheaded","Skim"],"picked":"Biased Cognition","floor":8},{"not_picked":["Storm","Turbo","Barrage+1"],"picked":"SKIP","floor":10},{"not_picked":["Turbo","Rebound+1"],"picked":"Ball Lightning+1","floor":11},{"not_picked":["Chaos","Force Field"],"picked":"Cold Snap+1","floor":13},{"not_picked":["Compile Driver+1","Hello World","Stack"],"picked":"SKIP","floor":14},{"not_picked":["Machine Learning","Biased Cognition"],"picked":"Electrodynamics","floor":16},{"not_picked":["Redo","Self Repair"],"picked":"Undo+1","floor":18},{"not_picked":["Self Repair","Rebound+1"],"picked":"Reinforced Body","floor":20},{"not_picked":["Hologram","Cold Snap+1"],"picked":"Go for the Eyes+1","floor":22},{"not_picked":["Hologram","Rebound+1"],"picked":"Coolheaded","floor":24},{"not_picked":["Barrage+1","Self Repair"],"picked":"Doom and Gloom+1","floor":27}],"player_experience":2139128,"relics_obtained":[{"floor":8,"key":"Molten Egg 2"},{"floor":10,"key":"Omamori"},{"floor":13,"key":"Bottled Tornado"},{"floor":20,"key":"Red Mask"},{"floor":24,"key":"Bottled Flame"},{"floor":27,"key":"Dodecahedron"}],"event_choices":[{"damage_healed":0,"gold_gain":0,"player_choice":"Trade","damage_taken":0,"relics_obtained":["NlothsMask"],"max_hp_gain":0,"max_hp_loss":0,"event_name":"FaceTrader","floor":5,"gold_loss":0},{"damage_healed":0,"gold_gain":0,"player_choice":"Fought Bandits","damage_taken":0,"max_hp_gain":0,"max_hp_loss":0,"event_name":"Masked Bandits","floor":20,"gold_loss":0},{"damage_healed":0,"gold_gain":0,"player_choice":"Read","damage_taken":0,"max_hp_gain":0,"max_hp_loss":0,"event_name":"The Library","floor":29,"gold_loss":0,"cards_obtained":["Capacitor"]},{"damage_healed":0,"gold_gain":0,"player_choice":"Opened","damage_taken":0,"relics_obtained":["Strawberry"],"max_hp_gain":0,"max_hp_loss":0,"event_name":"The Mausoleum","floor":30,"gold_loss":0,"cards_obtained":["Writhe"]},{"damage_healed":0,"gold_gain":0,"player_choice":"Ignored","damage_taken":0,"max_hp_gain":0,"max_hp_loss":0,"event_name":"Beggar","floor":31,"gold_loss":0}],"is_beta":false,"boss_relics":[{"not_picked":["Lizard Tail","Tiny House"],"picked":"Ectoplasm"}],"items_purged_floors":[19],"is_endless":false,"potions_floor_spawned":[8,10,13,14,18,22,24],"killed_by":"Collector","ascension_level":20}