{"gold_per_floor":[116,96,107,120,120,134,134,144,167,194,194,68,84,94,94,94],"floor_reached":16,"playtime":462,"items_purged":["Strike_G"],"score":103,"play_id":"fe0989b6-f1e3-418e-8d14-519c328f0e89","local_time":"20190113211900","is_ascension_mode":true,"campfire_choices":[{"data":"Prepared","floor":7,"key":"SMITH"},{"floor":11,"key":"RECALL"},{"data":"Survivor","floor":15,"key":"SMITH"}],"neow_cost":"NONE","seed_source_timestamp":444599199118966,"circlet_count":0,"master_deck":["Defend_G","Defend_G+1","Defend_G+1","Defend_G","Defend_G","Strike_G","Strike_G","Strike_G","Strike_G","Survivor+1","Neutralize+1","Slice","Escape Plan+1","Dagger Throw","Prepared+1","Flying Knee","Slice","Terror","Tactician"],"relics":["Coffee Dripper","War Paint"],"potions_floor_usage":[6,16,16],"damage_taken":[{"damage":8,"enemies":"2 Louse","floor":1,"turns":3},{"damage":0,"enemies":"Cultist","floor":3,"turns":4},{"damage":4,"enemies":"Small Slimes","floor":4,"turns":3},{"damage":7,"enemies":"Exordium Wildlife","floor":6,"turns":5},{"damage":1,"enemies":"Lots of Slimes","floor":8,"turns":5},{"damage":1,"enemies":"3 Louse","floor":13,"turns":3},{"damage":5,"enemies":"Red Slaver","floor":14,"turns":3},{"damage":34,"enemies":"Slime Boss","floor":16,"turns":6}],"seed_played":"2844105709632559163","potions_obtained":[{"floor":2,"key":"SmokeBomb"},{"floor":3,"key":"Strength Potion"},{"floor":4,"key":"Swift Potion"},{"floor":8,"key":"Energy Potion"},{"floor":13,"key":"Fire Potion"}],"is_trial":false,"path_per_floor":["M","?","M","M","?","M","R","M","T","T","R","$","M","M","R","B"],"character_chosen":"THE_SILENT","items_purchased":["Slice"],"campfire_rested":0,"item_purchase_floors":[12],"current_hp_per_floor":[62,62,62,58,44,37,37,36,36,36,36,36,35,30,30,0],"gold":94,"neow_bonus":"BOSS_RELIC","is_prod":false,"is_daily":false,"chose_seed":false,"campfire_upgraded":2,"win_rate":0,"timestamp":1547432340,"path_taken":["M","?","?","M","?","M","R","M","T","?","R","?","M","?","R","BOSS"],"build_version":"2019-01-10","purchased_purges":1,"victory":false,"max_hp_per_floor":[70,70,70,70,70,70,70,70,70,70,70,70,70,70,70,70],"card_choices":[{"not_picked":["Sucker Punch","Riddle With Holes"],"picked":"Slice","floor":1},{"not_picked":["Underhanded Strike","Catalyst"],"picked":"Escape Plan","floor":3},{"not_picked":["Distraction","Predator"],"picked":"Dagger Throw","floor":4},{"not_picked":["Slice","Backflip"],"picked":"Prepared","floor":6},{"not_picked":["Sucker Punch","Prepared"],"picked":"Flying Knee","floor":8},{"not_picked":["Doppelganger","Backflip"],"picked":"Terror","floor":13},{"not_picked":["Reflex","Poisoned Stab"],"picked":"Tactician","floor":14}],"player_experience":263811,"relics_obtained":[{"floor":10,"key":"War Paint"}],"event_choices":[{"damage_healed":0,"gold_gain":0,"player_choice":"Bought 1 Potion","damage_taken":0,"max_hp_gain":0,"max_hp_loss":0,"event_name":"The Woman in Blue","floor":2,"gold_loss":0},{"damage_healed":0,"gold_gain":0,"player_choice":"Entered Light","damage_taken":14,"max_hp_gain":0,"max_hp_loss":0,"event_name":"Shining Light","floor":5,"gold_loss":0,"cards_upgraded":["Defend_G","Neutralize"]}],"is_beta":false,"boss_relics":[],"items_purged_floors":[12],"is_endless":false,"potions_floor_spawned":[3,4,8,13],"killed_by":"Slime Boss","ascension_level":2}