{"gold_per_floor":[114,134,11,11,21,21,54,73,73,92,92,109,121,136,136,237,237,250,250,250,0,16,16,16,16,16,35,54,69,69,89,89,89],"floor_reached":33,"playtime":1090,"items_purged":["Defend_G"],"score":278,"play_id":"9f83f8e9-10a9-4f4e-92b6-b437b6a6fa79","local_time":"20181230185344","is_ascension_mode":false,"campfire_choices":[{"data":"Poisoned Stab","floor":6,"key":"SMITH"},{"data":"Poisoned Stab","floor":11,"key":"SMITH"},{"floor":15,"key":"REST"},{"data":"RitualDagger","floor":23,"key":"SMITH"},{"data":"Malaise","floor":25,"key":"SMITH"},{"data":"Infinite Blades","floor":30,"key":"SMITH"},{"data":"Neutralize","floor":32,"key":"SMITH"}],"neow_cost":"PERCENT_DAMAGE","seed_source_timestamp":723663702929901,"circlet_count":0,"master_deck":["Defend_G","Defend_G","Defend_G","Defend_G","Survivor","Neutralize+1","Blade Dance","Corpse Explosion","Poisoned Stab+1","Bane","Blade Dance","Blade Dance","Poisoned Stab+1","Catalyst","Bouncing Flask","Malaise+1","Doubt","Regret","Clumsy","Bouncing Flask","Bite","Bite","Bite","Bite","Bite","RitualDagger+1","Madness","Die Die Die","Dagger Spray","Escape Plan","Infinite Blades+1"],"relics":["Ring of the Snake","Ginger","Lantern","Matryoshka","Calling Bell","Letter Opener","Du-Vu Doll","Ninja Scroll","Anchor","Blue Candle"],"potions_floor_usage":[28,33,33,33],"damage_taken":[{"damage":0,"enemies":"2 Louse","floor":1,"turns":2},{"damage":2,"enemies":"Jaw Worm","floor":2,"turns":4},{"damage":2,"enemies":"Small Slimes","floor":5,"turns":3},{"damage":14,"enemies":"Gremlin Nob","floor":7,"turns":4},{"damage":0,"enemies":"2 Fungi Beasts","floor":8,"turns":2},{"damage":0,"enemies":"Gremlin Gang","floor":10,"turns":1},{"damage":2,"enemies":"Blue Slaver","floor":12,"turns":2},{"damage":10,"enemies":"Large Slime","floor":13,"turns":4},{"damage":2,"enemies":"Looter","floor":14,"turns":2},{"damage":14,"enemies":"Hexaghost","floor":16,"turns":6},{"damage":1,"enemies":"Chosen","floor":18,"turns":4},{"damage":6,"enemies":"2 Thieves","floor":22,"turns":2},{"damage":0,"enemies":"3 Cultists","floor":27,"turns":2},{"damage":3,"enemies":"Snecko","floor":28,"turns":3},{"damage":0,"enemies":"Chosen and Byrds","floor":29,"turns":3},{"damage":8,"enemies":"Shelled Parasite and Fungi","floor":31,"turns":3},{"damage":85,"enemies":"Automaton","floor":33,"turns":8}],"seed_played":"-8142186938869492907","potions_obtained":[{"floor":1,"key":"SpeedPotion"},{"floor":5,"key":"EssenceOfSteel"},{"floor":13,"key":"Swift Potion"},{"floor":14,"key":"Block Potion"},{"floor":28,"key":"GhostInAJar"}],"is_trial":false,"path_per_floor":["M","M","$","?","M","R","E","M","T","M","R","M","M","M","R","B",null,"M","?","?","$","M","R","?","R","T","M","M","M","R","M","R","B"],"character_chosen":"THE_SILENT","items_purchased":["Poisoned Stab","Ninja Scroll"],"campfire_rested":1,"item_purchase_floors":[3,21],"current_hp_per_floor":[49,47,47,40,38,38,24,24,24,24,24,22,12,10,31,17,70,69,69,63,63,61,61,61,61,61,63,66,68,68,62,62,0],"gold":89,"neow_bonus":"ONE_RARE_RELIC","is_prod":false,"is_daily":false,"chose_seed":false,"campfire_upgraded":6,"win_rate":0,"timestamp":1546214024,"path_taken":["M","M","$","?","M","R","E","M","T","M","R","M","M","M","R","BOSS","M","?","?","$","M","R","?","R","T","M","M","M","R","?","R","BOSS"],"build_version":"2018-12-20","purchased_purges":1,"victory":false,"max_hp_per_floor":[70,70,70,70,70,70,70,70,70,70,70,70,70,70,70,70,70,70,70,70,70,70,70,70,70,70,70,70,70,70,70,70,70],"card_choices":[{"not_picked":["Slice","Dagger Spray"],"picked":"Blade Dance","floor":1},{"not_picked":["Heel Hook","Reflex"],"picked":"Corpse Explosion","floor":2},{"not_picked":["Acrobatics","PiercingWail"],"picked":"Bane","floor":5},{"not_picked":["Cloak And Dagger","Sucker Punch"],"picked":"Blade Dance","floor":7},{"not_picked":["Distraction","PiercingWail"],"picked":"Blade Dance","floor":8},{"not_picked":["Riddle With Holes","Dodge and Roll"],"picked":"Poisoned Stab","floor":10},{"not_picked":["Underhanded Strike","Outmaneuver"],"picked":"Catalyst","floor":12},{"not_picked":["Quick Slash","Masterful Stab"],"picked":"Bouncing Flask","floor":13},{"not_picked":["Outmaneuver","Storm of Steel","Riddle With Holes"],"picked":"SKIP","floor":14},{"not_picked":["Phantasmal Killer","Grand Finale"],"picked":"Malaise","floor":16},{"not_picked":["Acrobatics","Underhanded Strike"],"picked":"Bouncing Flask","floor":18},{"not_picked":["Leg Sweep+1","Predator","Flying Knee"],"picked":"SKIP","floor":22},{"not_picked":["Heel Hook","Acrobatics+1"],"picked":"Dagger Spray","floor":27},{"not_picked":["Outmaneuver","Eviscerate"],"picked":"Escape Plan","floor":28},{"not_picked":["Slice","Outmaneuver"],"picked":"Infinite Blades","floor":29},{"not_picked":["Backflip","Tactician","Expertise"],"picked":"SKIP","floor":31}],"player_experience":191062,"relics_obtained":[{"floor":7,"key":"Lantern"},{"floor":9,"key":"Matryoshka"},{"floor":17,"key":"Blood Vial"},{"floor":17,"key":"Letter Opener"},{"floor":17,"key":"Du-Vu Doll"},{"floor":26,"key":"Anchor"},{"floor":26,"key":"Blue Candle"}],"event_choices":[{"cards_removed":["Strike_G"],"damage_healed":0,"gold_gain":0,"player_choice":"Card Removal","damage_taken":7,"max_hp_gain":0,"max_hp_loss":0,"event_name":"Golden Wing","floor":4,"gold_loss":0},{"damage_healed":0,"gold_gain":0,"player_choice":"Became a vampire (Vial)","damage_taken":0,"max_hp_gain":0,"max_hp_loss":0,"event_name":"Vampires","floor":19,"relics_lost":["Blood Vial"],"gold_loss":0,"cards_obtained":["Bite","Bite","Bite","Bite","Bite"]},{"damage_healed":0,"gold_gain":0,"player_choice":"Joined the Cult","damage_taken":6,"max_hp_gain":0,"max_hp_loss":0,"event_name":"Nest","floor":20,"gold_loss":0,"cards_obtained":["RitualDagger"]},{"damage_healed":0,"gold_gain":0,"player_choice":"2 cards matched","damage_taken":0,"max_hp_gain":0,"max_hp_loss":0,"event_name":"Match and Keep!","floor":24,"gold_loss":0,"cards_obtained":["Madness","Die Die Die"]}],"is_beta":false,"boss_relics":[{"not_picked":["White Beast Statue","Ectoplasm"],"picked":"Calling Bell"}],"items_purged_floors":[3],"is_endless":false,"potions_floor_spawned":[1,5,13,14,28,29,31],"killed_by":"Automaton","ascension_level":0}