{"gold_per_floor":[114,124,124,124,142,142,159,187,187,199,121,121,138,150,150,247,247,258,274,289,305,305],"floor_reached":22,"playtime":981,"items_purged":[],"score":230,"play_id":"bc7d3597-c7f3-4d97-b50c-d68199ca1427","local_time":"20190607172133","is_ascension_mode":true,"campfire_choices":[{"data":"Defragment","floor":6,"key":"SMITH"},{"data":"Zap","floor":12,"key":"SMITH"},{"floor":15,"key":"REST"}],"neow_cost":"NONE","seed_source_timestamp":19470476722290,"circlet_count":0,"master_deck":["Strike_B","Strike_B","Strike_B","Strike_B","Defend_B","Defend_B","Defend_B","Zap+1","Dualcast","Conserve Battery","Defragment+1","Genetic Algorithm","Electrodynamics","FTL","Loop","Compile Driver","Core Surge","Buffer","Loop","Coolheaded","Reinforced Body+1"],"relics":["Cracked Core","Pear","StoneCalendar","Sozu"],"potions_floor_usage":[8,16,20,22],"damage_taken":[{"damage":0,"enemies":"2 Louse","floor":1,"turns":1},{"damage":2,"enemies":"Small Slimes","floor":2,"turns":4},{"damage":0,"enemies":"Cultist","floor":5,"turns":3},{"damage":4,"enemies":"Red Slaver","floor":7,"turns":4},{"damage":42,"enemies":"3 Sentries","floor":8,"turns":7},{"damage":10,"enemies":"Large Slime","floor":10,"turns":4},{"damage":14,"enemies":"Lots of Slimes","floor":13,"turns":2},{"damage":7,"enemies":"Blue Slaver","floor":14,"turns":3},{"damage":14,"enemies":"Hexaghost","floor":16,"turns":7},{"damage":28,"enemies":"2 Thieves","floor":18,"turns":3},{"damage":1,"enemies":"Spheric Guardian","floor":19,"turns":3},{"damage":0,"enemies":"Snecko","floor":20,"turns":4},{"damage":11,"enemies":"Snake Plant","floor":21,"turns":5},{"damage":57,"enemies":"Masked Bandits","floor":22,"turns":3}],"seed_played":"7286459705931317386","potions_obtained":[{"floor":0,"key":"Poison Potion"},{"floor":0,"key":"SteroidPotion"},{"floor":0,"key":"FocusPotion"},{"floor":10,"key":"Explosive Potion"},{"floor":13,"key":"LiquidBronze"}],"is_trial":false,"path_per_floor":["M","M","?","?","M","R","M","E","T","M","$","R","M","M","R","B",null,"M","M","M","M","?"],"character_chosen":"DEFECT","items_purchased":["Loop"],"campfire_rested":1,"item_purchase_floors":[11],"current_hp_per_floor":[75,73,73,73,73,73,69,37,37,27,27,27,13,6,31,17,85,57,56,56,45,0],"gold":305,"neow_bonus":"THREE_SMALL_POTIONS","is_prod":false,"is_daily":false,"chose_seed":false,"campfire_upgraded":2,"win_rate":0,"timestamp":1559946093,"path_taken":["M","M","?","?","M","R","M","E","T","?","?","R","M","M","R","BOSS","M","M","M","M","?"],"build_version":"2019-01-23","purchased_purges":0,"victory":false,"max_hp_per_floor":[75,75,75,75,75,75,75,85,85,85,85,85,85,85,85,85,85,85,85,85,85,85],"card_choices":[{"not_picked":["Hologram","Static Discharge"],"picked":"Conserve Battery","floor":1},{"not_picked":["Leap","Stack","Heatsinks"],"picked":"SKIP","floor":2},{"not_picked":["Force Field","Consume"],"picked":"Defragment","floor":5},{"not_picked":["Coolheaded","Steam"],"picked":"Genetic Algorithm","floor":7},{"not_picked":["Turbo","Storm"],"picked":"Electrodynamics","floor":8},{"not_picked":["Beam Cell","Reinforced Body"],"picked":"FTL","floor":10},{"not_picked":["Steam Power","Coolheaded"],"picked":"Compile Driver","floor":13},{"not_picked":["Recycle","Beam Cell"],"picked":"Core Surge","floor":14},{"not_picked":["Seek","Hyperbeam"],"picked":"Buffer","floor":16},{"not_picked":["Streamline","Scrape+1"],"picked":"Loop","floor":18},{"not_picked":["Doom and Gloom","Turbo"],"picked":"Coolheaded","floor":19},{"not_picked":["Force Field+1","Turbo+1"],"picked":"Reinforced Body+1","floor":20},{"not_picked":["Barrage","Rebound","Blizzard"],"picked":"SKIP","floor":21}],"player_experience":124629,"relics_obtained":[{"floor":8,"key":"Pear"},{"floor":9,"key":"StoneCalendar"}],"event_choices":[{"damage_healed":0,"gold_gain":0,"player_choice":"Ignored","damage_taken":0,"max_hp_gain":0,"max_hp_loss":0,"event_name":"Liars Game","floor":3,"gold_loss":0},{"cards_removed":["Defend_B"],"damage_healed":0,"gold_gain":0,"player_choice":"Offered Basic","damage_taken":0,"max_hp_gain":0,"max_hp_loss":0,"event_name":"Bonfire Elementals","floor":4,"gold_loss":0},{"damage_healed":0,"gold_gain":0,"player_choice":"Fought Bandits","damage_taken":0,"max_hp_gain":0,"max_hp_loss":0,"event_name":"Masked Bandits","floor":22,"gold_loss":0}],"is_beta":false,"boss_relics":[{"not_picked":["Calling Bell","Lizard Tail"],"picked":"Sozu"}],"items_purged_floors":[],"is_endless":false,"potions_floor_spawned":[1,7,10,13,14,19],"killed_by":"Masked Bandits","ascension_level":4}