{"gold_per_floor":[111,111,111,111,127,127,162,177,177,206,224,236,270,124,124,198,198,214,230,230,248,158,158,190,208,208,208,218,249,249,278,278,355,355,374,374,393,393,393,393,428,428,454,480,313,333,345,376,376,376,376,376,38,66,66],"floor_reached":55,"playtime":3310,"items_purged":["Strike_B","Strike_B","Dualcast"],"score":1606,"play_id":"4c2b0bfb-4c0d-4528-8d22-56551f03cc42","local_time":"20190717233647","is_ascension_mode":true,"campfire_choices":[{"data":"Coolheaded","floor":6,"key":"SMITH"},{"data":"Sweeping Beam","floor":15,"key":"SMITH"},{"floor":23,"key":"REST"},{"floor":27,"key":"REST"},{"floor":30,"key":"REST"},{"floor":32,"key":"REST"},{"data":"Coolheaded","floor":40,"key":"SMITH"},{"data":"Buffer","floor":42,"key":"SMITH"},{"floor":49,"key":"RECALL"},{"data":"Fission","floor":52,"key":"SMITH"}],"neow_cost":"NONE","seed_source_timestamp":430707509299925,"circlet_count":0,"master_deck":["AscendersBane","Defend_B+1","Defend_B","Defend_B","Zap+1","Self Repair","Coolheaded+1","Coolheaded+1","Melter","Ball Lightning","Compile Driver","Sweeping Beam+1","Loop","Loop","Creative AI","Auto Shields","Meteor Strike","Buffer+1","Panacea","Heatsinks+1","Darkness","Reinforced Body","Static Discharge","Fission+1","Seek","Aggregate+1"],"relics":["Cracked Core","NeowsBlessing","Ancient Tea Set","Regal Pillow","Potion Belt","Bag of Preparation","Singing Bowl","Snecko Eye","Dead Branch","Gambling Chip","Dodecahedron","Bag of Marbles","Sozu","Incense Burner","Anchor","Centennial Puzzle","Oddly Smooth Stone","Boot"],"potions_floor_usage":[10,16,19,21,24,25,31],"damage_taken":[{"damage":0,"enemies":"Small Slimes","floor":1,"turns":1},{"damage":0,"enemies":"2 Louse","floor":5,"turns":1},{"damage":0,"enemies":"3 Sentries","floor":7,"turns":2},{"damage":5,"enemies":"Jaw Worm","floor":8,"turns":4},{"damage":26,"enemies":"Lagavulin","floor":10,"turns":5},{"damage":7,"enemies":"Exordium Thugs","floor":11,"turns":4},{"damage":4,"enemies":"Exordium Wildlife","floor":12,"turns":2},{"damage":23,"enemies":"Gremlin Nob","floor":13,"turns":4},{"damage":31,"enemies":"Slime Boss","floor":16,"turns":9},{"damage":21,"enemies":"2 Thieves","floor":18,"turns":3},{"damage":10,"enemies":"3 Byrds","floor":19,"turns":3},{"damage":24,"enemies":"Shelled Parasite and Fungi","floor":21,"turns":6},{"damage":67,"enemies":"Slavers","floor":24,"turns":4},{"damage":1,"enemies":"Cultist and Chosen","floor":25,"turns":5},{"damage":0,"enemies":"Sentry and Sphere","floor":28,"turns":3},{"damage":54,"enemies":"Gremlin Leader","floor":29,"turns":8},{"damage":57,"enemies":"Slavers","floor":31,"turns":7},{"damage":12,"enemies":"Champ","floor":33,"turns":8},{"damage":10,"enemies":"3 Darklings","floor":35,"turns":3},{"damage":0,"enemies":"3 Shapes","floor":37,"turns":4},{"damage":0,"enemies":"Nemesis","floor":41,"turns":5},{"damage":0,"enemies":"Giant Head","floor":44,"turns":5},{"damage":0,"enemies":"Maw","floor":46,"turns":6},{"damage":0,"enemies":"Spire Growth","floor":47,"turns":4},{"damage":0,"enemies":"Nemesis","floor":48,"turns":5},{"damage":0,"enemies":"Donu and Deca","floor":50,"turns":6},{"damage":0,"enemies":"Shield and Spear","floor":54,"turns":6},{"damage":95,"enemies":"The Heart","floor":55,"turns":9}],"seed_played":"-2821228982532714247","potions_obtained":[{"floor":1,"key":"Explosive Potion"},{"floor":7,"key":"AttackPotion"},{"floor":10,"key":"FairyPotion"},{"floor":13,"key":"SpeedPotion"},{"floor":16,"key":"PowerPotion"},{"floor":18,"key":"AttackPotion"},{"floor":19,"key":"Swift Potion"},{"floor":29,"key":"AttackPotion"}],"is_trial":false,"path_per_floor":["M","?","?","T","M","R","E","M","T","E","M","M","E","$","R","B",null,"M","M","?","M","?","R","E","M","T","R","M","E","R","E","R","B",null,"M","?","M","?","?","R","E","R","T","E","$","M","M","E","R","B",null,"R","$","E","B"],"character_chosen":"DEFECT","items_purchased":["Loop","Darkness","Seek","Oddly Smooth Stone"],"campfire_rested":4,"item_purchase_floors":[14,45,53,53],"current_hp_per_floor":[68,61,61,61,68,68,75,75,75,56,56,59,43,43,43,19,61,49,41,41,26,26,65,10,18,18,58,67,20,61,11,52,47,77,76,70,72,72,72,72,81,81,81,88,88,92,92,92,92,92,92,92,92,92,0],"gold":66,"neow_bonus":"THREE_ENEMY_KILL","is_prod":false,"is_daily":false,"chose_seed":false,"campfire_upgraded":5,"win_rate":0,"timestamp":1563421007,"path_taken":["M","?","?","?","?","R","E","M","T","E","M","M","E","?","R","BOSS","M","M","?","M","?","R","E","M","T","R","?","E","R","E","R","BOSS","M","?","M","?","?","R","E","R","T","E","?","?","M","E","R","BOSS","R","$","E","BOSS"],"build_version":"2019-07-17","purchased_purges":3,"victory":false,"max_hp_per_floor":[75,75,75,75,75,75,75,75,75,75,75,75,75,75,75,75,75,77,79,79,81,81,81,83,85,85,85,87,87,87,87,87,87,87,89,93,95,90,90,90,92,92,92,92,92,92,92,92,92,92,92,92,92,92,92],"card_choices":[{"not_picked":["Steam","Lockon"],"picked":"Self Repair","floor":1},{"not_picked":["Compile Driver","Force Field"],"picked":"Coolheaded","floor":5},{"not_picked":["Rebound","Multi-Cast"],"picked":"Coolheaded","floor":7},{"not_picked":["Turbo","Aggregate"],"picked":"Melter","floor":8},{"not_picked":["Rip and Tear","Capacitor"],"picked":"Ball Lightning","floor":10},{"not_picked":["Barrage","Steam"],"picked":"Compile Driver","floor":11},{"not_picked":["Cold Snap","Leap"],"picked":"Sweeping Beam","floor":12},{"not_picked":["Heatsinks","Chaos"],"picked":"Loop","floor":13},{"not_picked":["Buffer","Meteor Strike"],"picked":"Creative AI","floor":16},{"not_picked":["Cold Snap","Redo","Turbo"],"picked":"Singing Bowl","floor":18},{"not_picked":["Hologram","Compile Driver+1","Tempest+1"],"picked":"Singing Bowl","floor":19},{"not_picked":["Creative AI","Sweeping Beam","Doom and Gloom"],"picked":"Singing Bowl","floor":21},{"not_picked":["Fusion","Streamline","Stack"],"picked":"Singing Bowl","floor":24},{"not_picked":["Hologram","Reprogram","Ball Lightning"],"picked":"Singing Bowl","floor":25},{"not_picked":["Stack","Reprogram","Gash"],"picked":"Singing Bowl","floor":28},{"not_picked":["Ball Lightning","Sweeping Beam"],"picked":"Auto Shields","floor":29},{"not_picked":["Redo","Rebound"],"picked":"Meteor Strike","floor":31},{"not_picked":["Rainbow","Thunder Strike"],"picked":"Buffer","floor":33},{"not_picked":["Steam Power","Aggregate","Ball Lightning"],"picked":"Singing Bowl","floor":35},{"not_picked":["Finesse","Forethought"],"picked":"Panacea","floor":36},{"not_picked":["Blind","Madness","Panacea"],"picked":"Singing Bowl","floor":36},{"not_picked":["Forethought","PanicButton","Dramatic Entrance"],"picked":"Singing Bowl","floor":36},{"not_picked":["Barrage","Leap","Stack+1"],"picked":"Singing Bowl","floor":37},{"not_picked":["Cold Snap","Lockon+1","Go for the Eyes"],"picked":"Singing Bowl","floor":41},{"not_picked":["Double Energy","Ball Lightning"],"picked":"Heatsinks+1","floor":44},{"not_picked":["Go for the Eyes","Sweeping Beam"],"picked":"Reinforced Body","floor":46},{"not_picked":["Turbo","Steam"],"picked":"Static Discharge","floor":47},{"not_picked":["Fusion+1","Self Repair"],"picked":"Fission","floor":48},{"not_picked":["White Noise","Chill"],"picked":"Aggregate+1","floor":54}],"player_experience":701186,"relics_obtained":[{"floor":4,"key":"Ancient Tea Set"},{"floor":7,"key":"Regal Pillow"},{"floor":9,"key":"Potion Belt"},{"floor":10,"key":"Bag of Preparation"},{"floor":13,"key":"Singing Bowl"},{"floor":24,"key":"Dead Branch"},{"floor":26,"key":"Gambling Chip"},{"floor":29,"key":"Dodecahedron"},{"floor":31,"key":"Bag of Marbles"},{"floor":41,"key":"Incense Burner"},{"floor":44,"key":"Anchor"},{"floor":48,"key":"Centennial Puzzle"},{"floor":54,"key":"Boot"}],"event_choices":[{"cards_removed":["Strike_B"],"damage_healed":0,"gold_gain":0,"player_choice":"Card Removal","damage_taken":7,"max_hp_gain":0,"max_hp_loss":0,"event_name":"Golden Wing","floor":2,"gold_loss":0},{"damage_healed":0,"gold_gain":0,"player_choice":"Grow","damage_taken":0,"max_hp_gain":0,"max_hp_loss":0,"event_name":"Living Wall","floor":3,"gold_loss":0,"cards_upgraded":["Zap"]},{"damage_healed":0,"gold_gain":0,"player_choice":"Ignored","damage_taken":0,"max_hp_gain":0,"max_hp_loss":0,"event_name":"Ghosts","floor":20,"gold_loss":0},{"cards_removed":["Strike_B"],"damage_healed":0,"gold_gain":0,"player_choice":"Upgrade and Remove","damage_taken":0,"max_hp_gain":0,"max_hp_loss":0,"event_name":"Designer","floor":22,"gold_loss":90,"cards_upgraded":["Defend_B"]},{"damage_healed":0,"gold_gain":0,"player_choice":"Memory 3","damage_taken":10,"max_hp_gain":0,"max_hp_loss":0,"event_name":"SensoryStone","floor":36,"gold_loss":0},{"damage_healed":0,"gold_gain":0,"player_choice":"Max HP","damage_taken":0,"max_hp_gain":0,"max_hp_loss":5,"event_name":"Winding Halls","floor":38,"gold_loss":0},{"cards_removed":["Defend_B"],"damage_healed":0,"gold_gain":0,"player_choice":"Removed Skill","damage_taken":0,"max_hp_gain":0,"max_hp_loss":0,"event_name":"Falling","floor":39,"gold_loss":0}],"is_beta":false,"boss_relics":[{"not_picked":["Astrolabe","Runic Pyramid"],"picked":"Snecko Eye"},{"not_picked":["Calling Bell","Cursed Key"],"picked":"Sozu"}],"items_purged_floors":[14,45,53],"is_endless":false,"potions_floor_spawned":[1,7,10,13,16,18,19,29,41,44,47,48],"killed_by":"The Heart","ascension_level":13}