{"gold_per_floor":[367,21,21,37,49,83,83,95,95,95,113,140,40,40,40,144,144,163,180,180,103,103],"floor_reached":22,"playtime":711,"items_purged":["Defend_B","Strike_B"],"score":213,"play_id":"7d132622-b154-47b3-bd93-e567579893aa","local_time":"20190107210359","is_ascension_mode":true,"campfire_choices":[{"data":"Apotheosis","floor":7,"key":"SMITH"},{"floor":10,"key":"RECALL"},{"floor":15,"key":"REST"}],"neow_cost":"TEN_PERCENT_HP_LOSS","seed_source_timestamp":1423048453187001,"circlet_count":0,"master_deck":["Strike_B","Strike_B","Defend_B","Defend_B","Zap","Dualcast","Streamline","Apotheosis+1","Loop","Machine Learning","Auto Shields","Melter","Go for the Eyes","Conserve Battery","Capacitor","Streamline","Creative AI","Doom and Gloom+1","Steam","Reboot"],"relics":["Cracked Core","Strawberry","Emotion Chip","Empty Cage","Nilry\u0027s Codex"],"potions_floor_usage":[6,22],"damage_taken":[{"damage":8,"enemies":"Small Slimes","floor":1,"turns":2},{"damage":0,"enemies":"Cultist","floor":4,"turns":3},{"damage":0,"enemies":"Jaw Worm","floor":5,"turns":2},{"damage":16,"enemies":"3 Sentries","floor":6,"turns":6},{"damage":0,"enemies":"Large Slime","floor":8,"turns":4},{"damage":12,"enemies":"2 Fungi Beasts","floor":11,"turns":3},{"damage":19,"enemies":"Lagavulin","floor":12,"turns":5},{"damage":20,"enemies":"Hexaghost","floor":16,"turns":10},{"damage":0,"enemies":"Spheric Guardian","floor":18,"turns":2},{"damage":31,"enemies":"Chosen","floor":19,"turns":5},{"damage":25,"enemies":"Snecko","floor":22,"turns":3}],"seed_played":"-7526121600244987486","potions_obtained":[{"floor":5,"key":"Block Potion"},{"floor":6,"key":"Ancient Potion"},{"floor":12,"key":"Swift Potion"},{"floor":16,"key":"FocusPotion"}],"is_trial":false,"path_per_floor":["M","$","?","M","M","E","R","M","T","R","M","E","$","?","R","B",null,"M","M","?","$","M"],"character_chosen":"DEFECT","items_purchased":["Apotheosis","Loop","Reboot"],"campfire_rested":1,"item_purchase_floors":[2,2,21],"current_hp_per_floor":[60,60,60,60,60,51,51,51,51,51,39,20,20,38,60,40,72,72,41,25,25,0],"gold":103,"neow_bonus":"TWO_FIFTY_GOLD","is_prod":false,"is_daily":false,"chose_seed":false,"campfire_upgraded":1,"win_rate":0,"timestamp":1546913039,"path_taken":["M","$","?","?","M","E","R","M","T","R","M","E","?","?","R","BOSS","M","M","?","$","M"],"build_version":"2019-01-03v4","purchased_purges":2,"victory":false,"max_hp_per_floor":[68,68,68,68,68,75,75,75,75,75,75,75,75,75,75,75,72,72,72,72,72,72],"card_choices":[{"not_picked":["Compile Driver","Hologram"],"picked":"Streamline","floor":1},{"not_picked":["Sweeping Beam","Consume"],"picked":"Auto Shields","floor":4},{"not_picked":["Steam Power","Consume"],"picked":"Melter","floor":5},{"not_picked":["Consume","Stack"],"picked":"Go for the Eyes","floor":6},{"not_picked":["Melter","Ball Lightning"],"picked":"Conserve Battery","floor":8},{"not_picked":["Compile Driver","Conserve Battery"],"picked":"Capacitor","floor":11},{"not_picked":["Compile Driver","Steam Power"],"picked":"Streamline","floor":12},{"not_picked":["Hyperbeam","Reboot"],"picked":"Creative AI","floor":16},{"not_picked":["Compile Driver+1","Reinforced Body"],"picked":"Doom and Gloom+1","floor":18},{"not_picked":["Sunder+1","Beam Cell"],"picked":"Steam","floor":19}],"player_experience":245705,"relics_obtained":[{"floor":6,"key":"Strawberry"},{"floor":12,"key":"Emotion Chip"},{"floor":20,"key":"Nilry\u0027s Codex"}],"event_choices":[{"damage_healed":0,"gold_gain":0,"cards_transformed":["Strike_B"],"player_choice":"Transformed","damage_taken":0,"max_hp_gain":0,"max_hp_loss":0,"event_name":"Transmorgrifier","floor":3,"gold_loss":0,"cards_obtained":["Machine Learning"]},{"damage_healed":18,"gold_gain":0,"player_choice":"Healed and dodged fight","damage_taken":0,"max_hp_gain":0,"max_hp_loss":0,"event_name":"Mushrooms","floor":14,"gold_loss":0,"cards_obtained":["Parasite"]},{"damage_healed":0,"gold_gain":0,"player_choice":"Obtained Book","damage_taken":16,"max_hp_gain":0,"max_hp_loss":0,"event_name":"Cursed Tome","floor":20,"gold_loss":0}],"is_beta":false,"boss_relics":[{"not_picked":["Orrery","Lizard Tail"],"picked":"Empty Cage"}],"items_purged_floors":[2,13],"is_endless":false,"potions_floor_spawned":[5,6,12,16,18],"killed_by":"Snecko","ascension_level":2}