{"gold_per_floor":[209,209,3,3,3,44,65,98,98,118,118],"floor_reached":11,"playtime":313,"items_purged":[],"score":93,"play_id":"2de7e41c-9e59-4a87-9782-66836e418ed6","local_time":"20190603215156","is_ascension_mode":true,"campfire_choices":[],"neow_cost":"NONE","seed_source_timestamp":1066026013652,"circlet_count":0,"master_deck":["Strike_R","Strike_R","Strike_R","Strike_R","Defend_R","Defend_R","Defend_R","Defend_R","Bash","Injury","Seeing Red","Clash","Shockwave","Cleave"],"relics":["Burning Blood","Toolbox","Golden Idol","Shuriken","Boot"],"potions_floor_usage":[],"damage_taken":[{"damage":6,"enemies":"2 Louse","floor":1,"turns":3},{"damage":60,"enemies":"Lagavulin","floor":6,"turns":7},{"damage":6,"enemies":"Small Slimes","floor":7,"turns":2},{"damage":45,"enemies":"Gremlin Nob","floor":8,"turns":5},{"damage":7,"enemies":"Jaw Worm","floor":10,"turns":3},{"damage":18,"enemies":"Exordium Wildlife","floor":11,"turns":3}],"seed_played":"271194035795073354","potions_obtained":[{"floor":1,"key":"FairyPotion"},{"floor":10,"key":"Strength Potion"}],"is_trial":false,"path_per_floor":["M","?","$","?","$","E","M","E","T","M","M"],"character_chosen":"IRONCLAD","items_purchased":["Toolbox"],"campfire_rested":0,"item_purchase_floors":[3],"current_hp_per_floor":[80,73,73,73,73,19,19,14,14,13,0],"gold":118,"neow_bonus":"HUNDRED_GOLD","is_prod":false,"is_daily":false,"chose_seed":false,"campfire_upgraded":0,"win_rate":0,"timestamp":1559616716,"path_taken":["M","?","$","?","$","E","M","E","T","?","M"],"build_version":"2019-01-23","purchased_purges":0,"victory":false,"max_hp_per_floor":[80,80,80,80,80,80,80,80,80,80,80],"card_choices":[{"not_picked":["Burning Pact","True Grit","Searing Blow"],"picked":"SKIP","floor":1},{"not_picked":["Dual Wield","Thunderclap"],"picked":"Seeing Red","floor":6},{"not_picked":["Sentinel","Flame Barrier"],"picked":"Clash","floor":7},{"not_picked":["Thunderclap","Armaments"],"picked":"Shockwave","floor":8},{"not_picked":["Twin Strike","Evolve"],"picked":"Cleave","floor":10}],"player_experience":71434,"relics_obtained":[{"floor":6,"key":"Shuriken"},{"floor":8,"key":"Boot"}],"event_choices":[{"cards_removed":["Strike_R"],"damage_healed":0,"gold_gain":0,"player_choice":"Card Removal","damage_taken":7,"max_hp_gain":0,"max_hp_loss":0,"event_name":"Golden Wing","floor":2,"gold_loss":0},{"damage_healed":0,"gold_gain":0,"player_choice":"Take Wound","damage_taken":0,"relics_obtained":["Golden Idol"],"max_hp_gain":0,"max_hp_loss":0,"event_name":"Golden Idol","floor":4,"gold_loss":0,"cards_obtained":["Injury"]}],"is_beta":false,"boss_relics":[],"items_purged_floors":[],"is_endless":false,"potions_floor_spawned":[1,10],"killed_by":"Exordium Wildlife","ascension_level":3}