{"gold_per_floor":[110,130,10,30,30,30,62,81,81,81,81,98,133,150,150,246,246,262,279,294,304,321,353,353,378,378,378,7,7,25,25],"floor_reached":31,"playtime":1343,"items_purged":["Writhe","Decay"],"score":289,"play_id":"fb89178b-6583-4ee3-bd9c-a06265bb5c38","local_time":"20190608155545","is_ascension_mode":false,"campfire_choices":[{"data":"Zap","floor":6.0,"key":"SMITH"},{"data":"Beam Cell","floor":10.0,"key":"SMITH"},{"data":"Lockon","floor":15.0,"key":"SMITH"},{"data":"Self Repair","floor":24,"key":"SMITH"}],"neow_cost":"CURSE","seed_source_timestamp":100342577422850,"circlet_count":0,"master_deck":["Strike_B+1","Strike_B+1","Strike_B+1","Defend_B+1","Defend_B+1","Defend_B+1","Zap+1","Dualcast","Biased Cognition","Conserve Battery","Cold Snap","Ball Lightning","Self Repair+1","Lockon+1","Beam Cell+1","Ball Lightning","Doom and Gloom","Loop+1","Storm+1","Echo Form+1","Leap+1","Conserve Battery","Go for the Eyes","Sunder+1","Capacitor+1","Writhe"],"special_seed":0,"relics":["Cracked Core","Kunai","Frozen Egg 2","Cursed Key","Smiling Mask","Dream Catcher","Gremlin Horn","Matryoshka","Boot"],"potions_floor_usage":[22,25,30,31],"damage_taken":[{"damage":2.0,"enemies":"2 Louse","floor":1.0,"turns":2.0},{"damage":0.0,"enemies":"Cultist","floor":2.0,"turns":3.0},{"damage":0.0,"enemies":"Jaw Worm","floor":4.0,"turns":3.0},{"damage":10.0,"enemies":"Lagavulin","floor":7.0,"turns":6.0},{"damage":2.0,"enemies":"Gremlin Gang","floor":8.0,"turns":3.0},{"damage":6.0,"enemies":"3 Louse","floor":12.0,"turns":3.0},{"damage":5.0,"enemies":"3 Sentries","floor":13.0,"turns":4.0},{"damage":5.0,"enemies":"Looter","floor":14.0,"turns":2.0},{"damage":38.0,"enemies":"Hexaghost","floor":16.0,"turns":6.0},{"damage":17,"enemies":"2 Thieves","floor":18,"turns":3},{"damage":23,"enemies":"Shell Parasite","floor":19,"turns":4},{"damage":15,"enemies":"Centurion and Healer","floor":20,"turns":7},{"damage":0,"enemies":"Snecko","floor":21,"turns":4},{"damage":12,"enemies":"Sentry and Sphere","floor":22,"turns":6},{"damage":8,"enemies":"Book of Stabbing","floor":23,"turns":4},{"damage":24,"enemies":"Gremlin Leader","floor":25,"turns":7},{"damage":20,"enemies":"Centurion and Healer","floor":30,"turns":5},{"damage":5,"enemies":"Snake Plant","floor":31,"turns":1}],"seed_played":"3299930449927282734","potions_obtained":[{"floor":4.0,"key":"Block Potion"},{"floor":7.0,"key":"EssenceOfSteel"},{"floor":13.0,"key":"AttackPotion"},{"floor":20,"key":"Regen Potion"},{"floor":22,"key":"SpeedPotion"},{"floor":23,"key":"Fire Potion"},{"floor":30,"key":"Swift Potion"}],"is_trial":false,"path_per_floor":["M","M","$","M","?","R","E","M","T","R","?","M","E","M","R","B",null,"M","M","M","M","M","E","R","E","T","?","$","?","M","M"],"character_chosen":"DEFECT","items_purchased":["Ball Lightning","Capacitor+1","Matryoshka"],"campfire_rested":0,"item_purchase_floors":[3,28,28],"current_hp_per_floor":[73,73,73,73,73,73,70,68,68,68,68,69,71,73,73,35,75,65,49,48,48,57,49,49,25,25,25,25,25,5,0],"gold":25,"neow_bonus":"THREE_RARE_CARDS","is_prod":false,"is_daily":false,"chose_seed":false,"campfire_upgraded":4,"win_rate":0,"timestamp":1560027345,"path_taken":["M","M","$","M","?","R","E","?","T","R","?","M","E","M","R","BOSS","M","M","M","?","M","E","R","E","T","?","$","?","M","M"],"build_version":"2019-01-23","purchased_purges":2,"victory":false,"max_hp_per_floor":[75,75,75,75,75,75,75,75,75,75,75,75,75,75,75,75,75,75,75,75,75,75,75,75,75,75,75,75,75,75,75],"card_choices":[{"not_picked":["Machine Learning","Thunder Strike"],"picked":"Biased Cognition","floor":0.0},{"not_picked":["Gash","Compile Driver"],"picked":"Conserve Battery","floor":1.0},{"not_picked":["Streamline","Beam Cell"],"picked":"Cold Snap","floor":2.0},{"not_picked":["Sweeping Beam","Skim"],"picked":"Self Repair","floor":4.0},{"not_picked":["Turbo","Scrape"],"picked":"Beam Cell","floor":7.0},{"not_picked":["Double Energy","Stack"],"picked":"Ball Lightning","floor":8.0},{"not_picked":["Melter","Stack"],"picked":"Doom and Gloom","floor":12.0},{"not_picked":["Scrape","Sunder"],"picked":"Loop","floor":13.0},{"not_picked":["Redo","Barrage"],"picked":"Storm+1","floor":14.0},{"not_picked":["Biased Cognition+1","Meteor Strike"],"picked":"Echo Form+1","floor":16.0},{"not_picked":["Turbo","Compile Driver","Sweeping Beam"],"picked":"SKIP","floor":18},{"not_picked":["Undo","Rip and Tear"],"picked":"Leap+1","floor":19},{"not_picked":["Reinforced Body+1","Turbo"],"picked":"Conserve Battery","floor":20},{"not_picked":["Ball Lightning+1","Barrage","Gash"],"picked":"SKIP","floor":21},{"not_picked":["Glacier","Leap"],"picked":"Go for the Eyes","floor":22},{"not_picked":["Storm+1","Redo"],"picked":"Sunder+1","floor":23},{"not_picked":["Leap+1","Blizzard","Fission"],"picked":"SKIP","floor":25},{"not_picked":["Scrape","Cold Snap","Go for the Eyes"],"picked":"SKIP","floor":30}],"player_experience":141541,"relics_obtained":[{"floor":7.0,"key":"Kunai"},{"floor":13.0,"key":"Frozen Egg 2"},{"floor":23,"key":"Smiling Mask"},{"floor":25,"key":"Dream Catcher"},{"floor":26,"key":"Gremlin Horn"}],"event_choices":[{"damage_healed":0.0,"max_hp_gain":0.0,"max_hp_loss":0.0,"gold_gain":0.0,"cards_transformed":["Strike_B"],"event_name":"Transmorgrifier","player_choice":"Transformed","floor":5.0,"gold_loss":0.0,"damage_taken":0.0,"cards_obtained":["Lockon"]},{"cards_removed":["Defend_B"],"damage_healed":0.0,"max_hp_gain":0.0,"max_hp_loss":0.0,"gold_gain":0.0,"event_name":"Bonfire Elementals","player_choice":"Offered Basic","floor":11.0,"gold_loss":0.0,"damage_taken":0.0},{"damage_healed":0,"gold_gain":0,"player_choice":"Simplicity","damage_taken":0,"max_hp_gain":0,"max_hp_loss":0,"event_name":"Back to Basics","floor":27,"gold_loss":0,"cards_upgraded":["Strike_B","Strike_B","Strike_B","Defend_B","Defend_B","Defend_B"]},{"damage_healed":0,"gold_gain":0,"player_choice":"Opened","damage_taken":0,"relics_obtained":["Boot"],"max_hp_gain":0,"max_hp_loss":0,"event_name":"The Mausoleum","floor":29,"gold_loss":0,"cards_obtained":["Writhe"]}],"is_beta":false,"boss_relics":[{"not_picked":["Eternal Feather","FrozenCore"],"picked":"Cursed Key"}],"items_purged_floors":[3,28],"is_endless":false,"potions_floor_spawned":[4,7,13,20,22,23,30],"killed_by":"Snake Plant","ascension_level":0}