{"gold_per_floor":[113,132,148,148,164,189,200,212,212,212,63,63,28,60,60,136,136,148,23,23,35,35,35,97,97,97,112,126,146,46,71,71,71],"floor_reached":33,"playtime":1128,"items_purged":["Strike_R","Strike_R"],"score":585,"play_id":"2b173db7-a64f-429f-8dee-e528719a7c07","local_time":"20190713123328","is_ascension_mode":true,"campfire_choices":[{"data":"Feed","floor":10,"key":"SMITH"},{"floor":12,"key":"REST"},{"data":"Armaments","floor":15,"key":"SMITH"},{"data":"Cleave","floor":23,"key":"SMITH"},{"data":"Double Tap","floor":25,"key":"SMITH"},{"floor":32,"key":"REST"}],"neow_cost":"NONE","seed_source_timestamp":306335731312992,"circlet_count":0,"master_deck":["AscendersBane","Strike_R+1","Strike_R","Defend_R","Defend_R","Defend_R","Defend_R","Bash","Cleave+1","Carnage","Feed+1","Anger","Offering","Armaments+1","Double Tap+1","Shrug It Off","Heavy Blade","Shrug It Off","Regret","Body Slam","Dual Wield+1","Flex+1"],"relics":["Burning Blood","Boot","Red Skull","Blood Vial","Cursed Key","Enchiridion","Tiny Chest","Ornamental Fan","Toxic Egg 2"],"potions_floor_usage":[6,16,18,24,24,28,33],"damage_taken":[{"damage":9,"enemies":"Small Slimes","floor":1,"turns":5},{"damage":6,"enemies":"Cultist","floor":2,"turns":3},{"damage":3,"enemies":"Jaw Worm","floor":3,"turns":4},{"damage":12,"enemies":"3 Louse","floor":5,"turns":3},{"damage":30,"enemies":"3 Sentries","floor":6,"turns":9},{"damage":17,"enemies":"Lots of Slimes","floor":7,"turns":3},{"damage":11,"enemies":"Blue Slaver","floor":8,"turns":3},{"damage":24,"enemies":"Gremlin Nob","floor":14,"turns":3},{"damage":26,"enemies":"Slime Boss","floor":16,"turns":7},{"damage":34,"enemies":"2 Thieves","floor":18,"turns":3},{"damage":2,"enemies":"Spheric Guardian","floor":21,"turns":3},{"damage":11,"enemies":"Book of Stabbing","floor":24,"turns":3},{"damage":7,"enemies":"3 Cultists","floor":27,"turns":3},{"damage":28,"enemies":"Snecko","floor":28,"turns":5},{"damage":8,"enemies":"Sentry and Sphere","floor":29,"turns":3},{"damage":26,"enemies":"Gremlin Leader","floor":31,"turns":5},{"damage":87,"enemies":"Champ","floor":33,"turns":6}],"seed_played":"3929383911405850687","potions_obtained":[{"floor":2,"key":"Explosive Potion"},{"floor":3,"key":"Explosive Potion"},{"floor":8,"key":"Poison Potion"},{"floor":16,"key":"AttackPotion"},{"floor":18,"key":"Weak Potion"},{"floor":27,"key":"Regen Potion"},{"floor":28,"key":"Swift Potion"}],"is_trial":false,"path_per_floor":["M","M","M","?","M","E","M","M","T","R","$","R","?","E","R","B",null,"M","$","?","M","?","R","E","R","T","M","M","M","$","E","R","B"],"character_chosen":"IRONCLAD","items_purchased":["Offering","Heavy Blade"],"campfire_rested":2,"item_purchase_floors":[11,19],"current_hp_per_floor":[65,65,68,57,51,30,22,20,20,20,20,45,66,52,52,38,79,57,57,36,46,46,46,47,47,47,52,50,54,54,36,70,0],"gold":71,"neow_bonus":"UPGRADE_CARD","is_prod":false,"is_daily":false,"chose_seed":false,"campfire_upgraded":4,"win_rate":0,"timestamp":1563039208,"path_taken":["M","M","M","?","M","E","?","?","T","R","$","R","?","E","R","BOSS","M","$","?","M","?","R","E","R","T","M","M","?","$","E","R","BOSS"],"build_version":"2019-07-05","purchased_purges":2,"victory":false,"max_hp_per_floor":[75,75,75,75,75,78,81,84,84,84,84,84,84,88,88,92,92,96,96,96,100,100,100,104,104,104,108,112,116,116,116,116,116],"card_choices":[{"not_picked":["Body Slam","Sentinel","Evolve"],"picked":"SKIP","floor":1},{"not_picked":["Warcry","Clash"],"picked":"Cleave","floor":2},{"not_picked":["Thunderclap","Twin Strike"],"picked":"Carnage","floor":3},{"not_picked":["Clothesline","Bloodletting"],"picked":"Feed","floor":5},{"not_picked":["Havoc","Fire Breathing","Clash"],"picked":"SKIP","floor":6},{"not_picked":["Warcry","True Grit"],"picked":"Anger","floor":7},{"not_picked":["Perfected Strike","Evolve","Cleave"],"picked":"SKIP","floor":8},{"not_picked":["Headbutt","Fiend Fire"],"picked":"Armaments","floor":14},{"not_picked":["Berserk","Fiend Fire"],"picked":"Double Tap","floor":16},{"not_picked":["Rampage","Flex"],"picked":"Shrug It Off","floor":18},{"not_picked":["Anger","Havoc"],"picked":"Shrug It Off","floor":21},{"not_picked":["Heavy Blade","Anger","Shrug It Off"],"picked":"SKIP","floor":24},{"not_picked":["Anger","Armaments"],"picked":"Body Slam","floor":27},{"not_picked":["Cleave","Wild Strike"],"picked":"Dual Wield+1","floor":28},{"not_picked":["Double Tap","Warcry","Wild Strike+1"],"picked":"SKIP","floor":29},{"not_picked":["Sever Soul+1","Warcry"],"picked":"Flex","floor":31}],"player_experience":370755,"relics_obtained":[{"floor":6,"key":"Boot"},{"floor":9,"key":"Red Skull"},{"floor":14,"key":"Blood Vial"},{"floor":20,"key":"Enchiridion"},{"floor":24,"key":"Tiny Chest"},{"floor":26,"key":"Ornamental Fan"},{"floor":31,"key":"Toxic Egg 2"}],"event_choices":[{"damage_healed":0,"gold_gain":0,"player_choice":"Damaged","damage_taken":11,"max_hp_gain":0,"max_hp_loss":0,"event_name":"Wheel of Change","floor":4,"gold_loss":0},{"damage_healed":21,"gold_gain":0,"player_choice":"Healed","damage_taken":0,"max_hp_gain":0,"max_hp_loss":0,"event_name":"The Cleric","floor":13,"gold_loss":35},{"damage_healed":0,"gold_gain":0,"player_choice":"Obtained Book","damage_taken":21,"max_hp_gain":0,"max_hp_loss":0,"event_name":"Cursed Tome","floor":20,"gold_loss":0},{"cards_removed":["Strike_R"],"damage_healed":0,"gold_gain":0,"player_choice":"Purged","damage_taken":0,"max_hp_gain":0,"max_hp_loss":0,"event_name":"Purifier","floor":22,"gold_loss":0}],"is_beta":false,"boss_relics":[{"not_picked":["Tiny House","Eternal Feather"],"picked":"Cursed Key"}],"items_purged_floors":[19,30],"is_endless":false,"potions_floor_spawned":[2,3,8,16,18,27,28],"killed_by":"Champ","ascension_level":16}