{"gold_per_floor":[117,117,144,57,74,106,71,88,88,107,107,134,147,147],"floor_reached":14,"playtime":597,"items_purged":[],"score":185,"play_id":"363d402f-a5d1-4061-9f06-6cd7e88c0ec6","local_time":"20190718172839","is_ascension_mode":true,"campfire_choices":[{"data":"Noxious Fumes","floor":11,"key":"SMITH"}],"neow_cost":"NONE","seed_source_timestamp":756575582929620,"circlet_count":0,"master_deck":["AscendersBane","Strike_G","Strike_G","Strike_G","Strike_G","Strike_G","Defend_G","Defend_G","Defend_G","Defend_G","Defend_G","Survivor","Neutralize+1","Deflect","Noxious Fumes+1","Caltrops","Poisoned Stab","Infinite Blades","Infinite Blades","PiercingWail"],"relics":["Ring of the Snake","Juzu Bracelet","Letter Opener","Shuriken","Mummified Hand"],"potions_floor_usage":[14,14],"damage_taken":[{"damage":2,"enemies":"2 Louse","floor":1,"turns":3},{"damage":7,"enemies":"Jaw Worm","floor":5,"turns":5},{"damage":16,"enemies":"Lagavulin","floor":6,"turns":10},{"damage":0,"enemies":"Small Slimes","floor":8,"turns":4},{"damage":7,"enemies":"3 Louse","floor":10,"turns":3},{"damage":31,"enemies":"3 Sentries","floor":12,"turns":7},{"damage":9,"enemies":"Looter","floor":13,"turns":3},{"damage":3,"enemies":"2 Fungi Beasts","floor":14,"turns":2}],"seed_played":"5470567363548611656","potions_obtained":[{"floor":8,"key":"Explosive Potion"},{"floor":10,"key":"Poison Potion"}],"is_trial":false,"path_per_floor":["M","?","T","$","M","E","?","M","T","M","R","E","M","M"],"character_chosen":"THE_SILENT","items_purchased":["Noxious Fumes"],"campfire_rested":0,"item_purchase_floors":[4],"current_hp_per_floor":[57,57,57,57,50,34,50,50,50,43,43,12,3,0],"gold":147,"neow_bonus":"UPGRADE_CARD","is_prod":false,"is_daily":false,"chose_seed":false,"campfire_upgraded":1,"win_rate":0,"timestamp":1563488919,"path_taken":["M","?","?","?","M","E","?","M","T","M","R","E","M","M"],"build_version":"2019-07-17","purchased_purges":0,"victory":false,"max_hp_per_floor":[66,66,66,66,66,66,66,66,66,66,66,66,66,66],"card_choices":[{"not_picked":["Acrobatics","Distraction"],"picked":"Deflect","floor":1},{"not_picked":["Sucker Punch","Finisher"],"picked":"Caltrops","floor":5},{"not_picked":["Slice","Sucker Punch","Distraction"],"picked":"SKIP","floor":6},{"not_picked":["Prepared","Expertise"],"picked":"Poisoned Stab","floor":8},{"not_picked":["Dagger Throw","Acrobatics"],"picked":"Infinite Blades","floor":10},{"not_picked":["Endless Agony","Blade Dance"],"picked":"Infinite Blades","floor":12},{"not_picked":["Backflip","Outmaneuver"],"picked":"PiercingWail","floor":13}],"player_experience":385689,"relics_obtained":[{"floor":3,"key":"Juzu Bracelet"},{"floor":6,"key":"Letter Opener"},{"floor":9,"key":"Shuriken"},{"floor":12,"key":"Mummified Hand"}],"event_choices":[{"damage_healed":0,"gold_gain":0,"player_choice":"Ignored","damage_taken":0,"max_hp_gain":0,"max_hp_loss":0,"event_name":"Golden Wing","floor":2,"gold_loss":0},{"damage_healed":16,"gold_gain":0,"player_choice":"Healed","damage_taken":0,"max_hp_gain":0,"max_hp_loss":0,"event_name":"The Cleric","floor":7,"gold_loss":35}],"is_beta":false,"boss_relics":[],"items_purged_floors":[],"is_endless":false,"potions_floor_spawned":[8,10],"killed_by":"2 Fungi Beasts","ascension_level":17}