{"gold_per_floor":[112,262,262,274,110,110,144,144,144,7,17,49,67,67,67,139,139,159,6,6,6,19,19,19,19,44,72,89,115,134,9,9,86,86,96,196,196,46,46,75,75,75],"floor_reached":42,"playtime":9746,"items_purged":["Strike_G","Strike_G","Strike_G","Strike_G"],"score":936,"play_id":"920c72ee-65b3-43a7-99bc-f6bc3a4e15a7","local_time":"20190817164308","is_ascension_mode":true,"campfire_choices":[{"data":"Deadly Poison","floor":6.0,"key":"SMITH"},{"data":"Well Laid Plans","floor":8.0,"key":"SMITH"},{"floor":15.0,"key":"REST"},{"data":"Crippling Poison","floor":23.0,"key":"SMITH"},{"data":"RitualDagger","floor":25.0,"key":"SMITH"},{"floor":32.0,"key":"REST"},{"floor":41.0,"key":"REST"}],"neow_cost":"NONE","seed_source_timestamp":40956171274800,"circlet_count":0,"master_deck":["AscendersBane","Defend_G","Defend_G","Defend_G","Defend_G","Defend_G","Survivor","Neutralize","Unload","Deadly Poison+1","Footwork","Well Laid Plans+1","Poisoned Stab","Footwork","Adrenaline","Crippling Poison+1","Backflip","Malaise","Bouncing Flask","Dodge and Roll","RitualDagger+1","Venomology","Flechettes+1","Phantasmal Killer","Calculated Gamble","Setup+1","Flash of Steel+1","Enlightenment"],"special_seed":0,"relics":["Ring of the Snake","Ninja Scroll","Singing Bowl","Bronze Scales","Eternal Feather","Omamori","Molten Egg 2","Regal Pillow","White Beast Statue","Ginger","The Courier","Art of War"],"potions_floor_usage":[],"damage_taken":[{"damage":0.0,"enemies":"Cultist","floor":1.0,"turns":3.0},{"damage":0.0,"enemies":"Jaw Worm","floor":4.0,"turns":3.0},{"damage":18.0,"enemies":"Lagavulin","floor":7.0,"turns":7.0},{"damage":0.0,"enemies":"Small Slimes","floor":11.0,"turns":4.0},{"damage":17.0,"enemies":"3 Sentries","floor":12.0,"turns":8.0},{"damage":9.0,"enemies":"Exordium Wildlife","floor":13.0,"turns":4.0},{"damage":2.0,"enemies":"The Guardian","floor":16.0,"turns":9.0},{"damage":9.0,"enemies":"Chosen","floor":18.0,"turns":5.0},{"damage":26.0,"enemies":"2 Thieves","floor":22.0,"turns":4.0},{"damage":14.0,"enemies":"Book of Stabbing","floor":27.0,"turns":7.0},{"damage":1.0,"enemies":"Snecko","floor":28.0,"turns":7.0},{"damage":26.0,"enemies":"Slavers","floor":29.0,"turns":7.0},{"damage":0.0,"enemies":"Snake Plant","floor":30.0,"turns":5.0},{"damage":34.0,"enemies":"Automaton","floor":33.0,"turns":11.0},{"damage":20.0,"enemies":"Orb Walker","floor":35.0,"turns":4.0},{"damage":0.0,"enemies":"Mind Bloom Boss Battle","floor":36.0,"turns":9.0},{"damage":29.0,"enemies":"Nemesis","floor":40.0,"turns":11.0},{"damage":62,"enemies":"Reptomancer","floor":42,"turns":3}],"seed_played":"5410127025815917067","potions_obtained":[{"floor":1.0,"key":"Ancient Potion"},{"floor":12.0,"key":"Ancient Potion"},{"floor":22.0,"key":"Block Potion"},{"floor":28.0,"key":"Swift Potion"},{"floor":35.0,"key":"Ancient Potion"}],"is_trial":false,"path_per_floor":["M","?","?","M","$","R","E","R","T","$","M","E","M","$","R","B",null,"M","$","?","?","M","R","?","R","T","E","M","E","M","$","R","B",null,"M","?","?","$","T","E","R","E"],"character_chosen":"THE_SILENT","items_purchased":["Well Laid Plans","Footwork","SteroidPotion","Dodge and Roll"],"campfire_rested":3,"item_purchase_floors":[5,10,10,19],"current_hp_per_floor":[59,59,59,59,59,59,41,41,41,41,41,24,15,15,34,32,58,49,49,43,43,17,29,29,41,41,29,30,4,6,6,54,20,59,39,39,34,34,34,7,59,0],"gold":75,"neow_bonus":"ONE_RANDOM_RARE_CARD","is_prod":false,"is_daily":false,"chose_seed":false,"campfire_upgraded":4,"win_rate":0,"timestamp":1566052988,"path_taken":["M","?","?","?","$","R","E","R","T","$","M","E","?","$","R","BOSS","M","$","?","?","M","R","?","R","T","E","?","E","?","$","R","BOSS","M","?","?","?","?","E","R","E"],"build_version":"2019-07-17","purchased_purges":4,"victory":false,"max_hp_per_floor":[66,66,66,66,66,66,66,66,66,66,66,66,66,66,66,66,66,66,66,66,66,66,66,66,66,66,68,70,70,72,72,72,72,72,72,72,72,72,72,74,74,74],"card_choices":[{"not_picked":["Slice","Deflect"],"picked":"Deadly Poison","floor":1.0},{"not_picked":["Eviscerate","Prepared"],"picked":"Footwork","floor":4.0},{"not_picked":["Dodge and Roll","Prepared"],"picked":"Poisoned Stab","floor":7.0},{"not_picked":["Dagger Spray","Dodge and Roll"],"picked":"Adrenaline","floor":11.0},{"not_picked":["Expertise","Flechettes"],"picked":"Crippling Poison","floor":12.0},{"not_picked":["Cloak And Dagger","Bane"],"picked":"Backflip","floor":13.0},{"not_picked":["Tools of the Trade","Glass Knife"],"picked":"Malaise","floor":16.0},{"not_picked":["Deadly Poison","Sucker Punch"],"picked":"Bouncing Flask","floor":18.0},{"not_picked":["Envenom","Skewer","Acrobatics"],"picked":"Singing Bowl","floor":27.0},{"not_picked":["Dagger Spray+1","Choke+1","Prepared"],"picked":"Singing Bowl","floor":28.0},{"not_picked":["Bouncing Flask","Distraction"],"picked":"Flechettes+1","floor":29.0},{"not_picked":["Acrobatics","Crippling Poison","Finisher+1"],"picked":"Singing Bowl","floor":30.0},{"not_picked":["Grand Finale+1","Tools of the Trade"],"picked":"Phantasmal Killer","floor":33.0},{"not_picked":["Poisoned Stab+1","Well Laid Plans"],"picked":"Calculated Gamble","floor":35.0},{"not_picked":["Underhanded Strike+1","Quick Slash+1"],"picked":"Setup+1","floor":36.0},{"not_picked":["Panacea","Chrysalis"],"picked":"Flash of Steel+1","floor":37.0},{"not_picked":["Flash of Steel+1","Purity"],"picked":"Enlightenment","floor":37.0},{"not_picked":["Calculated Gamble","Blade Dance","Crippling Poison"],"picked":"Singing Bowl","floor":40.0}],"player_experience":1083982,"relics_obtained":[{"floor":7.0,"key":"Ninja Scroll"},{"floor":9.0,"key":"Singing Bowl"},{"floor":12.0,"key":"Bronze Scales"},{"floor":26.0,"key":"Omamori"},{"floor":27.0,"key":"Molten Egg 2"},{"floor":29.0,"key":"Regal Pillow"},{"floor":36.0,"key":"Ginger"},{"floor":39.0,"key":"The Courier"},{"floor":40.0,"key":"Art of War"}],"event_choices":[{"damage_healed":0.0,"max_hp_gain":0.0,"max_hp_loss":0.0,"gold_gain":150.0,"event_name":"Liars Game","player_choice":"AGREE","floor":2.0,"gold_loss":0.0,"damage_taken":0.0,"cards_obtained":["Doubt"]},{"cards_removed":["Doubt"],"damage_healed":0.0,"max_hp_gain":0.0,"max_hp_loss":0.0,"gold_gain":0.0,"event_name":"Fountain of Cleansing","player_choice":"Removed Curses","floor":3.0,"gold_loss":0.0,"damage_taken":0.0},{"damage_healed":0.0,"max_hp_gain":0.0,"max_hp_loss":0.0,"gold_gain":0.0,"event_name":"Nest","player_choice":"Joined the Cult","floor":20.0,"gold_loss":0.0,"damage_taken":6.0,"cards_obtained":["RitualDagger"]},{"damage_healed":0.0,"max_hp_gain":0.0,"max_hp_loss":0.0,"gold_gain":0.0,"event_name":"Cursed Tome","player_choice":"Ignored","floor":21.0,"gold_loss":0.0,"damage_taken":0.0},{"damage_healed":0.0,"max_hp_gain":0.0,"max_hp_loss":0.0,"gold_gain":0.0,"cards_transformed":["Strike_G"],"event_name":"Transmorgrifier","player_choice":"Transformed","floor":24.0,"gold_loss":0.0,"damage_taken":0.0,"cards_obtained":["Venomology"]},{"damage_healed":0.0,"max_hp_gain":0.0,"max_hp_loss":0.0,"gold_gain":0.0,"event_name":"MindBloom","player_choice":"Fight","floor":36.0,"gold_loss":0.0,"damage_taken":0.0},{"damage_healed":0.0,"max_hp_gain":0.0,"max_hp_loss":0.0,"gold_gain":0.0,"event_name":"SensoryStone","player_choice":"Memory 2","floor":37.0,"gold_loss":0.0,"damage_taken":5.0}],"is_beta":false,"boss_relics":[{"not_picked":["Ring of the Serpent","Fusion Hammer"],"picked":"Eternal Feather"},{"not_picked":["Tiny House","Lizard Tail"],"picked":"White Beast Statue"}],"items_purged_floors":[5,19,31,38],"is_endless":false,"potions_floor_spawned":[1,11,12,22,28,35,36,40],"killed_by":"Reptomancer","ascension_level":20}