{"gold_per_floor":[110,122,172,184,184,211,211,9,9,84,84,84,115,135,135,135],"floor_reached":16,"playtime":524,"items_purged":[],"score":194,"play_id":"8c0e37ee-851a-4404-8a44-682c7c3984cc","local_time":"20190711160210","is_ascension_mode":true,"campfire_choices":[{"data":"Zap","floor":7,"key":"SMITH"},{"data":"Coolheaded","floor":12,"key":"SMITH"},{"floor":15,"key":"REST"}],"neow_cost":"NONE","seed_source_timestamp":146662493167609,"circlet_count":0,"master_deck":["AscendersBane","Strike_B","Strike_B","Strike_B","Strike_B","Defend_B","Defend_B","Defend_B","Defend_B","Zap+1","Dualcast","Coolheaded+1","Genetic Algorithm","Compile Driver","Turbo","Melter","Parasite","Tempest"],"relics":["Cracked Core","Unceasing Top","Lantern","Turnip","Singing Bowl"],"potions_floor_usage":[16],"damage_taken":[{"damage":4,"enemies":"Jaw Worm","floor":1,"turns":3},{"damage":0,"enemies":"Cultist","floor":2,"turns":3},{"damage":3,"enemies":"2 Louse","floor":4,"turns":2},{"damage":26,"enemies":"3 Sentries","floor":6,"turns":9},{"damage":32,"enemies":"Gremlin Nob","floor":13,"turns":4},{"damage":19,"enemies":"Exordium Thugs","floor":14,"turns":5},{"damage":31,"enemies":"The Guardian","floor":16,"turns":9}],"seed_played":"3788258610017191900","potions_obtained":[{"floor":2,"key":"PowerPotion"},{"floor":13,"key":"SteroidPotion"}],"is_trial":false,"path_per_floor":["M","M","?","M","?","E","R","$","T","?","?","R","E","M","R","B"],"character_chosen":"DEFECT","items_purchased":["Lantern","Melter"],"campfire_rested":1,"item_purchase_floors":[8,8],"current_hp_per_floor":[67,67,67,64,69,43,43,43,43,32,52,52,22,3,28,0],"gold":135,"neow_bonus":"TEN_PERCENT_HP_BONUS","is_prod":false,"is_daily":false,"chose_seed":false,"campfire_upgraded":2,"win_rate":0,"timestamp":1562878930,"path_taken":["M","M","?","?","?","E","R","?","T","?","?","R","E","M","R","BOSS"],"build_version":"2019-07-05","purchased_purges":0,"victory":false,"max_hp_per_floor":[78,78,78,78,83,83,83,83,83,83,83,83,85,85,85,85],"card_choices":[{"not_picked":["Scrape","Redo"],"picked":"Coolheaded","floor":1},{"not_picked":["Turbo","Gash"],"picked":"Genetic Algorithm","floor":2},{"not_picked":["Rebound","Gash"],"picked":"Compile Driver","floor":4},{"not_picked":["Reboot","BootSequence"],"picked":"Turbo","floor":6},{"not_picked":["Heatsinks","Turbo","Hologram"],"picked":"Singing Bowl","floor":13},{"not_picked":["Rebound","Fusion"],"picked":"Tempest","floor":14}],"player_experience":364047,"relics_obtained":[{"floor":6,"key":"Unceasing Top"},{"floor":9,"key":"Turnip"},{"floor":13,"key":"Singing Bowl"}],"event_choices":[{"damage_healed":0,"gold_gain":50,"player_choice":"Pray","damage_taken":0,"max_hp_gain":0,"max_hp_loss":0,"event_name":"Golden Shrine","floor":3,"gold_loss":0},{"damage_healed":0,"gold_gain":0,"player_choice":"Donut","damage_taken":0,"max_hp_gain":5,"max_hp_loss":0,"event_name":"Big Fish","floor":5,"gold_loss":0},{"damage_healed":0,"gold_gain":75,"player_choice":"Gather Gold","damage_taken":11,"max_hp_gain":0,"max_hp_loss":0,"event_name":"World of Goop","floor":10,"gold_loss":0},{"damage_healed":20,"gold_gain":0,"player_choice":"Healed and dodged fight","damage_taken":0,"max_hp_gain":0,"max_hp_loss":0,"event_name":"Mushrooms","floor":11,"gold_loss":0,"cards_obtained":["Parasite"]}],"is_beta":false,"boss_relics":[],"items_purged_floors":[],"is_endless":false,"potions_floor_spawned":[2,13],"killed_by":"The Guardian","ascension_level":16}