{"gold_per_floor":[110,125,142,67,67,96,112,112,139,139,139,150,161,34,34,34],"floor_reached":16,"playtime":908,"items_purged":["Defend_G"],"score":112,"play_id":"27811151-06fd-4b9e-b9b4-5b74f3602712","local_time":"20190113105448","is_ascension_mode":true,"campfire_choices":[{"floor":8,"key":"REST"},{"data":"Prepared","floor":10,"key":"SMITH"},{"floor":15,"key":"REST"}],"neow_cost":"PERCENT_DAMAGE","seed_source_timestamp":406702645638392,"circlet_count":0,"master_deck":["Defend_G","Defend_G","Defend_G","Strike_G+1","Strike_G","Strike_G","Strike_G","Survivor","Neutralize","Escape Plan+1","Expertise","Quick Slash","Underhanded Strike","Regret","Prepared+1","Well Laid Plans","Deflect","Eviscerate","Flash of Steel","Infinite Blades"],"relics":["Ring of the Snake","PreservedInsect","Bronze Scales"],"potions_floor_usage":[6,7,16,16],"damage_taken":[{"damage":1,"enemies":"Jaw Worm","floor":1,"turns":7},{"damage":2,"enemies":"2 Louse","floor":2,"turns":3},{"damage":4,"enemies":"Small Slimes","floor":3,"turns":3},{"damage":13,"enemies":"Gremlin Nob","floor":6,"turns":3},{"damage":10,"enemies":"Exordium Thugs","floor":7,"turns":4},{"damage":20,"enemies":"2 Fungi Beasts","floor":12,"turns":3},{"damage":0,"enemies":"3 Louse","floor":13,"turns":3},{"damage":29,"enemies":"The Guardian","floor":16,"turns":12}],"seed_played":"-4755241400666158729","potions_obtained":[{"floor":2,"key":"Energy Potion"},{"floor":3,"key":"FearPotion"},{"floor":7,"key":"FearPotion"},{"floor":13,"key":"EssenceOfSteel"}],"is_trial":false,"path_per_floor":["M","M","M","$","?","E","M","R","T","R","?","M","M","$","R","B"],"character_chosen":"THE_SILENT","items_purchased":["Flash of Steel","Infinite Blades"],"campfire_rested":2,"item_purchase_floors":[14,14],"current_hp_per_floor":[48,46,42,42,42,29,19,40,40,40,26,6,6,6,27,0],"gold":34,"neow_bonus":"TRANSFORM_TWO_CARDS","is_prod":false,"is_daily":false,"chose_seed":false,"campfire_upgraded":1,"win_rate":0,"timestamp":1547394888,"path_taken":["M","M","M","$","?","E","M","R","T","R","?","M","M","$","R","BOSS"],"build_version":"2019-01-10","purchased_purges":1,"victory":false,"max_hp_per_floor":[70,70,70,70,70,70,70,70,70,70,70,70,70,70,70,70],"card_choices":[{"not_picked":["Sucker Punch","Expertise"],"picked":"Quick Slash","floor":1},{"not_picked":["PiercingWail","Sucker Punch"],"picked":"Underhanded Strike","floor":2},{"not_picked":["Cloak And Dagger","Riddle With Holes","Sucker Punch"],"picked":"SKIP","floor":3},{"not_picked":["Bane","Deadly Poison"],"picked":"Prepared","floor":6},{"not_picked":["Flechettes","Dagger Spray"],"picked":"Well Laid Plans","floor":7},{"not_picked":["Blur","Crippling Poison"],"picked":"Deflect","floor":12},{"not_picked":["Crippling Poison","Cloak And Dagger"],"picked":"Eviscerate","floor":13}],"player_experience":259701,"relics_obtained":[{"floor":6,"key":"Bronze Scales"}],"event_choices":[{"damage_healed":0,"gold_gain":0,"player_choice":"Box","damage_taken":0,"relics_obtained":["PreservedInsect"],"max_hp_gain":0,"max_hp_loss":0,"event_name":"Big Fish","floor":5,"gold_loss":0,"cards_obtained":["Regret"]},{"damage_healed":0,"gold_gain":0,"player_choice":"Entered Light","damage_taken":14,"max_hp_gain":0,"max_hp_loss":0,"event_name":"Shining Light","floor":11,"gold_loss":0,"cards_upgraded":["Escape Plan","Strike_G"]}],"is_beta":false,"boss_relics":[],"items_purged_floors":[4],"is_endless":false,"potions_floor_spawned":[2,3,7,13],"killed_by":"The Guardian","ascension_level":2}