{"gold_per_floor":[115,40,57,57,75,75,75,90,115,66,66,84,119,132,132,231,231,218,318,330,347,357,357,357,357,404,418,418,25,42,58,58,161,161,177,195,114,124,141,141,159,173,173,173],"floor_reached":44,"playtime":2081,"items_purged":["Defend_R","Defend_R"],"score":489,"play_id":"a226c9e7-505b-4517-984e-4e69a3822953","local_time":"20181118230640","is_ascension_mode":true,"campfire_choices":[{"data":"Wild Strike","floor":6,"key":"SMITH"},{"data":"Armaments","floor":11,"key":"SMITH"},{"data":"Armaments","floor":15,"key":"SMITH"},{"floor":23,"key":"REST"},{"data":"Offering","floor":25,"key":"SMITH"},{"floor":28,"key":"REST"},{"floor":32,"key":"REST"},{"data":"Rupture","floor":40,"key":"SMITH"}],"neow_cost":"NONE","seed_source_timestamp":423013209315893,"circlet_count":0,"master_deck":["Strike_R","Strike_R","Strike_R","Defend_R","Defend_R+1","Bash+1","Disarm","Wild Strike+1","Iron Wave","True Grit","Iron Wave","Armaments+1","Armaments+1","Iron Wave","Perfected Strike","Flex","Demon Form","Combust+1","Anger+1","Reckless Charge+1","Iron Wave","Offering+1","Anger+1","Havoc+1","Infernal Blade+1","Inflame","Iron Wave+1","Berserk","Body Slam+1","Inflame","Rupture+1","Blood for Blood+1","Blood for Blood+1","Evolve+1","Rupture+1"],"relics":["Burning Blood","Dream Catcher","Red Skull","Mark of Pain","Incense Burner","Question Card","Enchiridion","Pen Nib","Bird Faced Urn","Black Star","Pantograph"],"potions_floor_usage":[16,16,19,19,27,33,39,39,44,44],"damage_taken":[{"damage":9,"enemies":"Jaw Worm","floor":1,"turns":4},{"damage":0,"enemies":"Cultist","floor":3,"turns":3},{"damage":0,"enemies":"Small Slimes","floor":5,"turns":3},{"damage":10,"enemies":"Looter","floor":8,"turns":2},{"damage":11,"enemies":"Exordium Wildlife","floor":12,"turns":5},{"damage":23,"enemies":"Lagavulin","floor":13,"turns":6},{"damage":0,"enemies":"Blue Slaver","floor":14,"turns":2},{"damage":38,"enemies":"Slime Boss","floor":16,"turns":8},{"damage":20,"enemies":"2 Thieves","floor":18,"turns":4},{"damage":15,"enemies":"Colosseum Slavers","floor":19,"turns":5},{"damage":36,"enemies":"Colosseum Nobs","floor":19,"turns":5},{"damage":0,"enemies":"Spheric Guardian","floor":20,"turns":3},{"damage":3,"enemies":"Centurion and Healer","floor":21,"turns":4},{"damage":18,"enemies":"3 Cultists","floor":22,"turns":5},{"damage":20,"enemies":"Snecko","floor":27,"turns":4},{"damage":19,"enemies":"Snake Plant","floor":30,"turns":4},{"damage":14,"enemies":"3 Cultists","floor":31,"turns":4},{"damage":28,"enemies":"Automaton","floor":33,"turns":8},{"damage":21,"enemies":"3 Darklings","floor":35,"turns":5},{"damage":18,"enemies":"3 Shapes","floor":36,"turns":3},{"damage":7,"enemies":"Jaw Worm Horde","floor":38,"turns":2},{"damage":35,"enemies":"3 Darklings","floor":39,"turns":7},{"damage":42,"enemies":"Maw","floor":41,"turns":7},{"damage":21,"enemies":"4 Shapes","floor":42,"turns":4},{"damage":78,"enemies":"Reptomancer","floor":44,"turns":2}],"seed_played":"-5149811580638438103","potions_obtained":[{"floor":1,"key":"GamblersBrew"},{"floor":5,"key":"SteroidPotion"},{"floor":8,"key":"Swift Potion"},{"floor":18,"key":"Poison Potion"},{"floor":22,"key":"GamblersBrew"},{"floor":31,"key":"LiquidBronze"},{"floor":33,"key":"EssenceOfSteel"},{"floor":36,"key":"Regen Potion"},{"floor":38,"key":"Weak Potion"},{"floor":42,"key":"LiquidBronze"}],"is_trial":false,"path_per_floor":["M","$","M","?","M","R","?","M","T","$","R","M","E","M","R","B",null,"M","?","M","M","M","R","?","R","T","M","R","$","M","M","R","B",null,"M","M","$","M","M","R","M","M","T","E"],"character_chosen":"IRONCLAD","items_purchased":["Armaments","Bird Faced Urn","Rupture"],"campfire_rested":3,"item_purchase_floors":[10,29,37],"current_hp_per_floor":[77,77,80,80,80,80,64,60,60,60,60,55,38,44,44,12,80,66,27,33,36,24,48,32,32,32,18,42,42,35,31,55,41,80,73,67,67,74,71,71,47,42,42,0],"gold":173,"neow_bonus":"TRANSFORM_CARD","is_prod":false,"is_daily":false,"chose_seed":false,"campfire_upgraded":5,"win_rate":0,"timestamp":1542600400,"path_taken":["M","$","M","?","?","R","?","M","T","$","R","M","E","M","R","BOSS","M","?","M","M","M","R","?","R","T","?","R","$","M","M","R","BOSS","M","M","$","M","M","R","M","M","T","E"],"build_version":"2018-11-15","purchased_purges":2,"victory":false,"max_hp_per_floor":[80,80,80,80,80,80,80,80,80,80,80,80,80,80,80,80,80,80,80,80,80,80,80,80,80,80,80,80,80,80,80,80,80,80,80,80,80,80,80,80,80,80,80,80],"card_choices":[{"not_picked":["Reckless Charge","Spot Weakness"],"picked":"Wild Strike","floor":1},{"not_picked":["Headbutt","Sword Boomerang"],"picked":"Iron Wave","floor":3},{"not_picked":["Sword Boomerang","Clothesline"],"picked":"Iron Wave","floor":5},{"not_picked":["Seeing Red","Shrug It Off"],"picked":"Armaments","floor":8},{"not_picked":["Dark Embrace","Clothesline"],"picked":"Iron Wave","floor":12},{"not_picked":["Burning Pact","Spot Weakness"],"picked":"Perfected Strike","floor":13},{"not_picked":["Disarm","Warcry"],"picked":"Flex","floor":14},{"not_picked":["Barricade","Brutality"],"picked":"Demon Form","floor":16},{"not_picked":["Twin Strike","Whirlwind"],"picked":"Combust+1","floor":18},{"not_picked":["Wild Strike","Cleave"],"picked":"Anger+1","floor":19},{"not_picked":["Armaments","Havoc","Warcry"],"picked":"Reckless Charge+1","floor":20},{"not_picked":["True Grit+1","Shrug It Off","Reckless Charge"],"picked":"Iron Wave","floor":21},{"not_picked":["Warcry","Body Slam","Seeing Red"],"picked":"Offering","floor":22},{"not_picked":["Thunderclap","Warcry","Sword Boomerang"],"picked":"Anger+1","floor":23},{"not_picked":["Clash","Thunderclap","Anger"],"picked":"Havoc+1","floor":27},{"not_picked":["Intimidate","Anger","Warcry"],"picked":"Infernal Blade+1","floor":30},{"not_picked":["Sever Soul","Twin Strike","Berserk"],"picked":"Inflame","floor":31},{"not_picked":["Armaments","Warcry+1","Heavy Blade"],"picked":"Iron Wave+1","floor":32},{"not_picked":["Juggernaut","Reaper","Bludgeon"],"picked":"Berserk","floor":33},{"not_picked":["Thunderclap+1","Anger","Cleave"],"picked":"Body Slam+1","floor":35},{"not_picked":["Rampage+1","True Grit","Armaments+1"],"picked":"Inflame","floor":36},{"not_picked":["Anger+1","Corruption","Hemokinesis+1"],"picked":"Blood for Blood+1","floor":38},{"not_picked":["Wild Strike","Whirlwind","Heavy Blade+1"],"picked":"Blood for Blood+1","floor":39},{"not_picked":["Rampage","Flame Barrier","Iron Wave+1"],"picked":"Evolve+1","floor":41},{"not_picked":["Reckless Charge","Pommel Strike","Thunderclap"],"picked":"Rupture+1","floor":42}],"player_experience":129406,"relics_obtained":[{"floor":9,"key":"Dream Catcher"},{"floor":13,"key":"Red Skull"},{"floor":19,"key":"Incense Burner"},{"floor":19,"key":"Question Card"},{"floor":24,"key":"Enchiridion"},{"floor":26,"key":"Pen Nib"},{"floor":43,"key":"Pantograph"}],"event_choices":[{"damage_healed":0,"gold_gain":0,"cards_transformed":["Strike_R"],"player_choice":"Transformed","damage_taken":0,"max_hp_gain":0,"max_hp_loss":0,"event_name":"Transmorgrifier","floor":4,"gold_loss":0,"cards_obtained":["True Grit"]},{"damage_healed":0,"gold_gain":0,"player_choice":"Entered Light","damage_taken":16,"max_hp_gain":0,"max_hp_loss":0,"event_name":"Shining Light","floor":7,"gold_loss":0,"cards_upgraded":["Bash","Defend_R"]},{"damage_healed":0,"gold_gain":0,"player_choice":"Fight","damage_taken":0,"max_hp_gain":0,"max_hp_loss":0,"event_name":"Colosseum","floor":19,"gold_loss":0},{"damage_healed":0,"gold_gain":0,"player_choice":"Fought Nobs","damage_taken":0,"max_hp_gain":0,"max_hp_loss":0,"event_name":"Colosseum","floor":19,"gold_loss":0},{"damage_healed":0,"gold_gain":0,"player_choice":"Obtained Book","damage_taken":16,"max_hp_gain":0,"max_hp_loss":0,"event_name":"Cursed Tome","floor":24,"gold_loss":0}],"is_beta":false,"boss_relics":[{"not_picked":["Eternal Feather","Orrery"],"picked":"Mark of Pain"},{"not_picked":["Velvet Choker","White Beast Statue"],"picked":"Black Star"}],"items_purged_floors":[2,29],"is_endless":false,"potions_floor_spawned":[1,5,8,12,18,19,22,31,33,36,38,42],"killed_by":"Reptomancer","ascension_level":1}