{"gold_per_floor":[119,15,28,128,148,148,180,195,195,195,208,218,246,260,260,356,356,375,92,32,52,72,72,88,121,121,138,67,67],"floor_reached":29,"playtime":1482,"items_purged":["Strike_B"],"score":311,"play_id":"5aa22da1-2287-4815-930e-682e3956f50f","local_time":"20190607155155","is_ascension_mode":true,"campfire_choices":[{"data":"Defragment","floor":6,"key":"SMITH"},{"data":"Buffer","floor":10,"key":"SMITH"},{"floor":15,"key":"REST"},{"floor":23,"key":"REST"}],"neow_cost":"NONE","seed_source_timestamp":13593129110928,"circlet_count":0,"master_deck":["Strike_B","Strike_B","Strike_B","Defend_B","Defend_B","Defend_B","Defend_B","Zap","Dualcast","Defragment+1","Leap","Capacitor","Glacier","Barrage","Compile Driver","Buffer+1","Ball Lightning","Steam","Conserve Battery","Creative AI","Go for the Eyes","Stack+1","Consume","Self Repair","Defragment"],"relics":["Cracked Core","Regal Pillow","Cables","Darkstone Periapt","Omamori","Black Star","Frozen Eye","DataDisk","Symbiotic Virus","Sundial"],"potions_floor_usage":[14,16,25,25,25,27],"damage_taken":[{"damage":0,"enemies":"Cultist","floor":1,"turns":4},{"damage":11,"enemies":"Jaw Worm","floor":3,"turns":4},{"damage":4,"enemies":"Small Slimes","floor":5,"turns":4},{"damage":14,"enemies":"Gremlin Nob","floor":7,"turns":6},{"damage":0,"enemies":"Blue Slaver","floor":8,"turns":4},{"damage":11,"enemies":"Exordium Wildlife","floor":11,"turns":4},{"damage":7,"enemies":"2 Fungi Beasts","floor":12,"turns":3},{"damage":15,"enemies":"3 Sentries","floor":13,"turns":5},{"damage":0,"enemies":"Gremlin Gang","floor":14,"turns":2},{"damage":7,"enemies":"The Guardian","floor":16,"turns":8},{"damage":9,"enemies":"Shell Parasite","floor":18,"turns":8},{"damage":10,"enemies":"2 Thieves","floor":20,"turns":4},{"damage":20,"enemies":"Shelled Parasite and Fungi","floor":21,"turns":11},{"damage":28,"enemies":"Snake Plant","floor":22,"turns":5},{"damage":8,"enemies":"Chosen and Byrds","floor":24,"turns":6},{"damage":34,"enemies":"Gremlin Leader","floor":25,"turns":7},{"damage":0,"enemies":"3 Cultists","floor":27,"turns":6},{"damage":5,"enemies":"Shelled Parasite and Fungi","floor":29,"turns":1}],"seed_played":"7676940232258231512","potions_obtained":[{"floor":7,"key":"Ancient Potion"},{"floor":13,"key":"PowerPotion"},{"floor":14,"key":"AttackPotion"},{"floor":22,"key":"Poison Potion"},{"floor":24,"key":"Block Potion"},{"floor":25,"key":"LiquidBronze"}],"is_trial":false,"path_per_floor":["M","$","M","?","M","R","E","M","T","R","M","M","E","M","R","B",null,"M","$","M","M","M","R","M","E","T","M","$","M"],"character_chosen":"DEFECT","items_purchased":["Leap","Capacitor","Frozen Eye","Defragment"],"campfire_rested":2,"item_purchase_floors":[2,2,19,28],"current_hp_per_floor":[75,75,64,64,60,60,46,46,46,46,35,28,13,13,50,43,75,66,66,56,36,8,45,37,3,3,3,3,0],"gold":67,"neow_bonus":"RANDOM_COMMON_RELIC","is_prod":false,"is_daily":false,"chose_seed":false,"campfire_upgraded":2,"win_rate":0,"timestamp":1559940715,"path_taken":["M","?","?","?","M","R","E","M","T","R","M","M","E","M","R","BOSS","M","$","M","M","M","R","M","E","T","M","$","M"],"build_version":"2019-01-23","purchased_purges":1,"victory":false,"max_hp_per_floor":[75,75,75,75,75,75,75,75,75,75,75,75,75,75,75,75,75,75,75,75,75,75,75,75,75,75,75,75,75],"card_choices":[{"not_picked":["Cold Snap","Rip and Tear"],"picked":"Defragment","floor":1},{"not_picked":["BootSequence","Streamline"],"picked":"Glacier","floor":3},{"not_picked":["Leap","Steam"],"picked":"Barrage","floor":5},{"not_picked":["Skim","Steam"],"picked":"Compile Driver","floor":7},{"not_picked":["Sweeping Beam","Compile Driver"],"picked":"Buffer","floor":8},{"not_picked":["Coolheaded","Reinforced Body","Turbo"],"picked":"SKIP","floor":11},{"not_picked":["Steam Power","Loop"],"picked":"Ball Lightning","floor":12},{"not_picked":["Cold Snap","FTL"],"picked":"Steam","floor":13},{"not_picked":["Fusion","Hologram"],"picked":"Conserve Battery","floor":14},{"not_picked":["Multi-Cast","Reboot"],"picked":"Creative AI","floor":16},{"not_picked":["FTL","Compile Driver+1","Glacier"],"picked":"SKIP","floor":18},{"not_picked":["Compile Driver","Steam+1","Coolheaded"],"picked":"SKIP","floor":20},{"not_picked":["Compile Driver","Turbo"],"picked":"Go for the Eyes","floor":21},{"not_picked":["Streamline+1","Force Field","Gash"],"picked":"SKIP","floor":22},{"not_picked":["Streamline+1","Force Field","Gash"],"picked":"SKIP","floor":22},{"not_picked":["Scrape","Static Discharge"],"picked":"Stack+1","floor":24},{"not_picked":["Rebound","Ball Lightning"],"picked":"Consume","floor":25},{"not_picked":["Leap","Ball Lightning"],"picked":"Self Repair","floor":27}],"player_experience":120342,"relics_obtained":[{"floor":7,"key":"Cables"},{"floor":9,"key":"Darkstone Periapt"},{"floor":13,"key":"Omamori"},{"floor":25,"key":"DataDisk"},{"floor":25,"key":"Symbiotic Virus"},{"floor":26,"key":"Sundial"}],"event_choices":[{"damage_healed":0,"gold_gain":100,"player_choice":"Gold","damage_taken":0,"max_hp_gain":0,"max_hp_loss":0,"event_name":"Wheel of Change","floor":4,"gold_loss":0}],"is_beta":false,"boss_relics":[{"not_picked":["FrozenCore","Ectoplasm"],"picked":"Black Star"}],"items_purged_floors":[19],"is_endless":false,"potions_floor_spawned":[7,13,14,22,24,25],"killed_by":"Shelled Parasite and Fungi","ascension_level":4}