{"gold_per_floor":[116,128,128,138,155,188,188,188,188,188,215,47,47,64,64,164,164,181,181,181,195,17,52,62,95,95,115,140,157,157,8,8,109,109,119,139,184,28,44,44,44,77,77,77,106,106,118,128,128,128],"floor_reached":50,"playtime":2662,"items_purged":["Strike_R","Strike_R+1"],"score":913,"play_id":"5e703d4a-d50e-4d32-9037-ea031509388a","local_time":"20190401223319","is_ascension_mode":true,"campfire_choices":[{"data":"Armaments","floor":7,"key":"SMITH"},{"data":"Bash","floor":10,"key":"SMITH"},{"data":"Shrug It Off","floor":13,"key":"SMITH"},{"data":"Demon Form","floor":15,"key":"SMITH"},{"floor":30,"key":"REST"},{"floor":32,"key":"RECALL"},{"floor":41,"key":"REST"},{"floor":44,"key":"REST"},{"floor":46,"key":"REST"},{"floor":49,"key":"REST"}],"neow_cost":"NONE","seed_source_timestamp":764962964861874,"circlet_count":0,"master_deck":["Strike_R+1","Strike_R+1","Defend_R+1","Defend_R+1","Defend_R+1","Defend_R+1","Bash+1","Armaments+1","Cleave","Shrug It Off+1","Anger","Metallicize","Demon Form+1","Sword Boomerang+1","Thunderclap+1","Exhume+1","Disarm+1","Feed+1","Clothesline+1","Searing Blow+1","Flame Barrier","Brutality","Limit Break","Corruption","Battle Trance","Ghostly Armor","Shockwave+1","Demon Form","Heavy Blade+1"],"relics":["Black Blood","NeowsBlessing","Molten Egg 2","Meat on the Bone","Orichalcum","Fusion Hammer","Pear","Du-Vu Doll","Kunai","Bag of Marbles","War Paint","Nunchaku","Toxic Egg 2","The Courier"],"potions_floor_usage":[23,25,25,28,28,33,39,42,47,50,50],"damage_taken":[{"damage":0,"enemies":"Cultist","floor":1,"turns":1},{"damage":0,"enemies":"2 Louse","floor":2,"turns":1},{"damage":0,"enemies":"Jaw Worm","floor":4,"turns":1},{"damage":10,"enemies":"Exordium Wildlife","floor":5,"turns":5},{"damage":39,"enemies":"3 Sentries","floor":6,"turns":12},{"damage":26,"enemies":"Gremlin Nob","floor":11,"turns":4},{"damage":1,"enemies":"2 Fungi Beasts","floor":14,"turns":4},{"damage":35,"enemies":"The Guardian","floor":16,"turns":7},{"damage":21,"enemies":"3 Byrds","floor":18,"turns":5},{"damage":13,"enemies":"Spheric Guardian","floor":21,"turns":4},{"damage":23,"enemies":"Gremlin Leader","floor":23,"turns":4},{"damage":10,"enemies":"Centurion and Healer","floor":24,"turns":9},{"damage":3,"enemies":"Slavers","floor":25,"turns":5},{"damage":9,"enemies":"Snecko","floor":27,"turns":3},{"damage":17,"enemies":"Gremlin Leader","floor":28,"turns":10},{"damage":4,"enemies":"Cultist and Chosen","floor":29,"turns":5},{"damage":43,"enemies":"Automaton","floor":33,"turns":12},{"damage":18,"enemies":"3 Shapes","floor":35,"turns":10},{"damage":29,"enemies":"3 Darklings","floor":36,"turns":7},{"damage":53,"enemies":"2 Orb Walkers","floor":37,"turns":4},{"damage":35,"enemies":"4 Shapes","floor":39,"turns":7},{"damage":71,"enemies":"Reptomancer","floor":42,"turns":9},{"damage":15,"enemies":"Giant Head","floor":45,"turns":7},{"damage":62,"enemies":"Spire Growth","floor":47,"turns":6},{"damage":84,"enemies":"Transient","floor":48,"turns":5},{"damage":77,"enemies":"Time Eater","floor":50,"turns":9}],"seed_played":"125654668203992628","potions_obtained":[{"floor":4,"key":"SkillPotion"},{"floor":11,"key":"EssenceOfSteel"},{"floor":25,"key":"AttackPotion"},{"floor":27,"key":"Fire Potion"},{"floor":28,"key":"Weak Potion"},{"floor":33,"key":"Weak Potion"},{"floor":39,"key":"GamblersBrew"},{"floor":45,"key":"GamblersBrew"},{"floor":48,"key":"Block Potion"}],"is_trial":false,"path_per_floor":["M","M","?","M","M","E","R","?","T","R","E","$","R","M","R","B",null,"M","?","?","M","$","E","M","E","T","M","E","M","R","$","R","B",null,"M","M","?","$","M","?","R","E","T","R","E","R","M","M","R","B"],"character_chosen":"IRONCLAD","items_purchased":["Sword Boomerang+1","AttackPotion","Feed+1","War Paint","Corruption","Battle Trance","SkillPotion"],"campfire_rested":5,"item_purchase_floors":[12,12,22,31,38,38,38],"current_hp_per_floor":[78,80,73,79,75,42,42,47,47,47,39,39,39,56,56,39,74,59,59,59,52,52,57,61,72,72,73,66,68,103,103,103,66,106,102,87,60,60,55,55,96,51,51,93,92,136,88,26,71,0],"gold":128,"neow_bonus":"THREE_ENEMY_KILL","is_prod":false,"is_daily":false,"chose_seed":false,"campfire_upgraded":4,"win_rate":0,"timestamp":1554172399,"path_taken":["M","?","?","M","M","E","R","?","T","R","E","$","R","M","R","BOSS","M","?","?","M","$","E","M","E","T","M","E","M","R","$","R","BOSS","M","M","?","$","M","?","R","E","T","R","E","R","M","M","R","BOSS"],"build_version":"2019-01-23","purchased_purges":2,"victory":false,"max_hp_per_floor":[80,80,80,80,80,80,80,85,85,85,85,85,85,85,85,85,85,85,85,85,85,85,95,103,111,111,115,119,119,119,119,119,119,119,123,127,131,131,139,139,139,143,143,143,147,147,151,151,151,151],"card_choices":[{"not_picked":["Clash","Heavy Blade"],"picked":"Armaments","floor":1},{"not_picked":["Sever Soul","Twin Strike"],"picked":"Cleave","floor":2},{"not_picked":["Battle Trance","Iron Wave"],"picked":"Shrug It Off","floor":4},{"not_picked":["Carnage","Flex"],"picked":"Anger","floor":5},{"not_picked":["Clash","Cleave"],"picked":"Metallicize","floor":6},{"not_picked":["Dual Wield","Heavy Blade+1"],"picked":"Demon Form","floor":11},{"not_picked":["Whirlwind+1","Anger+1"],"picked":"Thunderclap+1","floor":14},{"not_picked":["Bludgeon+1","Brutality"],"picked":"Exhume","floor":16},{"not_picked":["Twin Strike+1","Pommel Strike+1","Dual Wield+1"],"picked":"SKIP","floor":18},{"not_picked":["Seeing Red+1","Armaments+1","Evolve"],"picked":"SKIP","floor":21},{"not_picked":["Body Slam+1","Flex"],"picked":"Clothesline+1","floor":23},{"not_picked":["Cleave+1","Sword Boomerang+1","Iron Wave+1"],"picked":"SKIP","floor":24},{"not_picked":["Twin Strike+1","Anger+1"],"picked":"Searing Blow+1","floor":25},{"not_picked":["Clothesline+1","Shrug It Off"],"picked":"Flame Barrier","floor":27},{"not_picked":["Sever Soul+1","Rupture"],"picked":"Brutality","floor":28},{"not_picked":["Clash+1","Pommel Strike+1","Intimidate+1"],"picked":"SKIP","floor":29},{"not_picked":["Fiend Fire+1","Exhume"],"picked":"Limit Break","floor":33},{"not_picked":["Clothesline+1","Iron Wave+1","Wild Strike+1"],"picked":"SKIP","floor":35},{"not_picked":["Iron Wave+1","Sword Boomerang+1"],"picked":"Headbutt+1","floor":36},{"not_picked":["Cleave+1","Iron Wave+1"],"picked":"Ghostly Armor","floor":39},{"not_picked":["Entrench","True Grit+1"],"picked":"Shockwave+1","floor":42},{"not_picked":["Fire Breathing","Berserk"],"picked":"Demon Form","floor":45},{"not_picked":["Cleave+1","Warcry+1"],"picked":"Heavy Blade+1","floor":47},{"not_picked":["Intimidate+1","Perfected Strike+1","Body Slam+1"],"picked":"SKIP","floor":48}],"player_experience":360047,"relics_obtained":[{"floor":6,"key":"Molten Egg 2"},{"floor":9,"key":"Meat on the Bone"},{"floor":11,"key":"Orichalcum"},{"floor":23,"key":"Pear"},{"floor":25,"key":"Du-Vu Doll"},{"floor":26,"key":"Kunai"},{"floor":28,"key":"Bag of Marbles"},{"floor":37,"key":"Nunchaku"},{"floor":42,"key":"Toxic Egg 2"},{"floor":45,"key":"The Courier"}],"event_choices":[{"cards_removed":["Strike_R"],"damage_healed":0,"gold_gain":0,"player_choice":"Card Removal","damage_taken":7,"max_hp_gain":0,"max_hp_loss":0,"event_name":"Golden Wing","floor":3,"gold_loss":0},{"damage_healed":0,"gold_gain":0,"player_choice":"Donut","damage_taken":0,"max_hp_gain":5,"max_hp_loss":0,"event_name":"Big Fish","floor":8,"gold_loss":0},{"damage_healed":0,"gold_gain":0,"player_choice":"Read","damage_taken":0,"max_hp_gain":0,"max_hp_loss":0,"event_name":"The Library","floor":19,"gold_loss":0,"cards_obtained":["Disarm"]},{"damage_healed":0,"gold_gain":0,"player_choice":"Simplicity","damage_taken":0,"max_hp_gain":0,"max_hp_loss":0,"event_name":"Back to Basics","floor":20,"gold_loss":0,"cards_upgraded":["Strike_R","Strike_R","Strike_R","Defend_R","Defend_R","Defend_R","Defend_R"]},{"damage_healed":0,"gold_gain":0,"player_choice":"Fight","damage_taken":0,"max_hp_gain":0,"max_hp_loss":0,"event_name":"Mysterious Sphere","floor":37,"gold_loss":0},{"cards_removed":["Headbutt"],"damage_healed":0,"gold_gain":0,"player_choice":"Removed Attack","damage_taken":0,"max_hp_gain":0,"max_hp_loss":0,"event_name":"Falling","floor":40,"gold_loss":0}],"is_beta":false,"boss_relics":[{"not_picked":["White Beast Statue","Runic Cube"],"picked":"Fusion Hammer"},{"not_picked":["Coffee Dripper","Empty Cage"],"picked":"Black Blood"}],"items_purged_floors":[12,22],"is_endless":false,"potions_floor_spawned":[4,11,16,25,27,28,33,39,45,48],"killed_by":"Time Eater","ascension_level":9}