{"gold_per_floor":[114,18,18,93,112,112,141,141,141,174,186,197,214,232,232,310,310,327,13,13,13,23,53,69,100,149,149,161,161,161,181,181,181],"floor_reached":33,"playtime":1172,"items_purged":[],"score":614,"play_id":"2e8f33e5-22dc-4d6f-b13e-2c8752ba2b3c","local_time":"20190723232531","is_ascension_mode":true,"campfire_choices":[{"data":"Inflame","floor":6,"key":"SMITH"},{"floor":15,"key":"REST"},{"data":"Inflame","floor":30,"key":"SMITH"},{"data":"Heavy Blade","floor":32,"key":"SMITH"}],"neow_cost":"NONE","seed_source_timestamp":205685927223571,"circlet_count":0,"master_deck":["AscendersBane","Strike_R","Strike_R","Strike_R","Strike_R","Strike_R","Defend_R","Defend_R","Defend_R","Defend_R","Bash","Shrug It Off+1","Inflame+1","Spot Weakness","Battle Trance+1","Shrug It Off+1","Sword Boomerang","Shrug It Off+1","Sword Boomerang","Offering+1","Inflame+1","Armaments+1","Pain","Anger+1","Shrug It Off+1","Exhume+1","True Grit+1","Heavy Blade+1"],"relics":["Burning Blood","Pear","Red Skull","Toxic Egg 2","Coffee Dripper","Self Forming Clay","WarpedTongs","Art of War","Boot","Omamori"],"potions_floor_usage":[10,12,14,14,23,23],"damage_taken":[{"damage":5,"enemies":"2 Louse","floor":1,"turns":4},{"damage":7,"enemies":"Small Slimes","floor":5,"turns":4},{"damage":55,"enemies":"Lagavulin","floor":7,"turns":9},{"damage":17,"enemies":"3 Sentries","floor":10,"turns":7},{"damage":6,"enemies":"Jaw Worm","floor":11,"turns":4},{"damage":10,"enemies":"Gremlin Gang","floor":12,"turns":4},{"damage":3,"enemies":"Blue Slaver","floor":13,"turns":3},{"damage":10,"enemies":"Exordium Thugs","floor":14,"turns":4},{"damage":12,"enemies":"The Guardian","floor":16,"turns":11},{"damage":28,"enemies":"2 Thieves","floor":18,"turns":4},{"damage":15,"enemies":"Shell Parasite","floor":22,"turns":4},{"damage":20,"enemies":"Slavers","floor":23,"turns":5},{"damage":23,"enemies":"Snake Plant","floor":24,"turns":4},{"damage":6,"enemies":"Book of Stabbing","floor":25,"turns":2},{"damage":15,"enemies":"Centurion and Healer","floor":28,"turns":5},{"damage":10,"enemies":"Snecko","floor":31,"turns":4},{"damage":7,"enemies":"Automaton","floor":33,"turns":6}],"seed_played":"-8168647664333532598","potions_obtained":[{"floor":5,"key":"Explosive Potion"},{"floor":10,"key":"SteroidPotion"},{"floor":12,"key":"Strength Potion"},{"floor":13,"key":"EssenceOfSteel"},{"floor":14,"key":"PowerPotion"},{"floor":18,"key":"SkillPotion"}],"is_trial":false,"path_per_floor":["M","$","?","?","M","R","E","?","T","E","M","M","M","M","R","B",null,"M","$","?","$","M","E","M","E","T","?","M","?","R","M","R","B"],"character_chosen":"IRONCLAD","items_purchased":["Shrug It Off","Inflame","Self Forming Clay","Armaments+1"],"campfire_rested":1,"item_purchase_floors":[2,2,19,19],"current_hp_per_floor":[76,76,81,70,69,69,30,30,30,19,19,15,18,14,43,37,82,60,60,60,60,51,37,20,20,20,20,11,11,11,7,7,0],"gold":181,"neow_bonus":"TEN_PERCENT_HP_BONUS","is_prod":false,"is_daily":false,"chose_seed":false,"campfire_upgraded":3,"win_rate":0,"timestamp":1563938731,"path_taken":["M","$","?","?","M","R","E","?","T","E","M","M","?","M","R","BOSS","M","$","?","?","M","E","M","E","T","?","?","?","R","M","R","BOSS"],"build_version":"2019-07-17","purchased_purges":0,"victory":false,"max_hp_per_floor":[82,82,87,87,87,87,97,97,97,97,97,97,97,97,97,97,97,97,97,97,97,97,97,97,97,97,97,97,97,97,97,97,97],"card_choices":[{"not_picked":["Clash","Headbutt","Twin Strike"],"picked":"SKIP","floor":1},{"not_picked":["Intimidate","Impervious"],"picked":"Spot Weakness","floor":5},{"not_picked":["Barricade","Shockwave"],"picked":"Battle Trance","floor":7},{"not_picked":["Havoc","Flex","Dual Wield"],"picked":"SKIP","floor":10},{"not_picked":["Warcry+1","Clash"],"picked":"Shrug It Off+1","floor":11},{"not_picked":["Thunderclap","Iron Wave"],"picked":"Sword Boomerang","floor":12},{"not_picked":["Perfected Strike","Reckless Charge"],"picked":"Shrug It Off+1","floor":13},{"not_picked":["Flex+1","Dropkick"],"picked":"Sword Boomerang","floor":14},{"not_picked":["Bludgeon","Exhume+1"],"picked":"Offering+1","floor":16},{"not_picked":["Twin Strike","Pommel Strike"],"picked":"Inflame","floor":18},{"not_picked":["Cleave","Clash"],"picked":"Anger+1","floor":22},{"not_picked":["Anger","Headbutt"],"picked":"Shrug It Off+1","floor":23},{"not_picked":["Seeing Red+1","Clash","Body Slam"],"picked":"SKIP","floor":24},{"not_picked":["Rampage+1","Cleave"],"picked":"Exhume+1","floor":25},{"not_picked":["Body Slam","Flex+1","Sword Boomerang"],"picked":"SKIP","floor":28},{"not_picked":["Armaments+1","Perfected Strike"],"picked":"Heavy Blade","floor":31}],"player_experience":719694,"relics_obtained":[{"floor":7,"key":"Pear"},{"floor":9,"key":"Red Skull"},{"floor":10,"key":"Toxic Egg 2"},{"floor":23,"key":"Art of War"},{"floor":25,"key":"Boot"},{"floor":26,"key":"Omamori"}],"event_choices":[{"damage_healed":0,"gold_gain":0,"player_choice":"Donut","damage_taken":0,"max_hp_gain":5,"max_hp_loss":0,"event_name":"Big Fish","floor":3,"gold_loss":0},{"damage_healed":0,"gold_gain":75,"player_choice":"Gather Gold","damage_taken":11,"max_hp_gain":0,"max_hp_loss":0,"event_name":"World of Goop","floor":4,"gold_loss":0},{"damage_healed":0,"gold_gain":0,"player_choice":"Upgraded","damage_taken":0,"max_hp_gain":0,"max_hp_loss":0,"event_name":"Upgrade Shrine","floor":8,"gold_loss":0,"cards_upgraded":["Battle Trance"]},{"damage_healed":0,"gold_gain":0,"player_choice":"Rummage","damage_taken":0,"relics_obtained":["WarpedTongs"],"max_hp_gain":0,"max_hp_loss":0,"event_name":"Accursed Blacksmith","floor":20,"gold_loss":0,"cards_obtained":["Pain"]},{"damage_healed":0,"gold_gain":0,"player_choice":"Upgraded","damage_taken":0,"max_hp_gain":0,"max_hp_loss":0,"event_name":"Upgrade Shrine","floor":27,"gold_loss":0,"cards_upgraded":["Shrug It Off"]},{"damage_healed":0,"gold_gain":0,"player_choice":"Read","damage_taken":0,"max_hp_gain":0,"max_hp_loss":0,"event_name":"The Library","floor":29,"gold_loss":0,"cards_obtained":["True Grit"]}],"is_beta":false,"boss_relics":[{"not_picked":["Orrery","Eternal Feather"],"picked":"Coffee Dripper"}],"items_purged_floors":[],"is_endless":false,"potions_floor_spawned":[5,10,12,13,14,18],"killed_by":"Automaton","ascension_level":15}