{"gold_per_floor":[118,132,132,132,57,88,88,122,122,122,163,181,181,10,10,103,103,118,137,137,137],"floor_reached":21,"playtime":698,"items_purged":["Strike_G"],"score":361,"play_id":"76c49393-a8aa-40ad-acdd-7db0971beb98","local_time":"20190715225039","is_ascension_mode":true,"campfire_choices":[{"data":"Glass Knife","floor":7,"key":"SMITH"},{"floor":10,"key":"REST"},{"floor":15,"key":"REST"}],"neow_cost":"CURSE","seed_source_timestamp":516597736011074,"circlet_count":0,"master_deck":["AscendersBane","Strike_G","Strike_G","Strike_G","Defend_G","Defend_G","Defend_G","Defend_G","Defend_G","Survivor","Neutralize","Glass Knife+1","Poisoned Stab","Cloak And Dagger+1","Deadly Poison","PiercingWail","Calculated Gamble+1","Caltrops","Backflip","Malaise","Doubt","Doubt","Poisoned Stab+1","Crippling Poison"],"relics":["Ring of the Snake","Golden Idol","Paper Crane","Matryoshka","Lantern","Sundial","Turnip","War Paint","Calling Bell","Bronze Scales","Gremlin Horn","Nunchaku"],"potions_floor_usage":[6,19,21],"damage_taken":[{"damage":1,"enemies":"Small Slimes","floor":1,"turns":3},{"damage":9,"enemies":"Jaw Worm","floor":2,"turns":5},{"damage":15,"enemies":"Gremlin Nob","floor":6,"turns":4},{"damage":19,"enemies":"3 Sentries","floor":8,"turns":8},{"damage":25,"enemies":"Gremlin Nob","floor":11,"turns":4},{"damage":0,"enemies":"Cultist","floor":12,"turns":4},{"damage":16,"enemies":"The Guardian","floor":16,"turns":10},{"damage":11,"enemies":"Chosen","floor":18,"turns":6},{"damage":19,"enemies":"2 Thieves","floor":19,"turns":3},{"damage":27,"enemies":"Sentry and Sphere","floor":21,"turns":5}],"seed_played":"-9219661952471919874","potions_obtained":[{"floor":2,"key":"Strength Potion"},{"floor":12,"key":"FairyPotion"},{"floor":18,"key":"Fire Potion"},{"floor":19,"key":"PowerPotion"}],"is_trial":false,"path_per_floor":["M","M","?","?","?","E","R","E","T","R","E","M","?","$","R","B",null,"M","M","?","M"],"character_chosen":"THE_SILENT","items_purchased":["Caltrops","Backflip"],"campfire_rested":2,"item_purchase_floors":[14,14],"current_hp_per_floor":[58,49,49,49,49,34,34,15,15,33,8,8,8,8,26,10,48,37,18,18,0],"gold":137,"neow_bonus":"THREE_RARE_CARDS","is_prod":false,"is_daily":false,"chose_seed":false,"campfire_upgraded":1,"win_rate":0,"timestamp":1563249039,"path_taken":["M","M","?","?","?","E","R","E","T","R","E","M","?","$","R","BOSS","M","?","?","M"],"build_version":"2019-07-05","purchased_purges":1,"victory":false,"max_hp_per_floor":[66,66,60,60,60,60,60,60,60,60,60,60,60,60,60,60,60,60,60,60,60],"card_choices":[{"not_picked":["Bullet Time","Venomology"],"picked":"Glass Knife","floor":0},{"not_picked":["Skewer","Bane"],"picked":"Poisoned Stab","floor":1},{"not_picked":["Flying Knee","Escape Plan"],"picked":"Cloak And Dagger","floor":2},{"not_picked":["Cloak And Dagger","Dodge and Roll"],"picked":"Deadly Poison","floor":6},{"not_picked":["Quick Slash","Phantasmal Killer"],"picked":"PiercingWail","floor":8},{"not_picked":["Infinite Blades","Deflect"],"picked":"Calculated Gamble","floor":11},{"not_picked":["Outmaneuver","Quick Slash","Poisoned Stab"],"picked":"SKIP","floor":12},{"not_picked":["Storm of Steel","A Thousand Cuts"],"picked":"Malaise","floor":16},{"not_picked":["Eviscerate+1","Concentrate"],"picked":"Poisoned Stab+1","floor":18},{"not_picked":["Outmaneuver","Sucker Punch"],"picked":"Crippling Poison","floor":19}],"player_experience":378070,"relics_obtained":[{"floor":6,"key":"Paper Crane"},{"floor":8,"key":"Matryoshka"},{"floor":9,"key":"Lantern"},{"floor":9,"key":"Sundial"},{"floor":11,"key":"Turnip"},{"floor":17,"key":"Bronze Scales"},{"floor":17,"key":"Gremlin Horn"},{"floor":17,"key":"Nunchaku"}],"event_choices":[{"damage_healed":0,"gold_gain":0,"player_choice":"Lose Max HP","damage_taken":0,"relics_obtained":["Golden Idol"],"max_hp_gain":0,"max_hp_loss":6,"event_name":"Golden Idol","floor":3,"gold_loss":0},{"cards_removed":["Decay"],"damage_healed":0,"gold_gain":0,"player_choice":"Forget","damage_taken":0,"max_hp_gain":0,"max_hp_loss":0,"event_name":"Living Wall","floor":4,"gold_loss":0},{"cards_removed":["Strike_G"],"damage_healed":0,"gold_gain":0,"player_choice":"Card Removal","damage_taken":0,"max_hp_gain":0,"max_hp_loss":0,"event_name":"The Cleric","floor":5,"gold_loss":75},{"damage_healed":0,"gold_gain":0,"player_choice":"Gave Potion","damage_taken":0,"relics_obtained":["War Paint"],"max_hp_gain":0,"max_hp_loss":0,"event_name":"WeMeetAgain","floor":13,"gold_loss":0},{"cards_removed":["Pain"],"damage_healed":0,"gold_gain":0,"player_choice":"Card Removal","damage_taken":0,"max_hp_gain":0,"max_hp_loss":0,"event_name":"Wheel of Change","floor":20,"gold_loss":0}],"is_beta":false,"boss_relics":[{"not_picked":["Runic Dome","Eternal Feather"],"picked":"Calling Bell"}],"items_purged_floors":[14],"is_endless":false,"potions_floor_spawned":[2,12,18,19],"killed_by":"Sentry and Sphere","ascension_level":17}