{"gold_per_floor":[117,117,180,199,209,238,238,250,250,268,155,174,254,304,304,408,408,419,439,521,571,621,654,22,34,57,57,77,52,114,124,124,220,220,239,250,348,398,28,38,103,123,123,173,173,207,225,275,275,275],"floor_reached":51,"playtime":6302,"items_purged":["Defend_B"],"score":778,"play_id":"e12d6cde-17c5-4749-ac79-e1fda287e628","local_time":"20190720084859","is_ascension_mode":false,"campfire_choices":[{"data":"Defragment","floor":7.0,"key":"SMITH"},{"floor":15.0,"key":"REST"},{"data":"Glacier","floor":27.0,"key":"SMITH"},{"data":"Defragment","floor":32.0,"key":"SMITH"},{"data":"Loop","floor":45,"key":"SMITH"},{"data":"Fission","floor":49,"key":"SMITH"}],"neow_cost":"NONE","seed_source_timestamp":0,"circlet_count":0,"master_deck":["Strike_B","Strike_B","Strike_B","Strike_B","Defend_B","Defend_B","Zap","Dualcast","Coolheaded","Cold Snap","Barrage","Consume","Defragment+1","Defragment+1","Ball Lightning","Capacitor","Coolheaded","Barrage","Fission+1","Go for the Eyes","Hello World+1","Coolheaded+1","Glacier+1","Cold Snap","Loop+1","Genetic Algorithm","Chill","Genetic Algorithm+1","Capacitor","Echo Form","Coolheaded+1","Defragment+1","Compile Driver+1","All For One","Hologram","Hologram","Redo+1","Capacitor+1","Hologram+1","Panacea"],"special_seed":0,"relics":["Cracked Core","SsserpentHead","Bronze Scales","Mercury Hourglass","Potion Belt","Meat on the Bone","Eternal Feather","Red Mask","Question Card","Pear","MealTicket","Vajra","Coffee Dripper","Calipers","Frozen Egg 2","Thread and Needle","Bag of Preparation","Shuriken"],"potions_floor_usage":[41,46],"damage_taken":[{"damage":3.0,"enemies":"Small Slimes","floor":1.0,"turns":3.0},{"damage":0.0,"enemies":"Cultist","floor":3.0,"turns":4.0},{"damage":4.0,"enemies":"Jaw Worm","floor":4.0,"turns":2.0},{"damage":1.0,"enemies":"Looter","floor":5.0,"turns":2.0},{"damage":16.0,"enemies":"3 Sentries","floor":6.0,"turns":8.0},{"damage":9.0,"enemies":"Large Slime","floor":8.0,"turns":5.0},{"damage":11.0,"enemies":"3 Louse","floor":10.0,"turns":2.0},{"damage":10.0,"enemies":"Exordium Wildlife","floor":12.0,"turns":3.0},{"damage":24.0,"enemies":"Hexaghost","floor":16.0,"turns":9.0},{"damage":6.0,"enemies":"3 Byrds","floor":18.0,"turns":3.0},{"damage":7.0,"enemies":"Chosen","floor":19.0,"turns":5.0},{"damage":25.0,"enemies":"Masked Bandits","floor":20.0,"turns":4.0},{"damage":31.0,"enemies":"Gremlin Leader","floor":23.0,"turns":6.0},{"damage":8.0,"enemies":"Sentry and Sphere","floor":25.0,"turns":7.0},{"damage":14.0,"enemies":"Centurion and Healer","floor":28.0,"turns":8.0},{"damage":6.0,"enemies":"Snecko","floor":30.0,"turns":3.0},{"damage":14.0,"enemies":"Snake Plant","floor":31.0,"turns":4.0},{"damage":62.0,"enemies":"Collector","floor":33.0,"turns":10.0},{"damage":0,"enemies":"3 Darklings","floor":35,"turns":6},{"damage":12,"enemies":"3 Shapes","floor":36,"turns":4},{"damage":20,"enemies":"2 Orb Walkers","floor":37,"turns":6},{"damage":59,"enemies":"Sphere and 2 Shapes","floor":40,"turns":5},{"damage":17,"enemies":"Writhing Mass","floor":41,"turns":7},{"damage":13,"enemies":"Spire Growth","floor":42,"turns":7},{"damage":4,"enemies":"Reptomancer","floor":46,"turns":6},{"damage":6,"enemies":"3 Darklings","floor":47,"turns":5},{"damage":30,"enemies":"Awakened One","floor":50,"turns":11}],"seed_played":"7295600474079561568","potions_obtained":[{"floor":1.0,"key":"SneckoOil"},{"floor":4.0,"key":"Fire Potion"},{"floor":8.0,"key":"Regen Potion"},{"floor":10.0,"key":"Energy Potion"},{"floor":12.0,"key":"SpeedPotion"},{"floor":19.0,"key":"Explosive Potion"},{"floor":23.0,"key":"SkillPotion"},{"floor":25.0,"key":"FearPotion"},{"floor":36,"key":"Ancient Potion"},{"floor":40,"key":"FearPotion"},{"floor":42,"key":"Fruit Juice"}],"is_trial":false,"path_per_floor":["M","?","M","M","M","E","R","M","T","M","$","M","?","T","R","B",null,"M","M","?","?","?","E","$","M","T","R","M","?","M","M","R","B",null,"M","M","?","?","$","M","M","M","T","T","R","E","M","?","R","B",null],"character_chosen":"DEFECT","items_purchased":["Capacitor","Coolheaded","Pear","MealTicket","Cold Snap","Loop","Fire Potion","All For One","Hologram","Frozen Egg 2"],"campfire_rested":1,"item_purchase_floors":[11,11,24,24,24,24,24,39,39,39],"current_hp_per_floor":[79,79,79,75,74,58,58,49,49,38,38,28,28,28,52,43,82,76,69,44,44,44,25,35,39,39,54,52,52,58,56,71,21,92,92,80,60,60,75,28,23,22,22,22,43,56,50,50,74,56],"gold":275,"neow_bonus":"TEN_PERCENT_HP_BONUS","is_prod":false,"is_daily":false,"chose_seed":false,"campfire_upgraded":5,"win_rate":0.0,"timestamp":1563630539,"path_taken":["M","?","?","M","M","E","R","M","T","M","?","M","?","?","R","BOSS","M","M","?","?","?","E","$","M","T","R","M","?","?","M","R","BOSS","M","M","?","?","$","M","?","M","T","?","R","E","M","?","R","BOSS"],"build_version":"2019-07-17","purchased_purges":1,"victory":true,"max_hp_per_floor":[82,82,82,82,82,82,82,82,82,82,82,82,82,82,82,82,82,82,82,82,82,82,82,92,92,92,92,92,92,92,92,92,92,92,92,92,92,92,92,92,92,92,92,92,92,97,97,97,97,97],"card_choices":[{"not_picked":["Go for the Eyes","Steam"],"picked":"Coolheaded","floor":1.0},{"not_picked":["Ball Lightning","Barrage"],"picked":"Cold Snap","floor":3.0},{"not_picked":["Streamline","Steam"],"picked":"Barrage","floor":4.0},{"not_picked":["Gash","Coolheaded"],"picked":"Consume","floor":5.0},{"not_picked":["Auto Shields","Undo"],"picked":"Defragment","floor":6.0},{"not_picked":["Consume","Chaos"],"picked":"Defragment","floor":8.0},{"not_picked":["Reprogram","Static Discharge"],"picked":"Ball Lightning","floor":10.0},{"not_picked":["FTL","Stack"],"picked":"Barrage","floor":12.0},{"not_picked":["Creative AI","Buffer"],"picked":"Fission","floor":16.0},{"not_picked":["Steam","Redo"],"picked":"Go for the Eyes","floor":18.0},{"not_picked":["Coolheaded","Streamline"],"picked":"Hello World+1","floor":19.0},{"not_picked":["Sweeping Beam","Beam Cell"],"picked":"Coolheaded+1","floor":20.0},{"not_picked":["Rip and Tear","Melter","Beam Cell"],"picked":"SKIP","floor":23.0},{"not_picked":["Coolheaded","Skim","Aggregate"],"picked":"Genetic Algorithm","floor":25.0},{"not_picked":["Capacitor","Rebound","Thunder Strike"],"picked":"Chill","floor":28.0},{"not_picked":["Fusion","Steam","Rip and Tear+1"],"picked":"Genetic Algorithm+1","floor":30.0},{"not_picked":["Conserve Battery","Steam","Leap"],"picked":"Capacitor","floor":31.0},{"not_picked":["Rainbow","Fission","Multi-Cast"],"picked":"Echo Form","floor":33.0},{"not_picked":["Lockon+1","Beam Cell+1","Hello World"],"picked":"Coolheaded+1","floor":35},{"not_picked":["Cold Snap","Rip and Tear","Barrage+1"],"picked":"Defragment+1","floor":36},{"not_picked":["Beam Cell","Hello World+1","Skim+1"],"picked":"Compile Driver+1","floor":37},{"not_picked":["Stack","Amplify","Chaos+1","Lockon"],"picked":"SKIP","floor":40},{"not_picked":["Leap","Ball Lightning+1","Sweeping Beam"],"picked":"Hologram","floor":41},{"not_picked":["Steam Power+1","Genetic Algorithm","Rebound+1"],"picked":"Redo+1","floor":42},{"not_picked":["Auto Shields+1","Rip and Tear","Sweeping Beam+1"],"picked":"Capacitor+1","floor":46},{"not_picked":["Ball Lightning+1","Melter+1","Stack"],"picked":"Hologram+1","floor":47},{"not_picked":["Madness","Mind Blast","Finesse"],"picked":"Panacea","floor":48}],"player_experience":11903,"relics_obtained":[{"floor":6.0,"key":"Bronze Scales"},{"floor":9.0,"key":"Mercury Hourglass"},{"floor":14.0,"key":"Meat on the Bone"},{"floor":20.0,"key":"Red Mask"},{"floor":23.0,"key":"Question Card"},{"floor":26.0,"key":"Vajra"},{"floor":37,"key":"Calipers"},{"floor":43,"key":"Thread and Needle"},{"floor":44,"key":"Bag of Preparation"},{"floor":46,"key":"Shuriken"}],"event_choices":[{"damage_healed":0.0,"max_hp_gain":0.0,"max_hp_loss":0.0,"gold_gain":0.0,"event_name":"FaceTrader","player_choice":"Trade","floor":2.0,"gold_loss":0.0,"damage_taken":0.0,"relics_obtained":["SsserpentHead"]},{"damage_healed":0.0,"max_hp_gain":0.0,"max_hp_loss":0.0,"gold_gain":30.0,"event_name":"Dead Adventurer","player_choice":"Searched \u00273\u0027 times","floor":13.0,"gold_loss":0.0,"damage_taken":0.0,"relics_obtained":["Potion Belt"]},{"damage_healed":0.0,"max_hp_gain":0.0,"max_hp_loss":0.0,"gold_gain":0.0,"event_name":"Masked Bandits","player_choice":"Fought Bandits","floor":20.0,"gold_loss":0.0,"damage_taken":0.0},{"damage_healed":0.0,"max_hp_gain":0.0,"max_hp_loss":0.0,"gold_gain":0.0,"event_name":"The Library","player_choice":"Read","floor":21.0,"gold_loss":0.0,"damage_taken":0.0,"cards_obtained":["Glacier"]},{"damage_healed":0.0,"max_hp_gain":0.0,"max_hp_loss":0.0,"gold_gain":0.0,"event_name":"Vampires","player_choice":"Ignored","floor":22.0,"gold_loss":0.0,"damage_taken":0.0},{"cards_removed":["Defend_B"],"damage_healed":0.0,"max_hp_gain":0.0,"max_hp_loss":0.0,"gold_gain":0.0,"event_name":"Beggar","player_choice":"Gave Gold","floor":29.0,"gold_loss":75.0,"damage_taken":0.0},{"damage_healed":0,"gold_gain":0,"player_choice":"Fight","damage_taken":0,"max_hp_gain":0,"max_hp_loss":0,"event_name":"Mysterious Sphere","floor":37,"gold_loss":0},{"damage_healed":0,"gold_gain":0,"player_choice":"Ignored","damage_taken":0,"max_hp_gain":0,"max_hp_loss":0,"event_name":"SecretPortal","floor":38,"gold_loss":0},{"damage_healed":0,"gold_gain":0,"player_choice":"Memory 1","damage_taken":0,"max_hp_gain":0,"max_hp_loss":0,"event_name":"SensoryStone","floor":48,"gold_loss":0}],"is_beta":false,"boss_relics":[{"not_picked":["FrozenCore","Black Star"],"picked":"Eternal Feather"},{"not_picked":["Busted Crown","Snecko Eye"],"picked":"Coffee Dripper"}],"items_purged_floors":[11],"is_endless":false,"potions_floor_spawned":[1,4,8,10,12,19,23,25,36,40,42],"ascension_level":0}