{"gold_per_floor":[119,119,119,62,62,105,105,140,140,164,164,9,33,33,33,124,124,138,138,157,157,82,82,97,97,97,97],"floor_reached":27,"playtime":1071,"items_purged":["Dualcast"],"score":534,"play_id":"Baalorlord-394c9c2e","local_time":"20190813181422","is_ascension_mode":true,"campfire_choices":[{"data":"Barrage","floor":7,"key":"SMITH"},{"data":"Turbo","floor":11,"key":"SMITH"},{"data":"Capacitor","floor":15,"key":"SMITH"},{"data":"Consume","floor":23,"key":"SMITH"},{"data":"Conserve Battery","floor":25,"key":"SMITH"}],"neow_cost":"NONE","seed_source_timestamp":455768702232400,"circlet_count":0,"master_deck":["AscendersBane","Strike_B","Strike_B","Defend_B","Defend_B","Defend_B","Defend_B","Zap","Glacier","Compile Driver","Barrage+1","Sweeping Beam","Turbo+1","Capacitor+1","Beam Cell+1","Meteor Strike","Conserve Battery+1","Consume+1","Compile Driver"],"relics":["Cracked Core","NeowsBlessing","Golden Idol","Strawberry","Art of War","Shuriken","Coffee Dripper","Ornamental Fan"],"potions_floor_usage":[24],"damage_taken":[{"damage":0,"enemies":"Small Slimes","floor":1,"turns":1},{"damage":0,"enemies":"3 Sentries","floor":6,"turns":1},{"damage":0,"enemies":"Gremlin Nob","floor":8,"turns":1},{"damage":0,"enemies":"Jaw Worm","floor":10,"turns":3},{"damage":0,"enemies":"Cultist","floor":13,"turns":2},{"damage":44,"enemies":"Hexaghost","floor":16,"turns":8},{"damage":9,"enemies":"Chosen","floor":18,"turns":4},{"damage":27,"enemies":"Spheric Guardian","floor":20,"turns":5},{"damage":14,"enemies":"3 Cultists","floor":24,"turns":7},{"damage":12,"enemies":"Snake Plant","floor":27,"turns":3}],"seed_played":"1633461845637277296","potions_obtained":[{"floor":8,"key":"Ancient Potion"},{"floor":18,"key":"Weak Potion"}],"is_trial":false,"path_per_floor":["M","?","?","$","?","E","R","E","T","M","R","$","M","?","R","B",null,"M","?","M","?","?","R","M","R","T","M"],"character_chosen":"DEFECT","items_purchased":["Compile Driver","Capacitor"],"campfire_rested":0,"item_purchase_floors":[4,12],"current_hp_per_floor":[64,64,64,64,57,64,64,64,64,64,64,64,64,64,64,20,58,49,49,22,22,22,22,8,8,8,0],"gold":97,"neow_bonus":"THREE_ENEMY_KILL","is_prod":false,"is_daily":false,"chose_seed":false,"campfire_upgraded":5,"win_rate":0,"timestamp":1565734462,"path_taken":["M","?","?","$","?","E","R","E","T","M","R","$","M","?","R","BOSS","M","?","?","?","?","R","M","R","T","M"],"build_version":"2019-07-17","purchased_purges":1,"victory":false,"max_hp_per_floor":[71,64,64,64,64,71,71,71,71,71,71,71,71,71,71,71,71,71,71,71,71,71,71,71,71,71,71],"card_choices":[{"not_picked":["Cold Snap","Streamline"],"picked":"Glacier","floor":1},{"not_picked":["Coolheaded","Rebound"],"picked":"Barrage","floor":6},{"not_picked":["Compile Driver","Hologram"],"picked":"Sweeping Beam","floor":8},{"not_picked":["Doom and Gloom","Conserve Battery"],"picked":"Turbo","floor":10},{"not_picked":["Coolheaded","Undo"],"picked":"Beam Cell","floor":13},{"not_picked":["Thunder Strike","Multi-Cast"],"picked":"Meteor Strike","floor":16},{"not_picked":["Streamline","Auto Shields"],"picked":"Conserve Battery","floor":18},{"not_picked":["Double Energy","Steam+1"],"picked":"Consume","floor":20},{"not_picked":["Sweeping Beam","Consume"],"picked":"Compile Driver","floor":24}],"player_experience":2365287,"relics_obtained":[{"floor":6,"key":"Strawberry"},{"floor":8,"key":"Art of War"},{"floor":9,"key":"Shuriken"},{"floor":26,"key":"Ornamental Fan"}],"event_choices":[{"damage_healed":0,"gold_gain":0,"player_choice":"Lose Max HP","damage_taken":0,"relics_obtained":["Golden Idol"],"max_hp_gain":0,"max_hp_loss":7,"event_name":"Golden Idol","floor":2,"gold_loss":0},{"damage_healed":0,"gold_gain":0,"player_choice":"Leave","damage_taken":0,"max_hp_gain":0,"max_hp_loss":0,"event_name":"The Cleric","floor":3,"gold_loss":0},{"cards_removed":["Strike_B"],"damage_healed":0,"gold_gain":0,"player_choice":"Card Removal","damage_taken":7,"max_hp_gain":0,"max_hp_loss":0,"event_name":"Golden Wing","floor":5,"gold_loss":0},{"damage_healed":0,"gold_gain":0,"player_choice":"Grow","damage_taken":0,"max_hp_gain":0,"max_hp_loss":0,"event_name":"Living Wall","floor":14,"gold_loss":0,"cards_upgraded":["Beam Cell"]},{"damage_healed":0,"gold_gain":0,"player_choice":"0 cards matched","damage_taken":0,"max_hp_gain":0,"max_hp_loss":0,"event_name":"Match and Keep!","floor":19,"gold_loss":0,"cards_obtained":[]},{"damage_healed":0,"gold_gain":0,"player_choice":"Ignored","damage_taken":0,"max_hp_gain":0,"max_hp_loss":0,"event_name":"Cursed Tome","floor":21,"gold_loss":0},{"cards_removed":["Strike_B"],"damage_healed":0,"gold_gain":0,"player_choice":"Gave Gold","damage_taken":0,"max_hp_gain":0,"max_hp_loss":0,"event_name":"Beggar","floor":22,"gold_loss":75}],"is_beta":false,"boss_relics":[{"not_picked":["Philosopher\u0027s Stone","Fusion Hammer"],"picked":"Coffee Dripper"}],"items_purged_floors":[12],"is_endless":false,"potions_floor_spawned":[8,18],"killed_by":"Snake Plant","ascension_level":20}