{"gold_per_floor":[118,118,293,309,309,309,343,343,343,362,362,437,472,492,492,623,623,637,658,658],"floor_reached":20,"playtime":705,"items_purged":[],"score":300,"play_id":"6f0a5852-0fa1-40b9-a860-aef77b5d4d13","local_time":"20190401214840","is_ascension_mode":true,"campfire_choices":[{"data":"Clothesline","floor":6.0,"key":"SMITH"},{"data":"Hemokinesis","floor":8.0,"key":"SMITH"},{"data":"Havoc","floor":11.0,"key":"SMITH"},{"data":"True Grit","floor":15.0,"key":"SMITH"}],"neow_cost":"NONE","seed_source_timestamp":0,"circlet_count":0,"master_deck":["Strike_R","Strike_R","Defend_R","Defend_R","Defend_R","Defend_R","Bash+1","Clothesline+1","Doubt","Whirlwind","Hemokinesis+1","Havoc+1","Immolate","True Grit+1","Demon Form","Sword Boomerang+1","Fiend Fire+1","Feed+1","Shrug It Off","Rupture+1"],"special_seed":0,"relics":["Burning Blood","NeowsBlessing","Golden Idol","Sundial","Paper Frog","Dream Catcher","Astrolabe"],"potions_floor_usage":[],"damage_taken":[{"damage":0.0,"enemies":"Jaw Worm","floor":1.0,"turns":1.0},{"damage":0.0,"enemies":"2 Louse","floor":4.0,"turns":1.0},{"damage":0.0,"enemies":"3 Sentries","floor":7.0,"turns":2.0},{"damage":10.0,"enemies":"Small Slimes","floor":10.0,"turns":2.0},{"damage":8.0,"enemies":"Gremlin Nob","floor":13.0,"turns":3.0},{"damage":8.0,"enemies":"3 Louse","floor":14.0,"turns":2.0},{"damage":57.0,"enemies":"The Guardian","floor":16.0,"turns":12.0},{"damage":19.0,"enemies":"Spheric Guardian","floor":18.0,"turns":4.0},{"damage":24.0,"enemies":"2 Thieves","floor":19.0,"turns":4.0},{"damage":29,"enemies":"Shelled Parasite and Fungi","floor":20,"turns":4}],"seed_played":"7993455125623437888","potions_obtained":[{"floor":4.0,"key":"SteroidPotion"},{"floor":13.0,"key":"FairyPotion"},{"floor":14.0,"key":"Ancient Potion"},{"floor":16.0,"key":"Weak Potion"},{"floor":18.0,"key":"Fruit Juice"}],"is_trial":false,"path_per_floor":["M","?","?","M","?","R","E","R","T","M","R","?","E","M","R","B",null,"M","M","M"],"character_chosen":"IRONCLAD","items_purchased":[],"campfire_rested":0,"item_purchase_floors":[],"current_hp_per_floor":[78,58,58,64,64,64,70,70,70,66,66,55,53,51,51,8,62,54,36,7],"gold":658,"neow_bonus":"THREE_ENEMY_KILL","is_prod":false,"is_daily":false,"chose_seed":false,"campfire_upgraded":4,"win_rate":0,"timestamp":1554169720,"path_taken":["M","?","?","M","?","R","E","R","T","M","R","?","E","M","R","BOSS","M","M","M"],"build_version":"2019-01-23","purchased_purges":0,"victory":false,"max_hp_per_floor":[80,80,80,80,80,80,80,80,80,80,80,80,80,80,80,80,80,85,85,85],"card_choices":[{"not_picked":["Clash","Wild Strike"],"picked":"Clothesline","floor":1.0},{"not_picked":["Cleave","Warcry"],"picked":"Whirlwind","floor":4.0},{"not_picked":["Cleave","Evolve"],"picked":"Hemokinesis","floor":7.0},{"not_picked":["Entrench","Warcry"],"picked":"Havoc","floor":10.0},{"not_picked":["Wild Strike","Double Tap"],"picked":"Immolate","floor":13.0},{"not_picked":["Clash","Heavy Blade"],"picked":"True Grit","floor":14.0},{"not_picked":["Berserk","Juggernaut"],"picked":"Demon Form","floor":16.0},{"not_picked":["Clash","Infernal Blade"],"picked":"Shrug It Off","floor":18.0},{"not_picked":["Clash","Second Wind"],"picked":"Rupture+1","floor":19.0}],"player_experience":359342,"relics_obtained":[{"floor":7.0,"key":"Sundial"},{"floor":9.0,"key":"Paper Frog"},{"floor":13.0,"key":"Dream Catcher"}],"event_choices":[{"damage_healed":0.0,"max_hp_gain":0.0,"max_hp_loss":0.0,"gold_gain":0.0,"event_name":"Golden Idol","player_choice":"Take Damage","floor":2.0,"gold_loss":0.0,"damage_taken":20.0,"relics_obtained":["Golden Idol"]},{"damage_healed":0.0,"max_hp_gain":0.0,"max_hp_loss":0.0,"gold_gain":175.0,"event_name":"Liars Game","player_choice":"AGREE","floor":3.0,"gold_loss":0.0,"damage_taken":0.0,"cards_obtained":["Doubt"]},{"damage_healed":0.0,"max_hp_gain":0.0,"max_hp_loss":0.0,"gold_gain":0.0,"event_name":"Living Wall","player_choice":"Grow","floor":5.0,"gold_loss":0.0,"damage_taken":0.0,"cards_upgraded":["Bash"]},{"damage_healed":0.0,"max_hp_gain":0.0,"max_hp_loss":0.0,"gold_gain":75.0,"event_name":"World of Goop","player_choice":"Gather Gold","floor":12.0,"gold_loss":0.0,"damage_taken":11.0}],"is_beta":false,"boss_relics":[{"not_picked":["Coffee Dripper","White Beast Statue"],"picked":"Astrolabe"}],"items_purged_floors":[],"is_endless":false,"potions_floor_spawned":[4,13,14,16,18],"killed_by":"Shelled Parasite and Fungi","ascension_level":9}