{"gold_per_floor":[117,117,127,141,216,216,241,253,278,305,316,66,78,78,78,182,182,194,194,194,16,16,16,41,41,86,116,116,116,64,77,77,180,180,198,1197,1197,658,671,671,701,701,701,712,742,762,762,774,774,774],"floor_reached":50,"playtime":2185,"items_purged":["Strike_B","Writhe","Normality"],"score":888,"play_id":"9737d6d8-c3e0-46bd-9520-08221c9a19b6","local_time":"20190526143455","is_ascension_mode":true,"campfire_choices":[{"data":"Zap","floor":6,"key":"SMITH"},{"floor":15,"key":"REST"},{"floor":23,"key":"REST"},{"floor":25,"key":"REST"},{"data":"Seek","floor":29,"key":"SMITH"},{"floor":32,"key":"REST"},{"data":"Coolheaded","floor":40,"key":"SMITH"},{"data":"Coolheaded","floor":42,"key":"SMITH"},{"floor":49,"key":"RECALL"}],"neow_cost":"NONE","seed_source_timestamp":1007157391006678,"circlet_count":0,"master_deck":["Strike_B","Strike_B","Strike_B+1","Defend_B","Defend_B","Defend_B","Defend_B","Zap+1","Dualcast","Ball Lightning+1","BootSequence","Glacier","Defragment","Creative AI","Capacitor","Conserve Battery","Doom and Gloom","Seek+1","Reprogram","Coolheaded+1","Hologram","Coolheaded+1","Skim","Meteor Strike","Heatsinks","Normality","Loop","Zap","Defragment","Turbo+1","Skim+1","Conserve Battery+1"],"relics":["Cracked Core","Whetstone","Centennial Puzzle","Pen Nib","Runic Dome","Letter Opener","Mummified Hand","Lantern","DataDisk","StoneCalendar","Nuclear Battery","Lee\u0027s Waffle","Orichalcum","Thread and Needle","Art of War"],"potions_floor_usage":[10,27,27,45,46],"damage_taken":[{"damage":1,"enemies":"Cultist","floor":1,"turns":4},{"damage":2,"enemies":"2 Louse","floor":3,"turns":3},{"damage":4,"enemies":"Jaw Worm","floor":4,"turns":3},{"damage":38,"enemies":"Gremlin Nob","floor":7,"turns":4},{"damage":0,"enemies":"Blue Slaver","floor":8,"turns":3},{"damage":0,"enemies":"Lagavulin","floor":10,"turns":5},{"damage":10,"enemies":"Exordium Thugs","floor":11,"turns":4},{"damage":1,"enemies":"Looter","floor":13,"turns":4},{"damage":2,"enemies":"Slime Boss","floor":16,"turns":8},{"damage":19,"enemies":"Shell Parasite","floor":18,"turns":7},{"damage":25,"enemies":"Gremlin Leader","floor":24,"turns":6},{"damage":24,"enemies":"Slavers","floor":27,"turns":4},{"damage":17,"enemies":"2 Thieves","floor":31,"turns":4},{"damage":0,"enemies":"Automaton","floor":33,"turns":7},{"damage":24,"enemies":"3 Darklings","floor":35,"turns":5},{"damage":3,"enemies":"3 Shapes","floor":39,"turns":3},{"damage":30,"enemies":"Reptomancer","floor":41,"turns":7},{"damage":0,"enemies":"Spire Growth","floor":44,"turns":5},{"damage":51,"enemies":"Giant Head","floor":45,"turns":10},{"damage":1,"enemies":"Writhing Mass","floor":46,"turns":7},{"damage":0,"enemies":"Sphere and 2 Shapes","floor":48,"turns":3},{"damage":16,"enemies":"Donu and Deca","floor":50,"turns":2}],"seed_played":"7499553539553434918","potions_obtained":[{"floor":3,"key":"SmokeBomb"},{"floor":7,"key":"FocusPotion"},{"floor":11,"key":"Fire Potion"},{"floor":16,"key":"GamblersBrew"},{"floor":33,"key":"Poison Potion"},{"floor":35,"key":"Swift Potion"},{"floor":45,"key":"Ancient Potion"},{"floor":46,"key":"Fire Potion"}],"is_trial":false,"path_per_floor":["M","?","M","M","?","R","E","M","T","E","M","$","M","?","R","B",null,"M","?","T","$","?","R","E","R","T","E","$","R","$","M","R","B",null,"M","?","?","$","M","R","E","R","T","M","E","M","?","M","R","B"],"character_chosen":"DEFECT","items_purchased":["Capacitor","Conserve Battery","Explosive Potion","Coolheaded","Hologram","Coolheaded","Lee\u0027s Waffle","Defragment","Orichalcum"],"campfire_rested":4,"item_purchase_floors":[12,12,12,21,21,30,38,38,38],"current_hp_per_floor":[74,79,77,73,62,62,24,24,24,24,14,14,13,18,44,42,76,57,57,57,57,40,67,42,69,69,45,45,45,45,28,55,55,83,59,59,59,99,96,96,66,66,66,66,15,14,14,14,14,0],"gold":774,"neow_bonus":"TEN_PERCENT_HP_BONUS","is_prod":false,"is_daily":false,"chose_seed":false,"campfire_upgraded":4,"win_rate":0,"timestamp":1558895695,"path_taken":["M","?","M","?","?","R","E","M","T","E","M","$","M","?","R","BOSS","M","?","?","$","?","R","E","R","T","E","?","R","$","M","R","BOSS","M","?","?","$","M","R","E","R","T","M","E","?","?","M","R","BOSS"],"build_version":"2019-01-23","purchased_purges":3,"victory":false,"max_hp_per_floor":[82,82,82,82,82,82,82,82,82,82,82,82,82,87,87,87,87,87,87,87,87,92,92,92,92,92,92,92,92,92,92,92,92,92,92,92,92,99,99,99,99,99,99,99,99,99,99,99,99,99],"card_choices":[{"not_picked":["Redo","Stack"],"picked":"Sweeping Beam","floor":1},{"not_picked":["Rip and Tear","Rebound"],"picked":"Ball Lightning","floor":3},{"not_picked":["Rebound","Redo","Go for the Eyes"],"picked":"SKIP","floor":4},{"not_picked":["Compile Driver","Streamline"],"picked":"BootSequence","floor":7},{"not_picked":["Barrage","Hello World"],"picked":"Glacier","floor":8},{"not_picked":["Redo","Skim"],"picked":"Defragment","floor":10},{"not_picked":["Sweeping Beam","Cold Snap"],"picked":"Creative AI","floor":11},{"not_picked":["Recycle","Capacitor"],"picked":"Doom and Gloom","floor":13},{"not_picked":["Creative AI","Machine Learning"],"picked":"Seek","floor":16},{"not_picked":["Ball Lightning","Redo+1"],"picked":"Reprogram","floor":18},{"not_picked":["Ball Lightning","Thunder Strike","Auto Shields"],"picked":"SKIP","floor":24},{"not_picked":["Scrape","Leap","Reprogram"],"picked":"SKIP","floor":27},{"not_picked":["Sweeping Beam","Stack+1"],"picked":"Skim","floor":31},{"not_picked":["Multi-Cast","Rainbow"],"picked":"Meteor Strike","floor":33},{"not_picked":["Rip and Tear","Ball Lightning+1"],"picked":"Heatsinks","floor":35},{"not_picked":["Stack+1","Beam Cell+1"],"picked":"Turbo+1","floor":39},{"not_picked":["Conserve Battery","Sweeping Beam","Redo"],"picked":"SKIP","floor":41},{"not_picked":["Go for the Eyes+1","Compile Driver","Stack"],"picked":"SKIP","floor":44},{"not_picked":["Barrage","Cold Snap+1"],"picked":"Skim+1","floor":45},{"not_picked":["Reprogram","Gash"],"picked":"Conserve Battery+1","floor":46},{"not_picked":["Barrage+1","Skim","Doom and Gloom+1"],"picked":"SKIP","floor":48}],"player_experience":511295,"relics_obtained":[{"floor":7,"key":"Whetstone"},{"floor":9,"key":"Centennial Puzzle"},{"floor":10,"key":"Pen Nib"},{"floor":20,"key":"Mummified Hand"},{"floor":24,"key":"Lantern"},{"floor":26,"key":"DataDisk"},{"floor":27,"key":"StoneCalendar"},{"floor":41,"key":"Thread and Needle"},{"floor":45,"key":"Art of War"}],"event_choices":[{"cards_removed":["Sweeping Beam"],"damage_healed":5,"gold_gain":0,"player_choice":"Offered Common","damage_taken":0,"max_hp_gain":0,"max_hp_loss":0,"event_name":"Bonfire Elementals","floor":2,"gold_loss":0},{"cards_removed":["Sweeping Beam"],"damage_healed":5,"gold_gain":0,"player_choice":"Offered Special","damage_taken":0,"max_hp_gain":0,"max_hp_loss":0,"event_name":"Bonfire Elementals","floor":2,"gold_loss":0},{"damage_healed":0,"gold_gain":75,"player_choice":"Gather Gold","damage_taken":11,"max_hp_gain":0,"max_hp_loss":0,"event_name":"World of Goop","floor":5,"gold_loss":0},{"damage_healed":0,"gold_gain":0,"player_choice":"Donut","damage_taken":0,"max_hp_gain":5,"max_hp_loss":0,"event_name":"Big Fish","floor":14,"gold_loss":0},{"damage_healed":0,"gold_gain":0,"player_choice":"Opened","damage_taken":0,"relics_obtained":["Letter Opener"],"max_hp_gain":0,"max_hp_loss":0,"event_name":"The Mausoleum","floor":19,"gold_loss":0,"cards_obtained":["Writhe"]},{"damage_healed":0,"gold_gain":0,"player_choice":"Shed Blood","damage_taken":22,"max_hp_gain":5,"max_hp_loss":0,"event_name":"Forgotten Altar","floor":22,"gold_loss":0},{"damage_healed":0,"gold_gain":999,"player_choice":"Gold","damage_taken":0,"max_hp_gain":0,"max_hp_loss":0,"event_name":"MindBloom","floor":36,"gold_loss":0,"cards_obtained":["Normality","Normality"]},{"damage_healed":0,"gold_gain":0,"player_choice":"2 cards matched","damage_taken":0,"max_hp_gain":0,"max_hp_loss":0,"event_name":"Match and Keep!","floor":37,"gold_loss":0,"cards_obtained":["Loop","Zap"]},{"damage_healed":0,"gold_gain":0,"player_choice":"Ignored","damage_taken":0,"max_hp_gain":0,"max_hp_loss":0,"event_name":"Mysterious Sphere","floor":47,"gold_loss":0}],"is_beta":false,"boss_relics":[{"not_picked":["Lizard Tail","Pandora\u0027s Box"],"picked":"Runic Dome"},{"not_picked":["Calling Bell","Runic Pyramid"],"picked":"Nuclear Battery"}],"items_purged_floors":[12,21,38],"is_endless":false,"potions_floor_spawned":[3,7,11,16,18,33,35,45,46],"killed_by":"Donu and Deca","ascension_level":7}