{"gold_per_floor":[11,28,28,46,46,46,66,80,126,157,168,188,206,206,206,311,311,328,328,328,342,73,103,103,117,117,146,159,171,171,202,202,305,305,325,325,28,48,58,70,97,110,110,123,123,156,173,185,185,185],"floor_reached":50,"playtime":3304,"items_purged":["Defend_G"],"score":712,"play_id":"07c513b6-be04-4ce5-9e43-5a65aad943d6","local_time":"20190305230848","is_ascension_mode":true,"campfire_choices":[{"data":"Noxious Fumes","floor":6,"key":"SMITH"},{"floor":15,"key":"REST"},{"data":"Die Die Die","floor":24,"key":"SMITH"},{"floor":32,"key":"REST"},{"floor":45,"key":"REST"},{"floor":49,"key":"RECALL"}],"neow_cost":"NO_GOLD","seed_source_timestamp":417914511915969,"circlet_count":0,"master_deck":["Defend_G","Defend_G","Defend_G","Defend_G","Strike_G","Strike_G+1","Strike_G","Strike_G","Survivor","Neutralize","Die Die Die+1","Noxious Fumes+1","Dagger Spray+1","Cloak And Dagger+1","Leg Sweep+1","Endless Agony","Acrobatics+1","Backflip+1","Backstab","Doppelganger+1","Deflect+1","Calculated Gamble+1","Backflip+1","Crippling Poison+1","Dodge and Roll+1","Infinite Blades+1","Adrenaline+1","Cloak And Dagger+1","Infinite Blades","Well Laid Plans","Parasite","PiercingWail+1","Well Laid Plans+1","Tools of the Trade","Prepared+1","Normality","Backstab+1","Underhanded Strike+1","Eviscerate","Concentrate+1"],"relics":["Ring of the Serpent","Toxic Egg 2","Snake Skull","Bag of Marbles","Cursed Key","OrangePellets","Blood Vial","Letter Opener","Centennial Puzzle","Art of War","Mercury Hourglass","Gambling Chip","Vajra"],"potions_floor_usage":[16,27,27,33,33,46,50,50],"damage_taken":[{"damage":0,"enemies":"Small Slimes","floor":1,"turns":3},{"damage":2,"enemies":"Jaw Worm","floor":2,"turns":5},{"damage":1,"enemies":"Cultist","floor":4,"turns":3},{"damage":9,"enemies":"Looter","floor":7,"turns":3},{"damage":0,"enemies":"2 Fungi Beasts","floor":8,"turns":3},{"damage":27,"enemies":"Gremlin Nob","floor":10,"turns":5},{"damage":0,"enemies":"Red Slaver","floor":11,"turns":3},{"damage":0,"enemies":"Exordium Thugs","floor":12,"turns":2},{"damage":0,"enemies":"Gremlin Gang","floor":13,"turns":1},{"damage":18,"enemies":"Hexaghost","floor":16,"turns":9},{"damage":0,"enemies":"Spheric Guardian","floor":18,"turns":3},{"damage":4,"enemies":"Chosen","floor":21,"turns":3},{"damage":0,"enemies":"Gremlin Leader","floor":23,"turns":6},{"damage":0,"enemies":"3 Cultists","floor":25,"turns":3},{"damage":6,"enemies":"Book of Stabbing","floor":27,"turns":5},{"damage":2,"enemies":"Centurion and Healer","floor":28,"turns":3},{"damage":18,"enemies":"Snake Plant","floor":29,"turns":5},{"damage":10,"enemies":"Slavers","floor":31,"turns":4},{"damage":62,"enemies":"Collector","floor":33,"turns":9},{"damage":3,"enemies":"Orb Walker","floor":35,"turns":4},{"damage":0,"enemies":"3 Shapes","floor":38,"turns":2},{"damage":35,"enemies":"Writhing Mass","floor":39,"turns":7},{"damage":0,"enemies":"4 Shapes","floor":40,"turns":2},{"damage":14,"enemies":"Nemesis","floor":41,"turns":7},{"damage":5,"enemies":"Maw","floor":42,"turns":8},{"damage":6,"enemies":"Sphere and 2 Shapes","floor":44,"turns":4},{"damage":15,"enemies":"Giant Head","floor":46,"turns":9},{"damage":0,"enemies":"Spire Growth","floor":47,"turns":4},{"damage":16,"enemies":"Transient","floor":48,"turns":5},{"damage":16,"enemies":"Donu and Deca","floor":50,"turns":1}],"seed_played":"3886104248780959199","potions_obtained":[{"floor":8,"key":"Swift Potion"},{"floor":10,"key":"Dexterity Potion"},{"floor":12,"key":"Energy Potion"},{"floor":16,"key":"PowerPotion"},{"floor":23,"key":"Regen Potion"},{"floor":31,"key":"Dexterity Potion"},{"floor":33,"key":"Explosive Potion"},{"floor":41,"key":"SkillPotion"},{"floor":42,"key":"Block Potion"},{"floor":47,"key":"EssenceOfSteel"}],"is_trial":false,"path_per_floor":["M","M","?","M","?","R","M","M","T","E","M","M","M","?","R","B",null,"M","?","?","M","$","E","R","M","T","E","M","M","?","E","R","B",null,"M","?","$","M","M","M","E","M","T","M","R","E","M","M","R","B"],"character_chosen":"THE_SILENT","items_purchased":["OrangePellets","Mercury Hourglass","Infinite Blades"],"campfire_rested":3,"item_purchase_floors":[22,37,37],"current_hp_per_floor":[70,68,68,67,67,67,58,58,58,31,31,31,31,17,38,20,70,70,70,70,66,66,66,66,68,68,64,64,48,48,40,61,16,70,67,67,67,69,35,37,25,22,22,18,39,26,28,14,14,0],"gold":185,"neow_bonus":"THREE_RARE_CARDS","is_prod":false,"is_daily":false,"chose_seed":false,"campfire_upgraded":2,"win_rate":0,"timestamp":1551845328,"path_taken":["M","M","?","M","?","R","M","M","T","E","?","M","M","?","R","BOSS","M","?","?","?","?","E","R","M","T","E","M","M","?","E","R","BOSS","M","?","$","?","?","M","E","M","T","?","R","E","M","M","R","BOSS"],"build_version":"2019-01-23","purchased_purges":1,"victory":false,"max_hp_per_floor":[70,70,70,70,70,70,70,70,70,70,70,70,70,70,70,70,70,70,70,70,70,70,70,70,70,70,70,70,70,70,70,70,70,70,70,70,70,70,70,70,70,70,70,70,70,70,70,70,70,70],"card_choices":[{"not_picked":["Corpse Explosion","Storm of Steel"],"picked":"Die Die Die","floor":0},{"not_picked":["Deadly Poison","Dagger Spray"],"picked":"Dagger Throw","floor":1},{"not_picked":["Riddle With Holes","Underhanded Strike"],"picked":"Noxious Fumes","floor":2},{"not_picked":["Tactician","Caltrops"],"picked":"Dagger Spray","floor":4},{"not_picked":["Prepared+1","Outmaneuver+1"],"picked":"Cloak And Dagger+1","floor":7},{"not_picked":["Distraction+1","Dodge and Roll+1"],"picked":"Leg Sweep+1","floor":8},{"not_picked":["Sucker Punch","Quick Slash"],"picked":"Endless Agony","floor":10},{"not_picked":["Reflex+1","Dagger Spray"],"picked":"Acrobatics+1","floor":11},{"not_picked":["Bane","Endless Agony"],"picked":"Backflip+1","floor":12},{"not_picked":["Grand Finale","Dagger Throw"],"picked":"Backstab","floor":13},{"not_picked":["Die Die Die","Wraith Form v2"],"picked":"Doppelganger+1","floor":16},{"not_picked":["Riddle With Holes+1","Reflex+1"],"picked":"Deflect+1","floor":18},{"not_picked":["Backstab","Dagger Throw","Tactician+1"],"picked":"SKIP","floor":21},{"not_picked":["Dagger Throw","Slice"],"picked":"Calculated Gamble+1","floor":23},{"not_picked":["Distraction+1","All Out Attack","Choke"],"picked":"SKIP","floor":25},{"not_picked":["Outmaneuver+1","Sucker Punch+1"],"picked":"Backflip+1","floor":27},{"not_picked":["Poisoned Stab","Quick Slash","Catalyst+1"],"picked":"SKIP","floor":28},{"not_picked":["Tactician+1","Outmaneuver+1"],"picked":"Crippling Poison+1","floor":29},{"not_picked":["Quick Slash","Masterful Stab"],"picked":"Infinite Blades+1","floor":31},{"not_picked":["Night Terror+1","Phantasmal Killer+1"],"picked":"Adrenaline+1","floor":33},{"not_picked":["Setup+1","Reflex+1"],"picked":"Cloak And Dagger+1","floor":35},{"not_picked":["Backflip+1","Prepared+1"],"picked":"Well Laid Plans","floor":38},{"not_picked":["Poisoned Stab","Dodge and Roll+1"],"picked":"PiercingWail+1","floor":39},{"not_picked":["Expertise+1","Blade Dance+1"],"picked":"Well Laid Plans+1","floor":40},{"not_picked":["Skewer","Deflect+1"],"picked":"Tools of the Trade","floor":41},{"not_picked":["Blade Dance+1","Dagger Throw"],"picked":"Prepared+1","floor":42},{"not_picked":["Infinite Blades+1","Deflect+1"],"picked":"Backstab+1","floor":44},{"not_picked":["Dagger Spray+1","Acrobatics+1"],"picked":"Underhanded Strike+1","floor":46},{"not_picked":["Underhanded Strike","Deflect+1"],"picked":"Eviscerate","floor":47},{"not_picked":["Bouncing Flask+1","Blade Dance+1"],"picked":"Concentrate+1","floor":48}],"player_experience":291988,"relics_obtained":[{"floor":9,"key":"Snake Skull"},{"floor":10,"key":"Bag of Marbles"},{"floor":23,"key":"Blood Vial"},{"floor":26,"key":"Letter Opener"},{"floor":27,"key":"Centennial Puzzle"},{"floor":31,"key":"Art of War"},{"floor":41,"key":"Gambling Chip"},{"floor":46,"key":"Vajra"}],"event_choices":[{"damage_healed":0,"gold_gain":0,"player_choice":"Leave","damage_taken":0,"max_hp_gain":0,"max_hp_loss":0,"event_name":"The Cleric","floor":3,"gold_loss":0},{"cards_removed":["Dagger Throw"],"damage_healed":0,"gold_gain":0,"player_choice":"Gave Card","damage_taken":0,"relics_obtained":["Toxic Egg 2"],"max_hp_gain":0,"max_hp_loss":0,"event_name":"WeMeetAgain","floor":5,"gold_loss":0},{"damage_healed":0,"gold_gain":0,"player_choice":"Entered Light","damage_taken":14,"max_hp_gain":0,"max_hp_loss":0,"event_name":"Shining Light","floor":14,"gold_loss":0,"cards_upgraded":["Dagger Spray","Strike_G"]},{"damage_healed":0,"gold_gain":0,"player_choice":"Ignored","damage_taken":0,"max_hp_gain":0,"max_hp_loss":0,"event_name":"Ghosts","floor":19,"gold_loss":0},{"damage_healed":0,"gold_gain":0,"player_choice":"Bought 0 Potions","damage_taken":0,"max_hp_gain":0,"max_hp_loss":0,"event_name":"The Woman in Blue","floor":20,"gold_loss":0},{"damage_healed":0,"gold_gain":0,"cards_transformed":["Strike_G"],"player_choice":"Transformed","damage_taken":0,"max_hp_gain":0,"max_hp_loss":0,"event_name":"Transmorgrifier","floor":30,"gold_loss":0,"cards_obtained":["Dodge and Roll"]},{"cards_removed":["Injury"],"damage_healed":0,"gold_gain":0,"player_choice":"Purged","damage_taken":0,"max_hp_gain":0,"max_hp_loss":0,"event_name":"Purifier","floor":36,"gold_loss":0}],"is_beta":false,"boss_relics":[{"not_picked":["Ectoplasm","Runic Dome"],"picked":"Cursed Key"},{"not_picked":["Tiny House","Calling Bell"],"picked":"Ring of the Serpent"}],"items_purged_floors":[22],"is_endless":false,"potions_floor_spawned":[8,10,12,16,18,23,31,33,41,42,47,48],"killed_by":"Donu and Deca","ascension_level":3}