{"gold_per_floor":[218,218,4,15,25,51,51,65,65,80,100,100,100,143,143,239,239,239],"floor_reached":18,"playtime":767,"items_purged":[],"score":394,"play_id":"fe661c22-ddd5-401d-b842-5274f47e0d9b","local_time":"20190817165848","is_ascension_mode":true,"campfire_choices":[{"floor":12.0,"key":"REST"},{"data":"Bouncing Flask","floor":15.0,"key":"SMITH"}],"neow_cost":"NONE","seed_source_timestamp":52537702542000,"circlet_count":0,"master_deck":["AscendersBane","Strike_G","Strike_G","Strike_G","Defend_G","Defend_G","Defend_G","Defend_G","Defend_G","Survivor","Neutralize","Predator","Footwork","Noxious Fumes","Backstab","Bouncing Flask+1","Dodge and Roll","PiercingWail","Injury","Caltrops+1","Tools of the Trade+1"],"special_seed":0,"relics":["Ring of the Snake","Lantern","Thread and Needle","Frozen Egg 2","Golden Idol","Bottled Lightning","Snecko Eye"],"potions_floor_usage":[16,16],"damage_taken":[{"damage":2.0,"enemies":"2 Louse","floor":1.0,"turns":3.0},{"damage":1.0,"enemies":"Cultist","floor":4.0,"turns":5.0},{"damage":3.0,"enemies":"Small Slimes","floor":5.0,"turns":3.0},{"damage":25.0,"enemies":"Gremlin Nob","floor":6.0,"turns":4.0},{"damage":0.0,"enemies":"2 Fungi Beasts","floor":8.0,"turns":4.0},{"damage":0.0,"enemies":"Exordium Thugs","floor":10.0,"turns":2.0},{"damage":2.0,"enemies":"Blue Slaver","floor":11.0,"turns":4.0},{"damage":0.0,"enemies":"Lagavulin","floor":14.0,"turns":7.0},{"damage":33,"enemies":"Slime Boss","floor":16,"turns":10},{"damage":0,"enemies":"Shell Parasite","floor":18,"turns":1}],"seed_played":"-8355268348926565991","potions_obtained":[{"floor":1.0,"key":"Explosive Potion"},{"floor":6.0,"key":"SkillPotion"},{"floor":11.0,"key":"Regen Potion"},{"floor":14.0,"key":"EssenceOfSteel"}],"is_trial":false,"path_per_floor":["M","?","$","M","M","E","?","M","T","M","M","R","?","E","R","B",null,"M"],"character_chosen":"THE_SILENT","items_purchased":["Noxious Fumes","Lantern"],"campfire_rested":1,"item_purchase_floors":[3,3],"current_hp_per_floor":[57,57,57,56,53,28,21,21,21,21,19,38,38,53,53,20,55,55],"gold":239,"neow_bonus":"HUNDRED_GOLD","is_prod":false,"is_daily":false,"chose_seed":false,"campfire_upgraded":1,"win_rate":0,"timestamp":1566053928,"path_taken":["M","?","$","M","?","E","?","M","T","M","M","R","?","E","R","BOSS","M"],"build_version":"2019-07-17","purchased_purges":0,"victory":false,"max_hp_per_floor":[66,66,66,66,66,66,66,66,66,66,66,66,66,66,66,66,66,66],"card_choices":[{"not_picked":["Calculated Gamble","Dodge and Roll"],"picked":"Predator","floor":1.0},{"not_picked":["Prepared","All Out Attack"],"picked":"Backstab","floor":4.0},{"not_picked":["Bane","Skewer"],"picked":"Bouncing Flask","floor":5.0},{"not_picked":["Dagger Throw","Acrobatics"],"picked":"Dodge and Roll","floor":6.0},{"not_picked":["Slice","Bouncing Flask"],"picked":"PiercingWail","floor":8.0},{"not_picked":["Reflex","Dagger Throw","Infinite Blades+1"],"picked":"SKIP","floor":10.0},{"not_picked":["Prepared","Heel Hook","Dagger Throw"],"picked":"SKIP","floor":11.0},{"not_picked":["Deflect","Leg Sweep"],"picked":"Caltrops+1","floor":14.0},{"not_picked":["Envenom+1","Die Die Die"],"picked":"Tools of the Trade+1","floor":16}],"player_experience":1093728,"relics_obtained":[{"floor":6.0,"key":"Thread and Needle"},{"floor":9.0,"key":"Frozen Egg 2"},{"floor":14.0,"key":"Bottled Lightning"}],"event_choices":[{"damage_healed":0.0,"max_hp_gain":0.0,"max_hp_loss":0.0,"gold_gain":0.0,"cards_transformed":["Strike_G"],"event_name":"Transmorgrifier","player_choice":"Transformed","floor":2.0,"gold_loss":0.0,"damage_taken":0.0,"cards_obtained":["Footwork"]},{"cards_removed":["Strike_G"],"damage_healed":0.0,"max_hp_gain":0.0,"max_hp_loss":0.0,"gold_gain":0.0,"event_name":"Golden Wing","player_choice":"Card Removal","floor":7.0,"gold_loss":0.0,"damage_taken":7.0},{"damage_healed":0.0,"max_hp_gain":0.0,"max_hp_loss":0.0,"gold_gain":0.0,"event_name":"Golden Idol","player_choice":"Take Wound","floor":13.0,"gold_loss":0.0,"damage_taken":0.0,"relics_obtained":["Golden Idol"],"cards_obtained":["Injury"]}],"is_beta":false,"boss_relics":[{"not_picked":["Ectoplasm","Philosopher\u0027s Stone"],"picked":"Snecko Eye"}],"items_purged_floors":[],"is_endless":false,"potions_floor_spawned":[1,6,11,14],"killed_by":"Shell Parasite","ascension_level":20}