{"gold_per_floor":[119,137,137,137,37,37,77,77,101,101,124,164,64,82,82,172,172,187,187,206,12,12,48,48,48,48,48,92,105,105,148,148,148],"floor_reached":33,"playtime":1317,"items_purged":["Strike_G","Strike_G","Defend_G"],"score":610,"play_id":"bc08048c-d310-4bbb-92f0-740730a1b80e","local_time":"20190808212840","is_ascension_mode":true,"campfire_choices":[{"data":"Blade Dance","floor":6,"key":"SMITH"},{"data":"Neutralize","floor":8,"key":"SMITH"},{"data":"Caltrops","floor":10,"key":"SMITH"},{"data":"Deadly Poison","floor":15,"key":"SMITH"},{"data":"Well Laid Plans","floor":25,"key":"SMITH"},{"floor":27,"key":"REST"},{"data":"Noxious Fumes","floor":32,"key":"SMITH"}],"neow_cost":"NONE","seed_source_timestamp":265662754834203,"circlet_count":0,"master_deck":["AscendersBane","Defend_G","Defend_G","Defend_G","Defend_G","Survivor","Neutralize+1","PiercingWail","Cloak And Dagger","Blade Dance+1","Caltrops+1","PiercingWail","Deadly Poison+1","Adrenaline","Noxious Fumes+1","Bite","Bite","Bite","Bite","Bite","Leg Sweep","Well Laid Plans+1","Leg Sweep","Cloak And Dagger","J.A.X.","Caltrops"],"relics":["Ring of the Snake","NeowsBlessing","Golden Idol","Oddly Smooth Stone","Lantern","Orichalcum","WristBlade","Darkstone Periapt","Tough Bandages","Blue Candle","Unceasing Top"],"potions_floor_usage":[14,28,29,33,33],"damage_taken":[{"damage":0,"enemies":"Cultist","floor":1,"turns":1},{"damage":0,"enemies":"Small Slimes","floor":2,"turns":1},{"damage":0,"enemies":"Gremlin Nob","floor":7,"turns":1},{"damage":0,"enemies":"2 Louse","floor":11,"turns":2},{"damage":20,"enemies":"3 Sentries","floor":12,"turns":10},{"damage":0,"enemies":"Exordium Thugs","floor":14,"turns":6},{"damage":20,"enemies":"The Guardian","floor":16,"turns":14},{"damage":5,"enemies":"3 Byrds","floor":18,"turns":5},{"damage":0,"enemies":"Chosen","floor":20,"turns":4},{"damage":24,"enemies":"Slavers","floor":23,"turns":6},{"damage":15,"enemies":"Book of Stabbing","floor":28,"turns":6},{"damage":19,"enemies":"Snake Plant","floor":29,"turns":5},{"damage":12,"enemies":"Gremlin Leader","floor":31,"turns":8},{"damage":55,"enemies":"Champ","floor":33,"turns":11}],"seed_played":"-278742885302104887","potions_obtained":[{"floor":2,"key":"Explosive Potion"},{"floor":12,"key":"SkillPotion"},{"floor":14,"key":"Poison Potion"},{"floor":29,"key":"SkillPotion"},{"floor":31,"key":"Fruit Juice"}],"is_trial":false,"path_per_floor":["M","M","?","?","$","R","E","R","T","R","M","E","$","M","R","B",null,"M","?","M","$","?","E","$","R","T","R","E","M","?","E","R","B"],"character_chosen":"THE_SILENT","items_purchased":["Blade Dance","Well Laid Plans"],"campfire_rested":1,"item_purchase_floors":[5,21],"current_hp_per_floor":[59,59,59,52,52,52,52,52,52,52,52,32,32,32,32,12,48,43,42,42,42,42,28,28,28,28,40,37,30,30,36,36,0],"gold":148,"neow_bonus":"THREE_ENEMY_KILL","is_prod":false,"is_daily":false,"chose_seed":false,"campfire_upgraded":6,"win_rate":0,"timestamp":1565314120,"path_taken":["M","?","?","?","$","R","E","R","T","R","M","E","$","?","R","BOSS","M","?","M","?","?","E","?","R","T","R","E","M","?","E","R","BOSS"],"build_version":"2019-07-17","purchased_purges":3,"victory":false,"max_hp_per_floor":[66,66,60,60,60,60,60,60,60,60,60,60,60,60,60,60,60,60,42,42,42,42,42,42,42,42,42,42,42,42,42,42,47],"card_choices":[{"not_picked":["Sucker Punch","Flechettes"],"picked":"PiercingWail","floor":1},{"not_picked":["Quick Slash","Acrobatics"],"picked":"Cloak And Dagger","floor":2},{"not_picked":["Blur","Underhanded Strike"],"picked":"Caltrops","floor":7},{"not_picked":["Concentrate","Catalyst","Dash"],"picked":"SKIP","floor":11},{"not_picked":["Night Terror","Expertise"],"picked":"PiercingWail","floor":12},{"not_picked":["Tactician","Quick Slash"],"picked":"Deadly Poison","floor":14},{"not_picked":["Doppelganger","Phantasmal Killer"],"picked":"Adrenaline","floor":16},{"not_picked":["Backstab","Caltrops"],"picked":"Noxious Fumes","floor":18},{"not_picked":["Backstab","Dodge and Roll"],"picked":"Leg Sweep","floor":20},{"not_picked":["Expertise","Poisoned Stab"],"picked":"Leg Sweep","floor":23},{"not_picked":["Flechettes","Eviscerate","Bane+1"],"picked":"SKIP","floor":28},{"not_picked":["Flying Knee","Choke"],"picked":"Cloak And Dagger","floor":29},{"not_picked":["Phantasmal Killer","Dagger Throw"],"picked":"Caltrops","floor":31}],"player_experience":765567,"relics_obtained":[{"floor":7,"key":"Oddly Smooth Stone"},{"floor":9,"key":"Lantern"},{"floor":12,"key":"Orichalcum"},{"floor":23,"key":"Darkstone Periapt"},{"floor":26,"key":"Tough Bandages"},{"floor":28,"key":"Blue Candle"},{"floor":31,"key":"Unceasing Top"}],"event_choices":[{"damage_healed":0,"gold_gain":0,"player_choice":"Lose Max HP","damage_taken":0,"relics_obtained":["Golden Idol"],"max_hp_gain":0,"max_hp_loss":6,"event_name":"Golden Idol","floor":3,"gold_loss":0},{"cards_removed":["Strike_G"],"damage_healed":0,"gold_gain":0,"player_choice":"Card Removal","damage_taken":7,"max_hp_gain":0,"max_hp_loss":0,"event_name":"Golden Wing","floor":4,"gold_loss":0},{"damage_healed":0,"gold_gain":0,"player_choice":"Became a vampire","damage_taken":0,"max_hp_gain":0,"max_hp_loss":18,"event_name":"Vampires","floor":19,"gold_loss":0,"cards_obtained":["Bite","Bite","Bite","Bite","Bite"]},{"damage_healed":0,"gold_gain":0,"player_choice":"Ignored","damage_taken":0,"max_hp_gain":0,"max_hp_loss":0,"event_name":"The Mausoleum","floor":22,"gold_loss":0},{"damage_healed":0,"gold_gain":0,"player_choice":"Obtain J.A.X.","damage_taken":0,"max_hp_gain":0,"max_hp_loss":0,"event_name":"Drug Dealer","floor":30,"gold_loss":0,"cards_obtained":["J.A.X."]}],"is_beta":false,"boss_relics":[{"not_picked":["White Beast Statue","Calling Bell"],"picked":"WristBlade"}],"items_purged_floors":[5,13,21],"is_endless":false,"potions_floor_spawned":[2,12,14,23,29,31],"killed_by":"Champ","ascension_level":15}