{"gold_per_floor":[117,117,117,82,257,292,306,23,23,23,44,64,107,126,126,126],"floor_reached":16,"playtime":700,"items_purged":["Doubt"],"score":110,"play_id":"3d72c001-5605-4db8-91d9-68e4b2b7117d","local_time":"20181228180804","is_ascension_mode":false,"campfire_choices":[{"floor":10,"key":"REST"},{"floor":15,"key":"RECALL"}],"neow_cost":"NONE","seed_source_timestamp":449867605959255,"circlet_count":0,"master_deck":["Strike_R","Strike_R","Strike_R","Strike_R","Strike_R","Defend_R","Defend_R","Defend_R","Defend_R","Bash","Clash","Rampage","Havoc","Shrug It Off","Feed","Battle Trance"],"relics":["Burning Blood","Anchor","Golden Idol","Omamori","Strange Spoon","PreservedInsect"],"potions_floor_usage":[16,16,16],"damage_taken":[{"damage":10,"enemies":"Jaw Worm","floor":1,"turns":4},{"damage":70,"enemies":"Lagavulin","floor":6,"turns":11},{"damage":3,"enemies":"Small Slimes","floor":7,"turns":4},{"damage":0,"enemies":"2 Louse","floor":11,"turns":2},{"damage":8,"enemies":"2 Fungi Beasts","floor":12,"turns":4},{"damage":28,"enemies":"3 Sentries","floor":13,"turns":11},{"damage":0,"enemies":"Large Slime","floor":14,"turns":5},{"damage":55,"enemies":"Hexaghost","floor":16,"turns":10}],"seed_played":"163469529909596880","potions_obtained":[{"floor":6,"key":"LiquidBronze"},{"floor":12,"key":"BloodPotion"},{"floor":14,"key":"Energy Potion"}],"is_trial":false,"path_per_floor":["M","?","?","?","?","E","M","$","T","R","M","M","E","M","R","B"],"character_chosen":"IRONCLAD","items_purchased":["Strange Spoon"],"campfire_rested":1,"item_purchase_floors":[8],"current_hp_per_floor":[76,56,61,82,82,18,21,21,21,46,52,50,31,40,40,0],"gold":126,"neow_bonus":"RANDOM_COMMON_RELIC","is_prod":false,"is_daily":false,"chose_seed":false,"campfire_upgraded":0,"win_rate":0,"timestamp":1545998884,"path_taken":["M","?","?","?","?","E","M","$","T","R","M","M","E","M","R","BOSS"],"build_version":"2018-12-20","purchased_purges":1,"victory":false,"max_hp_per_floor":[80,80,85,85,85,85,85,85,85,85,85,85,88,91,91,91],"card_choices":[{"not_picked":["Cleave","Wild Strike"],"picked":"Clash","floor":1},{"not_picked":["Pommel Strike","Sever Soul"],"picked":"Rampage","floor":6},{"not_picked":["Intimidate","Searing Blow"],"picked":"Havoc","floor":7},{"not_picked":["Blood for Blood","Armaments"],"picked":"Shrug It Off","floor":11},{"not_picked":["Sever Soul","Corruption"],"picked":"Feed","floor":12},{"not_picked":["Body Slam","Searing Blow"],"picked":"Battle Trance","floor":13},{"not_picked":["Carnage","Clash","Warcry"],"picked":"SKIP","floor":14}],"player_experience":435562,"relics_obtained":[{"floor":6,"key":"Omamori"},{"floor":13,"key":"PreservedInsect"}],"event_choices":[{"damage_healed":0,"gold_gain":0,"player_choice":"Take Damage","damage_taken":20,"relics_obtained":["Golden Idol"],"max_hp_gain":0,"max_hp_loss":0,"event_name":"Golden Idol","floor":2,"gold_loss":0},{"damage_healed":0,"gold_gain":0,"player_choice":"Donut","damage_taken":0,"max_hp_gain":5,"max_hp_loss":0,"event_name":"Big Fish","floor":3,"gold_loss":0},{"damage_healed":21,"gold_gain":0,"player_choice":"Healed","damage_taken":0,"max_hp_gain":0,"max_hp_loss":0,"event_name":"The Cleric","floor":4,"gold_loss":35},{"damage_healed":0,"gold_gain":175,"player_choice":"AGREE","damage_taken":0,"max_hp_gain":0,"max_hp_loss":0,"event_name":"Liars Game","floor":5,"gold_loss":0,"cards_obtained":["Doubt"]}],"is_beta":false,"boss_relics":[],"items_purged_floors":[8],"is_endless":false,"potions_floor_spawned":[6,12,14],"killed_by":"Hexaghost","ascension_level":0}