{"gold_per_floor":[363,379,2,2,2,2,19,19,42,52,63,63,80,115,115,191,191,208,208,234,18,32,32,52,52,52,52,52,52,71,71],"floor_reached":31,"playtime":1478,"items_purged":["Normality"],"score":470,"play_id":"3c89eed6-c630-4ae1-986b-7571a809b5b4","local_time":"20190816074107","is_ascension_mode":true,"campfire_choices":[{"data":"Infinite Blades","floor":6.0,"key":"SMITH"},{"floor":12.0,"key":"REST"},{"floor":15.0,"key":"REST"},{"floor":23.0,"key":"REST"},{"floor":25.0,"key":"REST"},{"floor":27.0,"key":"REST"}],"neow_cost":"CURSE","seed_source_timestamp":81364334969000,"circlet_count":0,"master_deck":["AscendersBane","Strike_G","Strike_G","Strike_G","Defend_G","Defend_G","Defend_G","Defend_G","Defend_G","Survivor","Neutralize","Poisoned Stab","Backflip","Sadistic Nature","Infinite Blades+1","Dagger Spray","Catalyst","Venomology","Backflip","Predator","A Thousand Cuts","Blade Dance","Backstab","Poisoned Stab","Well Laid Plans","Noxious Fumes","Shame","Deadly Poison","Corpse Explosion","Blur","Well Laid Plans","Grand Finale","Noxious Fumes"],"special_seed":0,"relics":["Ring of the Snake","Pen Nib","Bottled Flame","Art of War","Boot","Orrery","Snake Skull","Dream Catcher","Bag of Marbles","PreservedInsect"],"potions_floor_usage":[],"damage_taken":[{"damage":10.0,"enemies":"Jaw Worm","floor":1.0,"turns":9.0},{"damage":0.0,"enemies":"2 Louse","floor":2.0,"turns":3.0},{"damage":0.0,"enemies":"Small Slimes","floor":7.0,"turns":4.0},{"damage":3.0,"enemies":"Exordium Thugs","floor":10.0,"turns":2.0},{"damage":20.0,"enemies":"Large Slime","floor":11.0,"turns":6.0},{"damage":0.0,"enemies":"Blue Slaver","floor":13.0,"turns":5.0},{"damage":33.0,"enemies":"Gremlin Nob","floor":14.0,"turns":5.0},{"damage":19.0,"enemies":"Hexaghost","floor":16.0,"turns":9.0},{"damage":42.0,"enemies":"2 Thieves","floor":18.0,"turns":4.0},{"damage":1.0,"enemies":"3 Byrds","floor":22.0,"turns":3.0},{"damage":24.0,"enemies":"Snake Plant","floor":24.0,"turns":2.0},{"damage":8.0,"enemies":"Snecko","floor":30.0,"turns":4.0},{"damage":33,"enemies":"Slavers","floor":31,"turns":1}],"seed_played":"7023969304467953902","potions_obtained":[{"floor":2.0,"key":"EssenceOfSteel"},{"floor":11.0,"key":"Block Potion"},{"floor":16.0,"key":"Strength Potion"},{"floor":18.0,"key":"Explosive Potion"}],"is_trial":false,"path_per_floor":["M","M","$","?","?","R","M","T","T","M","M","R","M","E","R","B",null,"M","?","T","$","M","R","M","R","T","R","?","$","M","E"],"character_chosen":"THE_SILENT","items_purchased":["Sadistic Nature","Infinite Blades","Dagger Spray","Bag of Marbles","Deadly Poison"],"campfire_rested":5,"item_purchase_floors":[3,3,3,21,21],"current_hp_per_floor":[49,49,49,38,38,38,38,38,38,35,15,34,34,1,20,1,50,8,8,8,8,7,26,2,21,21,40,40,40,32,0],"gold":71,"neow_bonus":"TWO_FIFTY_GOLD","is_prod":false,"is_daily":false,"chose_seed":false,"campfire_upgraded":1,"win_rate":0,"timestamp":1565934067,"path_taken":["M","M","$","?","?","R","M","?","T","M","M","R","M","E","R","BOSS","M","?","?","$","M","R","M","R","T","R","?","?","M","E"],"build_version":"2019-07-17","purchased_purges":1,"victory":false,"max_hp_per_floor":[66,66,66,66,66,66,66,66,66,66,66,66,66,66,66,66,66,66,66,66,66,66,66,66,66,66,66,66,66,66,66],"card_choices":[{"not_picked":["Bane","Escape Plan"],"picked":"Poisoned Stab","floor":1.0},{"not_picked":["Prepared","All Out Attack"],"picked":"Backflip","floor":2.0},{"not_picked":["Riddle With Holes","Slice"],"picked":"Catalyst","floor":7.0},{"not_picked":["Skewer","Blur"],"picked":"Venomology","floor":10.0},{"not_picked":["Dagger Throw","Underhanded Strike","Bane"],"picked":"SKIP","floor":11.0},{"not_picked":["Reflex","Finisher"],"picked":"Backflip","floor":13.0},{"not_picked":["Blur","Dagger Throw"],"picked":"Predator","floor":14.0},{"not_picked":["Adrenaline","Tools of the Trade"],"picked":"A Thousand Cuts","floor":16.0},{"not_picked":["Skewer","Deflect"],"picked":"Blade Dance","floor":17.0},{"not_picked":["Acrobatics","PiercingWail"],"picked":"Backstab","floor":17.0},{"not_picked":["Dagger Spray","Bane"],"picked":"Poisoned Stab","floor":17.0},{"not_picked":["Sucker Punch","Calculated Gamble"],"picked":"Well Laid Plans","floor":17.0},{"not_picked":["Prepared","Sucker Punch"],"picked":"Noxious Fumes","floor":17.0},{"not_picked":["Quick Slash","Riddle With Holes+1","All Out Attack"],"picked":"SKIP","floor":18.0},{"not_picked":["Outmaneuver","Infinite Blades","Prepared"],"picked":"SKIP","floor":22.0},{"not_picked":["Deadly Poison","Flying Knee"],"picked":"Corpse Explosion","floor":23.0},{"not_picked":["Slice","Endless Agony","Escape Plan"],"picked":"SKIP","floor":24.0},{"not_picked":["Prepared","Underhanded Strike"],"picked":"Blur","floor":25.0},{"not_picked":["Reflex","Acrobatics+1"],"picked":"Noxious Fumes","floor":30.0}],"player_experience":1043388,"relics_obtained":[{"floor":8.0,"key":"Bottled Flame"},{"floor":9.0,"key":"Art of War"},{"floor":14.0,"key":"Boot"},{"floor":20.0,"key":"Dream Catcher"},{"floor":26.0,"key":"PreservedInsect"}],"event_choices":[{"damage_healed":0.0,"max_hp_gain":0.0,"max_hp_loss":0.0,"gold_gain":0.0,"event_name":"Scrap Ooze","player_choice":"Success","floor":4.0,"gold_loss":0.0,"damage_taken":11.0,"relics_obtained":["Pen Nib"]},{"damage_healed":0.0,"max_hp_gain":0.0,"max_hp_loss":0.0,"gold_gain":0.0,"event_name":"Shining Light","player_choice":"Ignored","floor":5.0,"gold_loss":0.0,"damage_taken":0.0},{"damage_healed":0.0,"max_hp_gain":0.0,"max_hp_loss":0.0,"gold_gain":0.0,"event_name":"Addict","player_choice":"Stole Relic","floor":19.0,"gold_loss":0.0,"damage_taken":0.0,"relics_obtained":["Snake Skull"],"cards_obtained":["Shame"]},{"damage_healed":0.0,"max_hp_gain":0.0,"max_hp_loss":0.0,"gold_gain":0.0,"cards_transformed":["Strike_G","Strike_G"],"event_name":"Drug Dealer","player_choice":"Became Test Subject","floor":28.0,"gold_loss":0.0,"damage_taken":0.0,"cards_obtained":["Well Laid Plans","Grand Finale"]}],"is_beta":false,"boss_relics":[{"not_picked":["Tiny House","Snecko Eye"],"picked":"Orrery"}],"items_purged_floors":[3],"is_endless":false,"potions_floor_spawned":[2,11,13,16,18],"killed_by":"Slavers","ascension_level":20}