{"gold_per_floor":[119,119,129,145,95,95,95,125,151,163,163,177,189,38,38,135,135,155,335,351,450,462,462,462,477,501,514,545,119,119,133,133,233,233,243,243,253,267,267,302,317,317,370,388,399,432,432,463,463,463,463,463,59,86,86],"floor_reached":55,"playtime":10938,"items_purged":["Defend_B","Decay"],"score":1197,"play_id":"f963b35d-9ff7-4df0-a512-23e4ad24cf24","local_time":"20190705211924","is_ascension_mode":true,"campfire_choices":[{"data":"Zap","floor":6,"key":"SMITH"},{"data":"Loop","floor":11,"key":"SMITH"},{"floor":15,"key":"REST"},{"floor":23,"key":"REST"},{"floor":30,"key":"REST"},{"data":"Turbo","floor":32,"key":"SMITH"},{"floor":42,"key":"RECALL"},{"data":"Echo Form","floor":49,"key":"SMITH"},{"floor":52,"key":"REST"}],"neow_cost":"NONE","seed_source_timestamp":302665549858641,"circlet_count":0,"master_deck":["AscendersBane","Defend_B+1","Defend_B","Defend_B","Zap+1","Dualcast","Cold Snap+1","Cold Snap","Loop+1","Hologram+1","Storm","Echo Form+1","Capacitor","White Noise","Echo Form","Self Repair+1","Darkness","Glacier+1","Capacitor","Turbo+1","Core Surge","Chaos+1","PanicButton","Master of Strategy","Thinking Ahead","White Noise+1","Undo","Consume+1","Recycle+1"],"relics":["Cracked Core","PreservedInsect","Centennial Puzzle","Orichalcum","DataDisk","Sozu","Whetstone","Dodecahedron","Blood Vial","War Paint","Inserter","Shuriken","Happy Flower","Kunai","Calipers","Anchor"],"potions_floor_usage":[27,33],"damage_taken":[{"damage":4,"enemies":"Small Slimes","floor":1,"turns":3},{"damage":0,"enemies":"2 Louse","floor":3,"turns":1},{"damage":2,"enemies":"Jaw Worm","floor":4,"turns":4},{"damage":17,"enemies":"3 Sentries","floor":8,"turns":9},{"damage":6,"enemies":"Lots of Slimes","floor":10,"turns":4},{"damage":6,"enemies":"2 Fungi Beasts","floor":12,"turns":4},{"damage":0,"enemies":"Large Slime","floor":13,"turns":5},{"damage":46,"enemies":"Hexaghost","floor":16,"turns":10},{"damage":5,"enemies":"Chosen","floor":18,"turns":5},{"damage":10,"enemies":"Spheric Guardian","floor":20,"turns":4},{"damage":6,"enemies":"Centurion and Healer","floor":22,"turns":7},{"damage":0,"enemies":"3 Cultists","floor":25,"turns":2},{"damage":26,"enemies":"Snecko","floor":27,"turns":5},{"damage":19,"enemies":"Gremlin Leader","floor":28,"turns":4},{"damage":22,"enemies":"Centurion and Healer","floor":31,"turns":5},{"damage":9,"enemies":"Champ","floor":33,"turns":10},{"damage":28,"enemies":"3 Shapes","floor":35,"turns":5},{"damage":7,"enemies":"Orb Walker","floor":37,"turns":4},{"damage":2,"enemies":"4 Shapes","floor":38,"turns":4},{"damage":54,"enemies":"Reptomancer","floor":40,"turns":6},{"damage":9,"enemies":"Spire Growth","floor":41,"turns":3},{"damage":7,"enemies":"3 Darklings","floor":44,"turns":7},{"damage":10,"enemies":"Writhing Mass","floor":45,"turns":7},{"damage":33,"enemies":"Nemesis","floor":46,"turns":5},{"damage":6,"enemies":"Giant Head","floor":48,"turns":8},{"damage":48,"enemies":"Time Eater","floor":50,"turns":12},{"damage":41,"enemies":"Shield and Spear","floor":54,"turns":8},{"damage":64,"enemies":"The Heart","floor":55,"turns":2}],"seed_played":"4145853081845770000","potions_obtained":[{"floor":8,"key":"Block Potion"},{"floor":10,"key":"Energy Potion"}],"is_trial":false,"path_per_floor":["M","?","M","M","?","R","?","E","T","M","R","M","M","$","R","B",null,"M","?","M","?","M","R","?","M","T","M","E","$","R","M","R","B",null,"M","?","M","M","?","E","M","R","T","M","M","E","?","E","R","B",null,"R","$","E","B"],"character_chosen":"DEFECT","items_purchased":["DataDisk","Capacitor","Blood Vial","War Paint","Calipers"],"campfire_rested":4,"item_purchase_floors":[14,29,29,29,53],"current_hp_per_floor":[64,69,69,67,67,67,60,43,43,37,37,31,31,31,55,9,62,57,33,23,23,17,41,41,41,41,25,26,26,50,50,50,63,76,50,50,65,80,70,38,51,51,51,66,78,57,57,73,73,47,72,80,80,59,0],"gold":86,"neow_bonus":"RANDOM_COMMON_RELIC","is_prod":false,"is_daily":false,"chose_seed":false,"campfire_upgraded":4,"win_rate":0,"timestamp":1562375964,"path_taken":["M","?","M","M","?","R","?","E","T","M","R","M","M","$","R","BOSS","M","?","?","?","M","R","?","M","T","M","E","$","R","M","R","BOSS","M","?","M","?","?","E","M","R","T","M","M","E","?","E","R","BOSS","R","$","E","BOSS"],"build_version":"2019-07-05","purchased_purges":2,"victory":false,"max_hp_per_floor":[75,80,80,80,80,80,80,80,80,80,80,80,80,80,80,80,80,80,80,80,80,80,80,80,80,80,80,80,80,80,80,80,80,80,80,80,80,80,80,80,80,80,80,80,80,80,80,80,80,80,80,80,80,80,80],"card_choices":[{"not_picked":["Go for the Eyes","Compile Driver","Fusion"],"picked":"SKIP","floor":1},{"not_picked":["White Noise","Streamline"],"picked":"Cold Snap","floor":3},{"not_picked":["Go for the Eyes","Steam"],"picked":"Cold Snap","floor":4},{"not_picked":["Gash","Leap","Compile Driver"],"picked":"SKIP","floor":8},{"not_picked":["Capacitor","Stack"],"picked":"Loop","floor":10},{"not_picked":["Turbo","Barrage"],"picked":"Hologram","floor":12},{"not_picked":["Darkness","Doom and Gloom"],"picked":"Storm","floor":13},{"not_picked":["Electrodynamics","Seek"],"picked":"Echo Form","floor":16},{"not_picked":["White Noise","Compile Driver"],"picked":"Capacitor","floor":18},{"not_picked":["Turbo","Leap+1"],"picked":"White Noise","floor":20},{"not_picked":["Blizzard","Ball Lightning","Cold Snap"],"picked":"SKIP","floor":22},{"not_picked":["Compile Driver","Hyperbeam"],"picked":"Self Repair+1","floor":25},{"not_picked":["Rip and Tear","Sweeping Beam"],"picked":"Darkness","floor":27},{"not_picked":["Leap+1","Static Discharge"],"picked":"Glacier+1","floor":28},{"not_picked":["Reinforced Body","Auto Shields+1"],"picked":"Turbo","floor":31},{"not_picked":["All For One","Rainbow"],"picked":"Core Surge","floor":33},{"not_picked":["Sweeping Beam+1","Ball Lightning+1","Barrage+1"],"picked":"SKIP","floor":35},{"not_picked":["Gash+1","Steam+1"],"picked":"Chaos+1","floor":37},{"not_picked":["Auto Shields","Ball Lightning+1","Leap"],"picked":"SKIP","floor":38},{"not_picked":["Panache","HandOfGreed"],"picked":"PanicButton","floor":39},{"not_picked":["Secret Technique","Swift Strike"],"picked":"Master of Strategy","floor":39},{"not_picked":["Bandage Up","Blind"],"picked":"Thinking Ahead","floor":39},{"not_picked":["Rebound","Go for the Eyes"],"picked":"White Noise+1","floor":40},{"not_picked":["Leap+1","Lockon+1"],"picked":"Undo","floor":41},{"not_picked":["Hologram","Turbo","Storm"],"picked":"SKIP","floor":44},{"not_picked":["Sweeping Beam","Rebound","FTL+1"],"picked":"SKIP","floor":45},{"not_picked":["Reinforced Body","Gash","Go for the Eyes+1"],"picked":"SKIP","floor":46},{"not_picked":["Tempest","Rebound"],"picked":"Consume+1","floor":48},{"not_picked":["Conserve Battery","Meteor Strike"],"picked":"Recycle+1","floor":54}],"player_experience":645311,"relics_obtained":[{"floor":8,"key":"Centennial Puzzle"},{"floor":9,"key":"Orichalcum"},{"floor":26,"key":"Whetstone"},{"floor":28,"key":"Dodecahedron"},{"floor":40,"key":"Shuriken"},{"floor":46,"key":"Happy Flower"},{"floor":48,"key":"Kunai"},{"floor":54,"key":"Anchor"}],"event_choices":[{"damage_healed":0,"gold_gain":0,"player_choice":"Donut","damage_taken":0,"max_hp_gain":5,"max_hp_loss":0,"event_name":"Big Fish","floor":2,"gold_loss":0},{"cards_removed":["Strike_B"],"damage_healed":0,"gold_gain":0,"player_choice":"Card Removal","damage_taken":0,"max_hp_gain":0,"max_hp_loss":0,"event_name":"The Cleric","floor":5,"gold_loss":50},{"cards_removed":["Strike_B"],"damage_healed":0,"gold_gain":0,"player_choice":"Card Removal","damage_taken":7,"max_hp_gain":0,"max_hp_loss":0,"event_name":"Golden Wing","floor":7,"gold_loss":0},{"damage_healed":0,"gold_gain":180,"player_choice":"GOLD GOLD ","damage_taken":24,"max_hp_gain":0,"max_hp_loss":0,"event_name":"Knowing Skull","floor":19,"potions_obtained":[],"gold_loss":0,"cards_obtained":[]},{"damage_healed":0,"gold_gain":99,"player_choice":"Stole From Cult","damage_taken":0,"max_hp_gain":0,"max_hp_loss":0,"event_name":"Nest","floor":21,"gold_loss":0},{"damage_healed":0,"gold_gain":0,"cards_transformed":["Strike_B","Strike_B"],"player_choice":"Became Test Subject","damage_taken":0,"max_hp_gain":0,"max_hp_loss":0,"event_name":"Drug Dealer","floor":24,"gold_loss":0,"cards_obtained":["Echo Form","Compile Driver"]},{"damage_healed":0,"gold_gain":0,"player_choice":"Cursed","damage_taken":0,"max_hp_gain":0,"max_hp_loss":0,"event_name":"Wheel of Change","floor":36,"gold_loss":0,"cards_obtained":["Decay"]},{"damage_healed":0,"gold_gain":0,"player_choice":"Memory 3","damage_taken":10,"max_hp_gain":0,"max_hp_loss":0,"event_name":"SensoryStone","floor":39,"gold_loss":0},{"cards_removed":["Compile Driver"],"damage_healed":0,"gold_gain":0,"player_choice":"Removed Attack","damage_taken":0,"max_hp_gain":0,"max_hp_loss":0,"event_name":"Falling","floor":47,"gold_loss":0}],"is_beta":false,"boss_relics":[{"not_picked":["Tiny House","White Beast Statue"],"picked":"Sozu"},{"not_picked":["Eternal Feather","Astrolabe"],"picked":"Inserter"}],"items_purged_floors":[29,53],"is_endless":false,"potions_floor_spawned":[8,10,12,16,20,22,31,33,38,40,44,48,54],"killed_by":"The Heart","ascension_level":11}