{"gold_per_floor":[211,231,231,248,7,40,40,73,99,99,111,130,31,46,46,142,142,156,66,66,85,103,115,143,143,143,163,163,179,179,214,214,214],"floor_reached":33,"playtime":1409,"items_purged":[],"score":344,"play_id":"76cc9636-336b-4e55-9a3b-9bf5e2942c53","local_time":"20190303220746","is_ascension_mode":true,"campfire_choices":[{"data":"Wild Strike","floor":7,"key":"SMITH"},{"floor":15,"key":"REST"},{"floor":25,"key":"REST"},{"floor":28,"key":"REST"},{"floor":30,"key":"REST"},{"floor":32,"key":"REST"}],"neow_cost":"NONE","seed_source_timestamp":243346741953935,"circlet_count":0,"master_deck":["Strike_R","Strike_R","Strike_R","Strike_R","Strike_R","Defend_R","Defend_R","Defend_R+1","Bash+1","Iron Wave","Cleave","Wild Strike+1","Warcry","Brutality","Headbutt","Whirlwind","Inflame","Armaments","Hemokinesis","Thunderclap","Offering","Clash+1","Seeing Red+1","Havoc","Seeing Red","Intimidate+1","Reaper","Rampage","Armaments","Iron Wave","Headbutt+1"],"relics":["Burning Blood","OrangePellets","Regal Pillow","Dream Catcher","Shovel","Sozu","Red Skull","Pear","Happy Flower"],"potions_floor_usage":[16,24],"damage_taken":[{"damage":1,"enemies":"Cultist","floor":1,"turns":3},{"damage":7,"enemies":"Small Slimes","floor":2,"turns":3},{"damage":2,"enemies":"Jaw Worm","floor":4,"turns":3},{"damage":30,"enemies":"3 Sentries","floor":6,"turns":8},{"damage":20,"enemies":"Gremlin Nob","floor":8,"turns":4},{"damage":6,"enemies":"Red Slaver","floor":11,"turns":3},{"damage":2,"enemies":"Exordium Thugs","floor":12,"turns":4},{"damage":19,"enemies":"Lots of Slimes","floor":14,"turns":3},{"damage":69,"enemies":"Slime Boss","floor":16,"turns":9},{"damage":22,"enemies":"2 Thieves","floor":18,"turns":3},{"damage":14,"enemies":"3 Byrds","floor":21,"turns":3},{"damage":19,"enemies":"Snake Plant","floor":22,"turns":2},{"damage":8,"enemies":"Sentry and Sphere","floor":23,"turns":3},{"damage":28,"enemies":"Slavers","floor":24,"turns":3},{"damage":41,"enemies":"Cultist and Chosen","floor":27,"turns":5},{"damage":23,"enemies":"Snecko","floor":29,"turns":5},{"damage":49,"enemies":"Book of Stabbing","floor":31,"turns":5},{"damage":102,"enemies":"Champ","floor":33,"turns":9}],"seed_played":"5730194506025451264","potions_obtained":[{"floor":1,"key":"SteroidPotion"},{"floor":8,"key":"Poison Potion"},{"floor":16,"key":"FearPotion"}],"is_trial":false,"path_per_floor":["M","M","?","M","$","E","R","E","T","?","M","M","$","M","R","B",null,"M","?","$","M","M","M","E","R","T","M","R","M","R","E","R","B"],"character_chosen":"IRONCLAD","items_purchased":["OrangePellets","Warcry","Inflame","Armaments"],"campfire_rested":5,"item_purchase_floors":[5,5,13,13],"current_hp_per_floor":[80,79,79,80,80,56,56,42,42,42,42,46,46,33,72,9,80,64,64,64,56,43,41,19,58,68,33,75,62,90,47,89,0],"gold":214,"neow_bonus":"HUNDRED_GOLD","is_prod":false,"is_daily":false,"chose_seed":false,"campfire_upgraded":1,"win_rate":0,"timestamp":1551668866,"path_taken":["M","?","?","M","$","E","R","E","T","?","M","M","$","M","R","BOSS","M","?","?","?","M","M","E","R","T","M","R","M","R","E","R","BOSS"],"build_version":"2019-01-23","purchased_purges":0,"victory":false,"max_hp_per_floor":[80,80,80,80,80,80,80,80,80,80,80,80,80,80,80,80,80,80,80,80,80,80,80,80,80,90,90,90,90,90,90,90,90],"card_choices":[{"not_picked":["Sever Soul","Clash"],"picked":"Iron Wave","floor":1},{"not_picked":["Inflame","Clash"],"picked":"Cleave","floor":2},{"not_picked":["Shrug It Off","Ghostly Armor"],"picked":"Wild Strike","floor":4},{"not_picked":["Heavy Blade","True Grit","Flex"],"picked":"SKIP","floor":6},{"not_picked":["Ghostly Armor","Flex"],"picked":"Brutality","floor":8},{"not_picked":["Clothesline","Warcry"],"picked":"Headbutt","floor":11},{"not_picked":["Second Wind","Warcry"],"picked":"Whirlwind","floor":12},{"not_picked":["Headbutt","Reckless Charge"],"picked":"Hemokinesis","floor":14},{"not_picked":["Warcry","Havoc"],"picked":"Thunderclap","floor":15},{"not_picked":["Immolate","Barricade"],"picked":"Offering","floor":16},{"not_picked":["Heavy Blade","Sword Boomerang"],"picked":"Clash+1","floor":18},{"not_picked":["Body Slam+1","Armaments"],"picked":"Seeing Red+1","floor":21},{"not_picked":["Sword Boomerang","Perfected Strike","Entrench"],"picked":"SKIP","floor":22},{"not_picked":["Clothesline","Ghostly Armor"],"picked":"Havoc","floor":23},{"not_picked":["Carnage","Fire Breathing"],"picked":"Seeing Red","floor":24},{"not_picked":["Anger","True Grit"],"picked":"Intimidate+1","floor":25},{"not_picked":["Dropkick","Clash+1"],"picked":"Reaper","floor":27},{"not_picked":["Havoc+1","Infernal Blade"],"picked":"Rampage","floor":28},{"not_picked":["Clothesline+1","Headbutt"],"picked":"Armaments","floor":29},{"not_picked":["Wild Strike","Seeing Red"],"picked":"Iron Wave","floor":30},{"not_picked":["Thunderclap","Reckless Charge","Sever Soul"],"picked":"SKIP","floor":31},{"not_picked":["Havoc","Power Through"],"picked":"Headbutt+1","floor":32}],"player_experience":278528,"relics_obtained":[{"floor":6,"key":"Regal Pillow"},{"floor":8,"key":"Dream Catcher"},{"floor":24,"key":"Red Skull"},{"floor":26,"key":"Pear"},{"floor":31,"key":"Happy Flower"}],"event_choices":[{"damage_healed":0,"gold_gain":0,"player_choice":"Grow","damage_taken":0,"max_hp_gain":0,"max_hp_loss":0,"event_name":"Living Wall","floor":3,"gold_loss":0,"cards_upgraded":["Bash"]},{"damage_healed":0,"gold_gain":0,"player_choice":"Gave Potion","damage_taken":0,"relics_obtained":["Shovel"],"max_hp_gain":0,"max_hp_loss":0,"event_name":"WeMeetAgain","floor":10,"gold_loss":0},{"cards_removed":["Defend_R"],"damage_healed":0,"gold_gain":0,"player_choice":"Upgrade and Remove","damage_taken":0,"max_hp_gain":0,"max_hp_loss":0,"event_name":"Designer","floor":19,"gold_loss":90,"cards_upgraded":["Defend_R"]}],"is_beta":false,"boss_relics":[{"not_picked":["Astrolabe","Lizard Tail"],"picked":"Sozu"}],"items_purged_floors":[],"is_endless":false,"potions_floor_spawned":[1,8,16,21,22,29,31],"killed_by":"Champ","ascension_level":3}