{"gold_per_floor":[117,128,138,152,152,152,168,168,168,195,215,244,244,304,304,406,406,419,198,198,198,3,28,43,78,104,104,33,50,50,62,62,157,157,169,20,33,47,47,47,100,100,127,155,0,12,42,113,113,113],"floor_reached":51,"playtime":2217,"items_purged":["Strike_G"],"score":1203,"play_id":"16d07370-2db9-440b-9bb9-97a616bddd0f","local_time":"20190620184959","is_ascension_mode":true,"campfire_choices":[{"data":"Deadly Poison","floor":6,"key":"SMITH"},{"floor":15,"key":"REST"},{"data":"Noxious Fumes","floor":27,"key":"SMITH"},{"floor":30,"key":"REST"},{"data":"Catalyst","floor":32,"key":"SMITH"},{"data":"Wraith Form v2","floor":40,"key":"SMITH"},{"data":"Catalyst","floor":42,"key":"SMITH"},{"floor":49,"key":"REST"}],"neow_cost":"NONE","seed_source_timestamp":767429672188390,"circlet_count":0,"master_deck":["Defend_G","Defend_G","Defend_G","Defend_G+1","Defend_G","Strike_G","Strike_G","Survivor","Neutralize+1","Leg Sweep","Dagger Spray+1","Deadly Poison+1","Dodge and Roll","Die Die Die","PiercingWail","Crippling Poison","Caltrops","Caltrops","Die Die Die","Writhe","Dodge and Roll","Noxious Fumes+1","Riddle With Holes+1","Poisoned Stab+1","Catalyst+1","Footwork","Catalyst+1","Wraith Form v2+1","Riddle With Holes","PiercingWail","Cloak And Dagger","Backflip+1","Deadly Poison+1","PiercingWail+1","Eviscerate","HandOfGreed","Noxious Fumes"],"relics":["Velvet Choker","Bottled Lightning","Darkstone Periapt","Sundial","Mummified Hand","Kunai","Snecko Eye","Vajra","Happy Flower","TwistedFunnel","Snake Skull","Bronze Scales","Boot","Orrery","Bag of Preparation","Bird Faced Urn","Regal Pillow","Lantern","Red Mask","Pen Nib","Paper Crane"],"potions_floor_usage":[7,16,18,25,25,29,33],"damage_taken":[{"damage":0,"enemies":"Small Slimes","floor":1,"turns":5},{"damage":0,"enemies":"Jaw Worm","floor":2,"turns":4},{"damage":0,"enemies":"2 Louse","floor":3,"turns":4},{"damage":1,"enemies":"Exordium Wildlife","floor":4,"turns":5},{"damage":6,"enemies":"Lots of Slimes","floor":7,"turns":4},{"damage":3,"enemies":"Lagavulin","floor":10,"turns":6},{"damage":0,"enemies":"Red Slaver","floor":11,"turns":3},{"damage":11,"enemies":"3 Sentries","floor":12,"turns":5},{"damage":14,"enemies":"Gremlin Nob","floor":14,"turns":4},{"damage":30,"enemies":"Slime Boss","floor":16,"turns":13},{"damage":0,"enemies":"3 Byrds","floor":18,"turns":3},{"damage":13,"enemies":"Book of Stabbing","floor":23,"turns":6},{"damage":2,"enemies":"Chosen","floor":24,"turns":4},{"damage":0,"enemies":"Gremlin Leader","floor":25,"turns":4},{"damage":6,"enemies":"Snake Plant","floor":29,"turns":3},{"damage":5,"enemies":"Shelled Parasite and Fungi","floor":31,"turns":2},{"damage":25,"enemies":"Collector","floor":33,"turns":6},{"damage":0,"enemies":"3 Darklings","floor":35,"turns":3},{"damage":2,"enemies":"Orb Walker","floor":37,"turns":2},{"damage":0,"enemies":"Maw","floor":38,"turns":5},{"damage":9,"enemies":"2 Orb Walkers","floor":41,"turns":4},{"damage":0,"enemies":"Reptomancer","floor":44,"turns":3},{"damage":0,"enemies":"Transient","floor":46,"turns":5},{"damage":26,"enemies":"Nemesis","floor":47,"turns":5},{"damage":3,"enemies":"Time Eater","floor":50,"turns":5}],"seed_played":"-4783727368596778412","potions_obtained":[{"floor":1,"key":"Block Potion"},{"floor":3,"key":"GamblersBrew"},{"floor":4,"key":"GhostInAJar"},{"floor":11,"key":"EssenceOfSteel"},{"floor":16,"key":"Swift Potion"},{"floor":23,"key":"AttackPotion"},{"floor":25,"key":"SkillPotion"},{"floor":31,"key":"Swift Potion"},{"floor":33,"key":"Swift Potion"},{"floor":35,"key":"GhostInAJar"},{"floor":41,"key":"Poison Potion"}],"is_trial":false,"path_per_floor":["M","M","M","M","?","R","M","T","T","E","M","E","?","?","R","B",null,"M","$","?","?","$","E","M","E","T","R","$","M","R","M","R","B",null,"M","$","M","M","?","R","?","R","T","E","?","M","E","T","R","B",null],"character_chosen":"THE_SILENT","items_purchased":["Vajra","TwistedFunnel","Catalyst","Bag of Preparation"],"campfire_rested":3,"item_purchase_floors":[19,22,28,36],"current_hp_per_floor":[63,63,63,62,62,62,56,56,56,53,53,42,28,14,35,5,54,54,54,60,60,60,47,45,45,45,45,45,39,61,56,56,31,65,65,65,63,63,63,63,54,54,54,58,58,64,46,46,76,75],"gold":113,"neow_bonus":"BOSS_RELIC","is_prod":false,"is_daily":false,"chose_seed":false,"campfire_upgraded":5,"win_rate":0,"timestamp":1561074599,"path_taken":["M","M","M","M","?","R","M","?","T","E","M","E","?","?","R","BOSS","M","$","?","?","$","E","?","E","T","R","?","M","R","?","R","BOSS","M","$","M","M","?","R","?","R","T","E","?","?","E","?","R","BOSS"],"build_version":"2019-01-23","purchased_purges":1,"victory":true,"max_hp_per_floor":[70,70,70,70,70,70,70,70,70,70,70,70,70,70,70,70,70,70,70,76,76,76,76,76,76,76,76,76,76,76,76,76,76,76,76,76,76,76,76,76,76,76,76,76,76,76,76,76,76,76],"card_choices":[{"not_picked":["Expertise","Footwork"],"picked":"Leg Sweep","floor":1},{"not_picked":["Predator","Acrobatics"],"picked":"Dagger Spray","floor":2},{"not_picked":["Dodge and Roll","Prepared"],"picked":"Deadly Poison","floor":3},{"not_picked":["Underhanded Strike","Reflex"],"picked":"Dodge and Roll","floor":4},{"not_picked":["Caltrops","Dodge and Roll"],"picked":"Die Die Die","floor":7},{"not_picked":["Tools of the Trade","Poisoned Stab"],"picked":"PiercingWail","floor":10},{"not_picked":["Deflect","Deadly Poison"],"picked":"Crippling Poison","floor":11},{"not_picked":["Expertise","Flying Knee"],"picked":"Caltrops","floor":12},{"not_picked":["Choke","Slice"],"picked":"Caltrops","floor":14},{"not_picked":["Venomology","Unload"],"picked":"Die Die Die","floor":16},{"not_picked":["Slice","Flying Knee","Sucker Punch"],"picked":"SKIP","floor":18},{"not_picked":["Terror","Prepared+1"],"picked":"Riddle With Holes+1","floor":23},{"not_picked":["Slice","Prepared"],"picked":"Poisoned Stab+1","floor":24},{"not_picked":["Heel Hook","Outmaneuver","Slice"],"picked":"SKIP","floor":25},{"not_picked":["PiercingWail+1","Dagger Throw"],"picked":"Footwork","floor":29},{"not_picked":["After Image","Sucker Punch"],"picked":"Catalyst","floor":31},{"not_picked":["Grand Finale","Burst"],"picked":"Wraith Form v2","floor":33},{"not_picked":["Deadly Poison","Cloak And Dagger+1"],"picked":"Riddle With Holes","floor":34},{"not_picked":["Poisoned Stab+1","Sucker Punch"],"picked":"PiercingWail","floor":34},{"not_picked":["Deflect","Dodge and Roll"],"picked":"Cloak And Dagger","floor":34},{"not_picked":["Blade Dance","Concentrate"],"picked":"Backflip+1","floor":34},{"not_picked":["Blade Dance","Reflex+1"],"picked":"Deadly Poison+1","floor":34},{"not_picked":["Flechettes+1","Reflex+1"],"picked":"PiercingWail+1","floor":35},{"not_picked":["Outmaneuver+1","Setup","Dagger Throw+1"],"picked":"SKIP","floor":37},{"not_picked":["Dodge and Roll","Quick Slash"],"picked":"Eviscerate","floor":38},{"not_picked":["Swift Strike","Finesse"],"picked":"HandOfGreed","floor":39},{"not_picked":["Escape Plan+1","All Out Attack","Backstab+1"],"picked":"SKIP","floor":44},{"not_picked":["Escape Plan+1","Deflect+1","Well Laid Plans"],"picked":"SKIP","floor":46},{"not_picked":["Burst","Outmaneuver"],"picked":"Noxious Fumes","floor":47}],"player_experience":225590,"relics_obtained":[{"floor":8,"key":"Bottled Lightning"},{"floor":9,"key":"Darkstone Periapt"},{"floor":10,"key":"Sundial"},{"floor":12,"key":"Mummified Hand"},{"floor":14,"key":"Kunai"},{"floor":23,"key":"Snake Skull"},{"floor":25,"key":"Bronze Scales"},{"floor":26,"key":"Boot"},{"floor":41,"key":"Bird Faced Urn"},{"floor":43,"key":"Regal Pillow"},{"floor":44,"key":"Lantern"},{"floor":47,"key":"Pen Nib"},{"floor":48,"key":"Paper Crane"}],"event_choices":[{"damage_healed":0,"gold_gain":0,"player_choice":"Grow","damage_taken":0,"max_hp_gain":0,"max_hp_loss":0,"event_name":"Living Wall","floor":5,"gold_loss":0,"cards_upgraded":["Dagger Spray"]},{"damage_healed":0,"gold_gain":0,"player_choice":"Entered Light","damage_taken":14,"max_hp_gain":0,"max_hp_loss":0,"event_name":"Shining Light","floor":13,"gold_loss":0,"cards_upgraded":["Neutralize","Defend_G"]},{"damage_healed":0,"gold_gain":0,"player_choice":"Searched \u00271\u0027 times","damage_taken":0,"max_hp_gain":0,"max_hp_loss":0,"event_name":"Dead Adventurer","floor":14,"gold_loss":0},{"damage_healed":0,"gold_gain":0,"player_choice":"Opened","damage_taken":0,"relics_obtained":["Happy Flower"],"max_hp_gain":0,"max_hp_loss":0,"event_name":"The Mausoleum","floor":20,"gold_loss":0,"cards_obtained":["Writhe"]},{"damage_healed":0,"gold_gain":0,"cards_transformed":["Strike_G","Strike_G"],"player_choice":"Became Test Subject","damage_taken":0,"max_hp_gain":0,"max_hp_loss":0,"event_name":"Drug Dealer","floor":21,"gold_loss":0,"cards_obtained":["Dodge and Roll","Noxious Fumes"]},{"damage_healed":0,"gold_gain":0,"player_choice":"Memory 1","damage_taken":0,"max_hp_gain":0,"max_hp_loss":0,"event_name":"SensoryStone","floor":39,"gold_loss":0},{"damage_healed":0,"gold_gain":0,"player_choice":"Fight","damage_taken":0,"max_hp_gain":0,"max_hp_loss":0,"event_name":"Mysterious Sphere","floor":41,"gold_loss":0},{"damage_healed":0,"gold_gain":0,"player_choice":"Paid","damage_taken":0,"relics_obtained":["Red Mask"],"max_hp_gain":0,"max_hp_loss":0,"event_name":"Tomb of Lord Red Mask","floor":45,"gold_loss":155}],"is_beta":false,"boss_relics":[{"not_picked":["HoveringKite","Lizard Tail"],"picked":"Snecko Eye"},{"not_picked":["Empty Cage","White Beast Statue"],"picked":"Orrery"}],"items_purged_floors":[19],"is_endless":false,"potions_floor_spawned":[1,3,4,11,16,23,25,31,33,35,41,46,47],"ascension_level":9}