{"gold_per_floor":[115,130,144,144,13,13,32,60,60,91,101,133,150,207,207,286,286,305,305,324,336,350,378,378,409,433,433,433,466,10,22,22,94,94,114,114,114,126,145,178,178,209,209,229,245,265,265,292,292,292,292,292,292,32,59,59],"floor_reached":57,"playtime":5574,"items_purged":["Strike_G"],"score":3073,"play_id":"Baalorlord-68dd6bb8","local_time":"20190803174653","is_ascension_mode":true,"campfire_choices":[{"data":"All Out Attack","floor":6,"key":"SMITH"},{"data":"Cloak And Dagger","floor":15,"key":"SMITH"},{"data":"Dagger Spray","floor":24,"key":"SMITH"},{"data":"Blade Dance","floor":27,"key":"SMITH"},{"data":"A Thousand Cuts","floor":32,"key":"SMITH"},{"data":"Footwork","floor":41,"key":"SMITH"},{"floor":49,"key":"RECALL"},{"data":"Backflip","floor":53,"key":"SMITH"}],"neow_cost":"NONE","seed_source_timestamp":36242247432444,"circlet_count":0,"master_deck":["AscendersBane","Strike_G+1","Defend_G+1","Defend_G+1","Defend_G+1","Defend_G+1","Defend_G+1","Survivor+1","Neutralize+1","Choke+1","All Out Attack+1","After Image+1","Accuracy+1","Dagger Spray+1","Trip+1","Blade Dance+1","Infinite Blades+1","Cloak And Dagger+1","Footwork+1","Deflect+1","Acrobatics+1","After Image+1","Sucker Punch+1","Escape Plan+1","Predator+1","Deflect+1","A Thousand Cuts+1","Blade Dance+1","Cloak And Dagger+1","Backflip+1","Calculated Gamble+1","Cloak And Dagger+1","Finesse+1","Blind+1","Discovery+1","Dash+1","Backflip+1","PiercingWail"],"relics":["Ring of the Snake","Oddly Smooth Stone","Letter Opener","Meat on the Bone","Ornamental Fan","Dodecahedron","Coffee Dripper","Thread and Needle","Centennial Puzzle","Lantern","ClockworkSouvenir","Cursed Key","The Courier","Smiling Mask","Mark of the Bloom","Boot","FossilizedHelix","Bottled Lightning"],"potions_floor_usage":[8,10,10,14,16,23,56,56],"damage_taken":[{"damage":1,"enemies":"Cultist","floor":1,"turns":4},{"damage":0,"enemies":"Jaw Worm","floor":2,"turns":6},{"damage":0,"enemies":"Small Slimes","floor":3,"turns":2},{"damage":0,"enemies":"Blue Slaver","floor":7,"turns":5},{"damage":9,"enemies":"Lagavulin","floor":8,"turns":7},{"damage":2,"enemies":"Gremlin Nob","floor":10,"turns":3},{"damage":5,"enemies":"Gremlin Gang","floor":11,"turns":3},{"damage":12,"enemies":"Lagavulin","floor":12,"turns":9},{"damage":0,"enemies":"2 Fungi Beasts","floor":13,"turns":2},{"damage":23,"enemies":"Lagavulin Event","floor":14,"turns":8},{"damage":13,"enemies":"The Guardian","floor":16,"turns":11},{"damage":10,"enemies":"Chosen","floor":18,"turns":4},{"damage":0,"enemies":"Shell Parasite","floor":20,"turns":6},{"damage":0,"enemies":"Centurion and Healer","floor":21,"turns":6},{"damage":0,"enemies":"Shelled Parasite and Fungi","floor":22,"turns":7},{"damage":26,"enemies":"Book of Stabbing","floor":23,"turns":6},{"damage":9,"enemies":"Slavers","floor":25,"turns":4},{"damage":2,"enemies":"Book of Stabbing","floor":29,"turns":6},{"damage":0,"enemies":"Snake Plant","floor":31,"turns":3},{"damage":0,"enemies":"Champ","floor":33,"turns":11},{"damage":0,"enemies":"Orb Walker","floor":35,"turns":2},{"damage":0,"enemies":"3 Shapes","floor":38,"turns":3},{"damage":12,"enemies":"Jaw Worm Horde","floor":39,"turns":3},{"damage":19,"enemies":"Giant Head","floor":40,"turns":6},{"damage":0,"enemies":"Nemesis","floor":42,"turns":7},{"damage":0,"enemies":"Maw","floor":44,"turns":6},{"damage":0,"enemies":"4 Shapes","floor":45,"turns":3},{"damage":0,"enemies":"Writhing Mass","floor":46,"turns":9},{"damage":0,"enemies":"Reptomancer","floor":48,"turns":6},{"damage":6,"enemies":"Donu and Deca","floor":50,"turns":8},{"damage":0,"enemies":"Awakened One","floor":51,"turns":18},{"damage":24,"enemies":"Shield and Spear","floor":55,"turns":8},{"damage":16,"enemies":"The Heart","floor":56,"turns":12}],"seed_played":"-784712295577391235","potions_obtained":[{"floor":1,"key":"Fire Potion"},{"floor":7,"key":"Strength Potion"},{"floor":8,"key":"Poison Potion"},{"floor":11,"key":"Ancient Potion"},{"floor":13,"key":"GhostInAJar"},{"floor":20,"key":"FearPotion"},{"floor":23,"key":"EssenceOfSteel"},{"floor":29,"key":"SteroidPotion"}],"is_trial":false,"path_per_floor":["M","M","M","?","$","R","M","E","T","E","M","E","M","?","R","B",null,"M","?","M","M","M","E","R","E","T","R","?","E","$","M","R","B",null,"M","?","?","M","M","E","R","E","T","M","M","M","?","E","R","B","B",null,"R","$","E","B",null],"character_chosen":"THE_SILENT","items_purchased":["Dagger Spray","Trip","Cloak And Dagger","ClockworkSouvenir","GhostInAJar","Backflip","FossilizedHelix"],"campfire_rested":0,"item_purchase_floors":[5,5,30,30,30,30,54],"current_hp_per_floor":[64,64,64,64,64,64,64,55,55,53,48,48,48,37,37,36,63,53,53,53,53,53,39,39,42,42,42,42,40,40,40,40,40,64,64,54,54,54,42,35,35,47,47,47,47,47,47,47,47,41,41,41,41,41,17,1],"gold":59,"neow_bonus":"TEN_PERCENT_HP_BONUS","is_prod":false,"is_daily":false,"chose_seed":false,"campfire_upgraded":7,"win_rate":0,"timestamp":1564868813,"path_taken":["M","?","M","?","$","R","M","E","T","E","M","E","M","?","R","BOSS","M","?","?","M","M","E","R","E","T","R","?","E","?","M","R","BOSS","M","?","?","M","M","E","R","E","T","M","?","M","?","E","R","BOSS","BOSS","R","$","E","BOSS"],"build_version":"2019-07-17","purchased_purges":1,"victory":true,"max_hp_per_floor":[72,72,72,72,72,72,72,72,72,72,72,72,72,72,72,72,72,72,72,72,72,72,72,72,72,72,72,72,72,72,72,72,72,72,72,72,72,72,72,72,72,72,72,72,72,72,72,72,72,72,72,72,72,72,72,72],"card_choices":[{"not_picked":["Endless Agony","Sucker Punch"],"picked":"Choke","floor":1},{"not_picked":["Bane","Dagger Throw"],"picked":"All Out Attack","floor":2},{"not_picked":["Quick Slash","Prepared"],"picked":"After Image","floor":3},{"not_picked":["Prepared","Tactician"],"picked":"Blade Dance","floor":7},{"not_picked":["Outmaneuver","Quick Slash"],"picked":"Infinite Blades","floor":8},{"not_picked":["Flying Knee","Night Terror"],"picked":"Cloak And Dagger","floor":10},{"not_picked":["Sucker Punch","Flying Knee"],"picked":"Footwork","floor":11},{"not_picked":["Underhanded Strike","Tools of the Trade","Sucker Punch"],"picked":"SKIP","floor":12},{"not_picked":["Acrobatics","Deadly Poison"],"picked":"Deflect","floor":13},{"not_picked":["Concentrate","Infinite Blades"],"picked":"Acrobatics","floor":14},{"not_picked":["Tools of the Trade","Phantasmal Killer"],"picked":"After Image","floor":16},{"not_picked":["Dagger Throw","Accuracy"],"picked":"Sucker Punch","floor":18},{"not_picked":["Dodge and Roll","Deflect"],"picked":"Escape Plan","floor":20},{"not_picked":["Slice","Calculated Gamble"],"picked":"Predator+1","floor":21},{"not_picked":["Footwork","Dodge and Roll"],"picked":"Deflect","floor":22},{"not_picked":["Infinite Blades","Concentrate","Distraction"],"picked":"SKIP","floor":23},{"not_picked":["Poisoned Stab","Infinite Blades+1","Slice"],"picked":"SKIP","floor":25},{"not_picked":["All Out Attack","Infinite Blades"],"picked":"Blade Dance+1","floor":29},{"not_picked":["Deflect","Choke"],"picked":"Calculated Gamble","floor":31},{"not_picked":["Dagger Throw","Bane+1"],"picked":"Cloak And Dagger","floor":35},{"not_picked":["Thinking Ahead","Mind Blast"],"picked":"Finesse","floor":36},{"not_picked":["Thinking Ahead","Flash of Steel"],"picked":"Blind","floor":36},{"not_picked":["Impatience","Sadistic Nature"],"picked":"Discovery","floor":36},{"not_picked":["Outmaneuver","Setup","Masterful Stab"],"picked":"SKIP","floor":38},{"not_picked":["Flechettes","Flying Knee","Deflect"],"picked":"SKIP","floor":39},{"not_picked":["Blade Dance","Sucker Punch","Deadly Poison+1"],"picked":"SKIP","floor":40},{"not_picked":["Blade Dance","Sucker Punch","Deadly Poison+1"],"picked":"SKIP","floor":40},{"not_picked":["Deflect","Sucker Punch","Blade Dance"],"picked":"SKIP","floor":42},{"not_picked":["Calculated Gamble","Reflex"],"picked":"Dash+1","floor":44},{"not_picked":["Heel Hook","Prepared","Slice"],"picked":"SKIP","floor":45},{"not_picked":["Deflect","Riddle With Holes+1","Quick Slash"],"picked":"SKIP","floor":46},{"not_picked":["Slice","Tactician"],"picked":"Backflip","floor":48},{"not_picked":["Endless Agony","Cloak And Dagger"],"picked":"PiercingWail","floor":55}],"player_experience":2338013,"relics_obtained":[{"floor":8,"key":"Oddly Smooth Stone"},{"floor":9,"key":"Letter Opener"},{"floor":10,"key":"Meat on the Bone"},{"floor":12,"key":"Ornamental Fan"},{"floor":14,"key":"Dodecahedron"},{"floor":23,"key":"Thread and Needle"},{"floor":25,"key":"Centennial Puzzle"},{"floor":29,"key":"Lantern"},{"floor":40,"key":"The Courier"},{"floor":42,"key":"Smiling Mask"},{"floor":48,"key":"Boot"},{"floor":55,"key":"Bottled Lightning"}],"event_choices":[{"damage_healed":0,"gold_gain":0,"cards_transformed":["Strike_G"],"player_choice":"Change","damage_taken":0,"max_hp_gain":0,"max_hp_loss":0,"event_name":"Living Wall","floor":4,"gold_loss":0,"cards_obtained":["Accuracy"]},{"damage_healed":0,"gold_gain":0,"player_choice":"Searched \u00271\u0027 times","damage_taken":0,"max_hp_gain":0,"max_hp_loss":0,"event_name":"Dead Adventurer","floor":14,"gold_loss":0},{"cards_removed":["Strike_G"],"damage_healed":0,"gold_gain":0,"player_choice":"Purged","damage_taken":0,"max_hp_gain":0,"max_hp_loss":0,"event_name":"Purifier","floor":19,"gold_loss":0},{"damage_healed":0,"gold_gain":0,"cards_transformed":["Strike_G"],"player_choice":"Transformed","damage_taken":0,"max_hp_gain":0,"max_hp_loss":0,"event_name":"Transmorgrifier","floor":28,"gold_loss":0,"cards_obtained":["A Thousand Cuts"]},{"damage_healed":0,"gold_gain":0,"player_choice":"Memory 3","damage_taken":10,"max_hp_gain":0,"max_hp_loss":0,"event_name":"SensoryStone","floor":36,"gold_loss":0},{"damage_healed":0,"gold_gain":0,"player_choice":"Ignored","damage_taken":0,"max_hp_gain":0,"max_hp_loss":0,"event_name":"Tomb of Lord Red Mask","floor":37,"gold_loss":0},{"damage_healed":0,"gold_gain":0,"player_choice":"Upgrade","damage_taken":0,"relics_obtained":["Mark of the Bloom"],"max_hp_gain":0,"max_hp_loss":0,"event_name":"MindBloom","floor":47,"gold_loss":0,"cards_upgraded":["Strike_G","Defend_G","Defend_G","Defend_G","Defend_G","Defend_G","Survivor","Neutralize","Choke","After Image","Accuracy","Trip","Infinite Blades","Deflect","Acrobatics","After Image","Sucker Punch","Escape Plan","Deflect","Cloak And Dagger","Backflip","Calculated Gamble","Cloak And Dagger","Finesse","Blind","Discovery"]}],"is_beta":false,"boss_relics":[{"not_picked":["Eternal Feather","Calling Bell"],"picked":"Coffee Dripper"},{"not_picked":["Astrolabe","Philosopher\u0027s Stone"],"picked":"Cursed Key"}],"items_purged_floors":[30],"is_endless":false,"potions_floor_spawned":[1,7,8,11,13,20,23,29,31,35,38,40,44,48,55],"ascension_level":20}