{"gold_per_floor":[119,119,119,119,35,35,62,72,72,72,72,72,105,30,30,104,104,116,126,143,17,17,17,17],"floor_reached":24,"playtime":854,"items_purged":["Strike_G","Regret"],"score":450,"play_id":"f297a90d-af59-41c7-b958-e04ec20ff167","local_time":"20190816080259","is_ascension_mode":true,"campfire_choices":[{"data":"Noxious Fumes","floor":6.0,"key":"SMITH"},{"data":"Distraction","floor":10.0,"key":"SMITH"},{"floor":12.0,"key":"REST"},{"data":"Neutralize","floor":15.0,"key":"SMITH"},{"floor":23,"key":"REST"}],"neow_cost":"NONE","seed_source_timestamp":84252920362800,"circlet_count":0,"master_deck":["AscendersBane","Strike_G","Strike_G+1","Strike_G+1","Defend_G","Defend_G","Defend_G","Defend_G","Defend_G","Survivor","Neutralize+1","Deadly Poison+1","Noxious Fumes+1","Dodge and Roll","Distraction+1","Calculated Gamble","Venomology","PiercingWail","RitualDagger"],"special_seed":0,"relics":["Ring of the Snake","NeowsBlessing","Blue Candle","Singing Bowl","Pantograph","Busted Crown"],"potions_floor_usage":[18,19,20,24,24,24,24],"damage_taken":[{"damage":0.0,"enemies":"2 Louse","floor":1.0,"turns":1.0},{"damage":0.0,"enemies":"3 Sentries","floor":7.0,"turns":1.0},{"damage":0.0,"enemies":"Jaw Worm","floor":8.0,"turns":1.0},{"damage":14.0,"enemies":"Lagavulin","floor":13.0,"turns":7.0},{"damage":29.0,"enemies":"Hexaghost","floor":16.0,"turns":10.0},{"damage":13,"enemies":"Spheric Guardian","floor":18,"turns":4},{"damage":11,"enemies":"Shell Parasite","floor":19,"turns":7},{"damage":20,"enemies":"Chosen and Byrds","floor":20,"turns":6},{"damage":52,"enemies":"Slavers","floor":24,"turns":4}],"seed_played":"8946723380941963973","potions_obtained":[{"floor":8.0,"key":"Regen Potion"},{"floor":13.0,"key":"GamblersBrew"},{"floor":20,"key":"Explosive Potion"}],"is_trial":false,"path_per_floor":["M","?","?","?","$","R","E","M","T","R","?","R","E","$","R","B",null,"M","M","M","$","?","R","E"],"character_chosen":"THE_SILENT","items_purchased":["Noxious Fumes","PiercingWail"],"campfire_rested":2,"item_purchase_floors":[5,21],"current_hp_per_floor":[59,39,32,32,32,32,32,32,32,32,32,51,37,37,37,33,58,47,53,35,35,29,50,0],"gold":17,"neow_bonus":"THREE_ENEMY_KILL","is_prod":false,"is_daily":false,"chose_seed":false,"campfire_upgraded":3,"win_rate":0,"timestamp":1565935379,"path_taken":["M","?","?","?","$","R","E","M","T","R","?","R","E","?","R","BOSS","M","M","?","$","?","R","E"],"build_version":"2019-07-17","purchased_purges":2,"victory":false,"max_hp_per_floor":[66,66,66,66,66,66,66,66,66,66,66,66,66,66,66,66,66,68,70,72,72,72,72,72],"card_choices":[{"not_picked":["Bouncing Flask","Poisoned Stab"],"picked":"Deadly Poison","floor":1.0},{"not_picked":["Setup","Flechettes"],"picked":"Dodge and Roll","floor":7.0},{"not_picked":["Infinite Blades","Escape Plan"],"picked":"Distraction","floor":8.0},{"not_picked":["Venomology","Backflip"],"picked":"Calculated Gamble","floor":13.0},{"not_picked":["Unload","Phantasmal Killer"],"picked":"Venomology","floor":16.0},{"not_picked":["Cloak And Dagger"],"picked":"Singing Bowl","floor":18},{"not_picked":["Choke"],"picked":"Singing Bowl","floor":19},{"not_picked":["Dagger Throw"],"picked":"Singing Bowl","floor":20}],"player_experience":1045157,"relics_obtained":[{"floor":7.0,"key":"Blue Candle"},{"floor":13.0,"key":"Pantograph"}],"event_choices":[{"damage_healed":0.0,"max_hp_gain":0.0,"max_hp_loss":0.0,"gold_gain":0.0,"event_name":"Shining Light","player_choice":"Entered Light","floor":2.0,"gold_loss":0.0,"damage_taken":20.0,"cards_upgraded":["Strike_G","Strike_G"]},{"cards_removed":["Strike_G"],"damage_healed":0.0,"max_hp_gain":0.0,"max_hp_loss":0.0,"gold_gain":0.0,"event_name":"Golden Wing","player_choice":"Card Removal","floor":3.0,"gold_loss":0.0,"damage_taken":7.0},{"damage_healed":0.0,"max_hp_gain":0.0,"max_hp_loss":0.0,"gold_gain":0.0,"event_name":"Living Wall","player_choice":"Grow","floor":4.0,"gold_loss":0.0,"damage_taken":0.0,"cards_upgraded":["Deadly Poison"]},{"damage_healed":0.0,"max_hp_gain":0.0,"max_hp_loss":0.0,"gold_gain":0.0,"event_name":"Big Fish","player_choice":"Box","floor":11.0,"gold_loss":0.0,"damage_taken":0.0,"relics_obtained":["Singing Bowl"],"cards_obtained":["Regret"]},{"damage_healed":0,"gold_gain":0,"player_choice":"Joined the Cult","damage_taken":6,"max_hp_gain":0,"max_hp_loss":0,"event_name":"Nest","floor":22,"gold_loss":0,"cards_obtained":["RitualDagger"]}],"is_beta":false,"boss_relics":[{"not_picked":["Pandora\u0027s Box","Tiny House"],"picked":"Busted Crown"}],"items_purged_floors":[14,21],"is_endless":false,"potions_floor_spawned":[8,13,20],"killed_by":"Slavers","ascension_level":20}