{"gold_per_floor":[109,184,184,184,204,204,379,410,436,456,485,504,504,521,521,619,619,631,631,649,661,464,464,223,223,223,251,251,251],"floor_reached":29,"playtime":1349,"items_purged":["Defend_B","Strike_B"],"score":276,"play_id":"cce252db-d9e1-4fd5-ad59-1642bf65974c","local_time":"20190531163221","is_ascension_mode":false,"campfire_choices":[{"data":"Loop","floor":13,"key":"SMITH"},{"data":"Cold Snap","floor":15,"key":"SMITH"},{"data":"Sunder","floor":23,"key":"SMITH"},{"data":"Electrodynamics","floor":25,"key":"SMITH"}],"neow_cost":"NONE","seed_source_timestamp":1065200269406145,"circlet_count":0,"master_deck":["Strike_B","Defend_B","Defend_B","Zap+1","Dualcast","Hologram+1","Loop+1","FTL","Biased Cognition","Ball Lightning","White Noise","Sunder+1","Coolheaded","Cold Snap+1","All For One","Electrodynamics+1","Thunder Strike+1","Biased Cognition+1","Sweeping Beam+1","Hologram","Self Repair","Beam Cell+1","Leap+1","Melter"],"relics":["Cracked Core","NeowsBlessing","Matryoshka","Prayer Wheel","Smiling Mask","Bag of Marbles","Question Card","Astrolabe","Blood Vial","War Paint","PreservedInsect","Kunai","Vajra","MutagenicStrength"],"potions_floor_usage":[11,16,29],"damage_taken":[{"damage":0,"enemies":"2 Louse","floor":1,"turns":1},{"damage":0,"enemies":"Jaw Worm","floor":5,"turns":1},{"damage":0,"enemies":"Gremlin Nob","floor":8,"turns":1},{"damage":0,"enemies":"Small Slimes","floor":10,"turns":2},{"damage":18,"enemies":"3 Sentries","floor":11,"turns":5},{"damage":4,"enemies":"Exordium Thugs","floor":12,"turns":3},{"damage":1,"enemies":"3 Louse","floor":14,"turns":2},{"damage":11,"enemies":"Hexaghost","floor":16,"turns":9},{"damage":6,"enemies":"Chosen","floor":18,"turns":4},{"damage":23,"enemies":"2 Thieves","floor":20,"turns":3},{"damage":20,"enemies":"Centurion and Healer","floor":21,"turns":2},{"damage":32,"enemies":"Slavers","floor":27,"turns":2},{"damage":7,"enemies":"Gremlin Leader","floor":29,"turns":1}],"seed_played":"4533826453708835179","potions_obtained":[{"floor":1,"key":"Strength Potion"},{"floor":5,"key":"GamblersBrew"},{"floor":10,"key":"Block Potion"},{"floor":11,"key":"FearPotion"},{"floor":20,"key":"SteroidPotion"},{"floor":27,"key":"PowerPotion"}],"is_trial":false,"path_per_floor":["M","?","?","$","M","?","?","E","T","M","E","M","R","M","R","B",null,"M","?","M","M","$","R","$","R","T","E","?","E"],"character_chosen":"DEFECT","items_purchased":["Blood Vial","Melter","War Paint"],"campfire_rested":0,"item_purchase_floors":[22,24,24],"current_hp_per_floor":[75,64,64,64,64,57,57,57,57,57,39,35,35,34,34,23,75,69,69,53,33,33,33,33,33,33,3,3,0],"gold":251,"neow_bonus":"THREE_ENEMY_KILL","is_prod":false,"is_daily":false,"chose_seed":false,"campfire_upgraded":4,"win_rate":0.0,"timestamp":1559338341,"path_taken":["M","?","?","$","M","?","?","E","T","?","E","M","R","M","R","BOSS","M","?","M","M","$","R","$","R","T","E","?","E"],"build_version":"2019-01-23","purchased_purges":2,"victory":false,"max_hp_per_floor":[75,75,75,75,75,75,75,75,75,75,75,75,75,75,75,75,75,75,75,75,75,75,75,75,75,75,75,75,75],"card_choices":[{"not_picked":["Aggregate","FTL"],"picked":"Hologram","floor":1},{"not_picked":["Barrage","Rip and Tear"],"picked":"Loop","floor":5},{"not_picked":["Go for the Eyes","Compile Driver"],"picked":"FTL","floor":8},{"not_picked":["Go for the Eyes","Melter"],"picked":"Biased Cognition","floor":10},{"not_picked":["Stack","Cold Snap"],"picked":"Ball Lightning","floor":10},{"not_picked":["Recycle","Loop"],"picked":"White Noise","floor":11},{"not_picked":["Stack","Rebound","Compile Driver"],"picked":"Sunder","floor":12},{"not_picked":["Rebound","Ball Lightning","Turbo"],"picked":"Coolheaded","floor":12},{"not_picked":["Coolheaded","Sweeping Beam","Chaos"],"picked":"Cold Snap","floor":14},{"not_picked":["Leap","Ball Lightning","Sweeping Beam"],"picked":"All For One","floor":14},{"not_picked":["Core Surge","All For One","Fission"],"picked":"Electrodynamics","floor":16},{"not_picked":["Storm","Reinforced Body","Undo"],"picked":"Hologram","floor":18},{"not_picked":["Beam Cell+1","Rebound","Sunder"],"picked":"Self Repair","floor":18},{"not_picked":["Ball Lightning+1","Cold Snap+1","Scrape"],"picked":"Beam Cell+1","floor":20},{"not_picked":["Hologram","Redo","Turbo+1"],"picked":"Leap","floor":20},{"not_picked":["Chaos","Doom and Gloom","Turbo","Barrage"],"picked":"SKIP","floor":21},{"not_picked":["Undo","Meteor Strike","Redo","Stack"],"picked":"SKIP","floor":21},{"not_picked":["White Noise","Hello World","Leap","Redo"],"picked":"SKIP","floor":27}],"player_experience":37494,"relics_obtained":[{"floor":8,"key":"Prayer Wheel"},{"floor":9,"key":"Smiling Mask"},{"floor":9,"key":"Bag of Marbles"},{"floor":11,"key":"Question Card"},{"floor":26,"key":"PreservedInsect"},{"floor":26,"key":"Kunai"},{"floor":27,"key":"Vajra"}],"event_choices":[{"damage_healed":0,"gold_gain":75,"player_choice":"Gather Gold","damage_taken":11,"max_hp_gain":0,"max_hp_loss":0,"event_name":"World of Goop","floor":2,"gold_loss":0},{"damage_healed":0,"gold_gain":0,"player_choice":"Grow","damage_taken":0,"max_hp_gain":0,"max_hp_loss":0,"event_name":"Living Wall","floor":3,"gold_loss":0,"cards_upgraded":["Zap"]},{"damage_healed":0,"gold_gain":0,"player_choice":"Success","damage_taken":7,"relics_obtained":["Matryoshka"],"max_hp_gain":0,"max_hp_loss":0,"event_name":"Scrap Ooze","floor":6,"gold_loss":0},{"damage_healed":0,"gold_gain":175,"player_choice":"AGREE","damage_taken":0,"max_hp_gain":0,"max_hp_loss":0,"event_name":"Liars Game","floor":7,"gold_loss":0,"cards_obtained":["Doubt"]},{"cards_removed":["Doubt"],"damage_healed":0,"gold_gain":0,"player_choice":"Elegance","damage_taken":0,"max_hp_gain":0,"max_hp_loss":0,"event_name":"Back to Basics","floor":19,"gold_loss":0},{"damage_healed":0,"gold_gain":0,"player_choice":"Inject Mutagens","damage_taken":0,"relics_obtained":["MutagenicStrength"],"max_hp_gain":0,"max_hp_loss":0,"event_name":"Drug Dealer","floor":28,"gold_loss":0}],"is_beta":false,"boss_relics":[{"not_picked":["Tiny House","Lizard Tail"],"picked":"Astrolabe"}],"items_purged_floors":[22,24],"is_endless":false,"potions_floor_spawned":[1,5,10,11,14,20,27],"killed_by":"Gremlin Leader","ascension_level":0}