{"gold_per_floor":[219,219,1,18,43,74,74,88,88,123,123,123,123,142,142,243,243,257,5,19,118,118,118,137,171,219,219,237,237,268,287,287,384,384,404,404,416,416,16,16,48,101,180,180,205,305,320,338,338,338,338,338,41,66,66],"floor_reached":56,"playtime":3033,"items_purged":["Strike_B","Strike_B","Aggregate"],"score":1390,"play_id":"c9fddf92-03b4-4aaa-bde9-558d57c2896d","local_time":"20190309095158","is_ascension_mode":true,"campfire_choices":[{"data":"Zap","floor":7,"key":"SMITH"},{"data":"Dualcast","floor":11,"key":"SMITH"},{"data":"Coolheaded","floor":15,"key":"SMITH"},{"data":"Creative AI","floor":23,"key":"SMITH"},{"data":"Storm","floor":27,"key":"SMITH"},{"floor":32,"key":"REST"},{"floor":40,"key":"RECALL"},{"data":"Force Field","floor":44,"key":"SMITH"},{"data":"Fission","floor":49,"key":"SMITH"},{"data":"Leap","floor":52,"key":"SMITH"}],"neow_cost":"NONE","seed_source_timestamp":715958334267972,"circlet_count":0,"master_deck":["Defend_B","Defend_B","Defend_B","Defend_B","Zap+1","Dualcast+1","Coolheaded+1","Steam","Self Repair","Storm+1","Consume","Barrage","Glacier","Force Field+1","Creative AI+1","Defragment","Doom and Gloom","FTL+1","Doom and Gloom","Redo+1","Leap+1","Static Discharge+1","Darkness+1","Capacitor","Amplify","Hello World","Auto Shields","Amplify","Loop+1","Fission+1","Steam+1","Leap+1","BootSequence+1","Lockon"],"relics":["Cracked Core","Pen Nib","Bag of Marbles","Incense Burner","Centennial Puzzle","Bird Faced Urn","Nuclear Battery","Du-Vu Doll","Orichalcum","Snecko Eye","OrangePellets","Frozen Egg 2","Mango","Bottled Flame","Bronze Scales","Emotion Chip","Pear","Art of War"],"potions_floor_usage":[6,16,25,30,33,45,50,54],"damage_taken":[{"damage":0,"enemies":"Small Slimes","floor":1,"turns":3},{"damage":5,"enemies":"Jaw Worm","floor":4,"turns":4},{"damage":10,"enemies":"Gremlin Nob","floor":6,"turns":3},{"damage":2,"enemies":"Cultist","floor":8,"turns":3},{"damage":17,"enemies":"Lagavulin","floor":10,"turns":6},{"damage":3,"enemies":"Blue Slaver","floor":14,"turns":4},{"damage":39,"enemies":"Slime Boss","floor":16,"turns":7},{"damage":11,"enemies":"Spheric Guardian","floor":18,"turns":4},{"damage":9,"enemies":"Shell Parasite","floor":20,"turns":8},{"damage":12,"enemies":"3 Cultists","floor":24,"turns":4},{"damage":54,"enemies":"Gremlin Leader","floor":25,"turns":7},{"damage":11,"enemies":"Sentry and Sphere","floor":28,"turns":5},{"damage":4,"enemies":"Slavers","floor":30,"turns":2},{"damage":25,"enemies":"Snecko","floor":31,"turns":4},{"damage":16,"enemies":"Champ","floor":33,"turns":7},{"damage":20,"enemies":"3 Darklings","floor":35,"turns":4},{"damage":8,"enemies":"Orb Walker","floor":37,"turns":3},{"damage":32,"enemies":"Nemesis","floor":41,"turns":5},{"damage":40,"enemies":"2 Orb Walkers","floor":42,"turns":5},{"damage":41,"enemies":"Giant Head","floor":45,"turns":9},{"damage":13,"enemies":"Mind Bloom Boss Battle","floor":46,"turns":5},{"damage":20,"enemies":"Maw","floor":47,"turns":5},{"damage":26,"enemies":"4 Shapes","floor":48,"turns":5},{"damage":53,"enemies":"Awakened One","floor":50,"turns":7},{"damage":14,"enemies":"Shield and Spear","floor":54,"turns":6},{"damage":72,"enemies":"The Heart","floor":55,"turns":9}],"seed_played":"-8639475381385982581","potions_obtained":[{"floor":1,"key":"SteroidPotion"},{"floor":4,"key":"Fire Potion"},{"floor":10,"key":"GamblersBrew"},{"floor":13,"key":"Fire Potion"},{"floor":24,"key":"LiquidBronze"},{"floor":25,"key":"PowerPotion"},{"floor":33,"key":"EssenceOfSteel"},{"floor":37,"key":"Weak Potion"},{"floor":47,"key":"Fire Potion"},{"floor":54,"key":"SteroidPotion"}],"is_trial":false,"path_per_floor":["M","?","$","M","T","E","R","M","T","E","R","?","?","M","R","B",null,"M","$","M","?","?","R","M","E","T","R","M","?","E","M","R","B",null,"M","?","M","?","$","R","E","?","T","R","E","?","M","M","R","B",null,"R","$","E","B",null],"character_chosen":"DEFECT","items_purchased":["Coolheaded","Steam","Self Repair","Defragment","Doom and Gloom","OrangePellets","Auto Shields","Energy Potion","Pear"],"campfire_rested":1,"item_purchase_floors":[3,3,3,19,19,39,39,53,53],"current_hp_per_floor":[75,80,80,80,80,77,77,80,80,70,70,58,58,66,66,38,80,80,80,80,80,80,80,79,43,43,43,49,49,53,38,62,73,80,77,77,80,80,80,80,61,67,67,67,63,90,94,84,84,62,94,94,104,102,57],"gold":66,"neow_bonus":"HUNDRED_GOLD","is_prod":false,"is_daily":false,"chose_seed":false,"campfire_upgraded":8,"win_rate":0,"timestamp":1552143118,"path_taken":["M","?","$","M","?","E","R","?","T","E","R","?","?","M","R","BOSS","M","$","?","?","?","R","M","E","T","R","M","?","E","?","R","BOSS","M","?","M","?","$","R","E","?","T","R","E","?","M","M","R","BOSS","R","$","E","BOSS"],"build_version":"2019-01-23","purchased_purges":3,"victory":true,"max_hp_per_floor":[75,80,80,80,80,80,80,80,80,80,80,80,80,80,80,80,80,80,80,80,80,80,80,80,80,80,80,80,80,80,80,80,80,80,80,80,80,80,80,80,80,94,94,94,94,94,94,94,94,94,94,94,104,104,104],"card_choices":[{"not_picked":["Rip and Tear","Turbo","Force Field"],"picked":"SKIP","floor":1},{"not_picked":["Gash","Rebound"],"picked":"Storm","floor":4},{"not_picked":["Steam","Rebound"],"picked":"Consume","floor":6},{"not_picked":["Redo","Aggregate"],"picked":"Barrage","floor":8},{"not_picked":["Sweeping Beam","Redo"],"picked":"Glacier","floor":10},{"not_picked":["Fusion","Gash"],"picked":"Force Field","floor":14},{"not_picked":["Core Surge","Amplify"],"picked":"Creative AI","floor":16},{"not_picked":["Redo","Lockon","Blizzard"],"picked":"SKIP","floor":18},{"not_picked":["Streamline+1","Leap"],"picked":"FTL+1","floor":20},{"not_picked":["Turbo+1","Consume"],"picked":"Redo+1","floor":24},{"not_picked":["Multi-Cast","Static Discharge"],"picked":"Leap","floor":25},{"not_picked":["Gash","Barrage"],"picked":"Static Discharge+1","floor":28},{"not_picked":["Recycle+1","Gash"],"picked":"Darkness+1","floor":30},{"not_picked":["Sweeping Beam","Rebound"],"picked":"Capacitor","floor":31},{"not_picked":["Core Surge","Fission"],"picked":"Amplify","floor":33},{"not_picked":["Leap","Blizzard+1","Sweeping Beam+1"],"picked":"SKIP","floor":35},{"not_picked":["Genetic Algorithm","Go for the Eyes"],"picked":"Hello World","floor":37},{"not_picked":["Coolheaded+1","Steam Power"],"picked":"Amplify","floor":41},{"not_picked":["Turbo","Barrage"],"picked":"Loop+1","floor":42},{"not_picked":["Chill+1","Beam Cell"],"picked":"Fission","floor":45},{"not_picked":["Coolheaded","Reinforced Body"],"picked":"Steam+1","floor":46},{"not_picked":["Ball Lightning+1","Rebound"],"picked":"Leap+1","floor":47},{"not_picked":["Rebound+1","Tempest"],"picked":"BootSequence+1","floor":48},{"not_picked":["Beam Cell+1","Creative AI+1"],"picked":"Lockon","floor":54}],"player_experience":312696,"relics_obtained":[{"floor":5,"key":"Pen Nib"},{"floor":6,"key":"Bag of Marbles"},{"floor":9,"key":"Incense Burner"},{"floor":10,"key":"Centennial Puzzle"},{"floor":25,"key":"Du-Vu Doll"},{"floor":30,"key":"Orichalcum"},{"floor":41,"key":"Frozen Egg 2"},{"floor":42,"key":"Mango"},{"floor":43,"key":"Bottled Flame"},{"floor":45,"key":"Bronze Scales"},{"floor":46,"key":"Emotion Chip"},{"floor":54,"key":"Art of War"}],"event_choices":[{"damage_healed":0,"gold_gain":0,"player_choice":"Donut","damage_taken":0,"max_hp_gain":5,"max_hp_loss":0,"event_name":"Big Fish","floor":2,"gold_loss":0},{"damage_healed":0,"gold_gain":0,"player_choice":"Success","damage_taken":12,"relics_obtained":["Bird Faced Urn"],"max_hp_gain":0,"max_hp_loss":0,"event_name":"Scrap Ooze","floor":12,"gold_loss":0},{"damage_healed":0,"gold_gain":0,"player_choice":"Got Potions","damage_taken":0,"max_hp_gain":0,"max_hp_loss":0,"event_name":"Lab","floor":13,"gold_loss":0},{"damage_healed":0,"gold_gain":99,"player_choice":"Stole From Cult","damage_taken":0,"max_hp_gain":0,"max_hp_loss":0,"event_name":"Nest","floor":21,"gold_loss":0},{"damage_healed":0,"gold_gain":0,"cards_transformed":["Strike_B","Strike_B"],"player_choice":"Became Test Subject","damage_taken":0,"max_hp_gain":0,"max_hp_loss":0,"event_name":"Drug Dealer","floor":22,"gold_loss":0,"cards_obtained":["Doom and Gloom","Aggregate"]},{"damage_healed":0,"gold_gain":0,"player_choice":"Bought 0 Potions","damage_taken":0,"max_hp_gain":0,"max_hp_loss":0,"event_name":"The Woman in Blue","floor":29,"gold_loss":0},{"damage_healed":0,"gold_gain":0,"player_choice":"Memory 1","damage_taken":0,"max_hp_gain":0,"max_hp_loss":0,"event_name":"SensoryStone","floor":36,"gold_loss":0},{"damage_healed":0,"gold_gain":0,"player_choice":"Ignored","damage_taken":0,"max_hp_gain":0,"max_hp_loss":0,"event_name":"Tomb of Lord Red Mask","floor":38,"gold_loss":0},{"damage_healed":0,"gold_gain":0,"player_choice":"Fight","damage_taken":0,"max_hp_gain":0,"max_hp_loss":0,"event_name":"Mysterious Sphere","floor":42,"gold_loss":0},{"damage_healed":0,"gold_gain":0,"player_choice":"Fight","damage_taken":0,"max_hp_gain":0,"max_hp_loss":0,"event_name":"MindBloom","floor":46,"gold_loss":0}],"is_beta":false,"boss_relics":[{"not_picked":["Calling Bell","Eternal Feather"],"picked":"Nuclear Battery"},{"not_picked":["Velvet Choker","Coffee Dripper"],"picked":"Snecko Eye"}],"items_purged_floors":[3,19,39],"is_endless":false,"potions_floor_spawned":[1,4,10,14,24,25,28,33,37,41,47,54],"ascension_level":3}