{"gold_per_floor":[118,293,38,38,138,166,116,131,131,131,149,149,166,180,180,180],"floor_reached":16,"playtime":355,"items_purged":["Doubt"],"score":165,"play_id":"d1894526-87be-4a6c-8667-55524cede9b9","local_time":"20190709220621","is_ascension_mode":true,"campfire_choices":[{"data":"Bash","floor":10,"key":"SMITH"},{"data":"Anger","floor":15,"key":"SMITH"}],"neow_cost":"NONE","seed_source_timestamp":661705520228828,"circlet_count":0,"master_deck":["AscendersBane","Strike_R","Strike_R","Strike_R","Strike_R","Strike_R","Defend_R","Defend_R","Defend_R","Defend_R","Bash+1","Pommel Strike","Perfected Strike","Anger+1","Uppercut"],"relics":["Burning Blood","Anchor","Frozen Egg 2","Smiling Mask","Sundial","NlothsMask"],"potions_floor_usage":[16],"damage_taken":[{"damage":1,"enemies":"2 Louse","floor":1,"turns":3},{"damage":56,"enemies":"Gremlin Nob","floor":6,"turns":5},{"damage":3,"enemies":"Small Slimes","floor":8,"turns":4},{"damage":1,"enemies":"Cultist","floor":11,"turns":3},{"damage":2,"enemies":"3 Louse","floor":13,"turns":3},{"damage":12,"enemies":"Gremlin Gang","floor":14,"turns":5},{"damage":39,"enemies":"Hexaghost","floor":16,"turns":7}],"seed_played":"-1821713112544166498","potions_obtained":[{"floor":6,"key":"PowerPotion"},{"floor":11,"key":"Fire Potion"}],"is_trial":false,"path_per_floor":["M","?","$","?","?","E","$","M","T","R","M","?","M","M","R","B"],"character_chosen":"IRONCLAD","items_purchased":["Frozen Egg 2"],"campfire_rested":0,"item_purchase_floors":[3],"current_hp_per_floor":[77,77,77,82,82,32,32,35,35,35,40,40,44,38,38,0],"gold":180,"neow_bonus":"RANDOM_COMMON_RELIC","is_prod":false,"is_daily":false,"chose_seed":false,"campfire_upgraded":2,"win_rate":0,"timestamp":1562724381,"path_taken":["M","?","$","?","?","E","$","?","T","R","M","?","M","?","R","BOSS"],"build_version":"2019-07-05","purchased_purges":1,"victory":false,"max_hp_per_floor":[80,80,80,85,85,85,85,85,85,85,85,85,85,85,85,85],"card_choices":[{"not_picked":["Wild Strike","Iron Wave","Heavy Blade"],"picked":"SKIP","floor":1},{"not_picked":["Hemokinesis","Seeing Red"],"picked":"Pommel Strike","floor":6},{"not_picked":["Body Slam","Infernal Blade"],"picked":"Perfected Strike","floor":8},{"not_picked":["Thunderclap","Seeing Red"],"picked":"Anger","floor":11},{"not_picked":["Thunderclap","Body Slam","Bloodletting"],"picked":"SKIP","floor":13},{"not_picked":["Blood for Blood","Rampage"],"picked":"Uppercut","floor":14}],"player_experience":672748,"relics_obtained":[{"floor":6,"key":"Smiling Mask"},{"floor":9,"key":"Sundial"}],"event_choices":[{"damage_healed":0,"gold_gain":175,"player_choice":"AGREE","damage_taken":0,"max_hp_gain":0,"max_hp_loss":0,"event_name":"Liars Game","floor":2,"gold_loss":0,"cards_obtained":["Doubt"]},{"damage_healed":0,"gold_gain":0,"player_choice":"Donut","damage_taken":0,"max_hp_gain":5,"max_hp_loss":0,"event_name":"Big Fish","floor":4,"gold_loss":0},{"damage_healed":0,"gold_gain":100,"player_choice":"Gold","damage_taken":0,"max_hp_gain":0,"max_hp_loss":0,"event_name":"Wheel of Change","floor":5,"gold_loss":0},{"damage_healed":0,"gold_gain":0,"player_choice":"Trade","damage_taken":0,"relics_obtained":["NlothsMask"],"max_hp_gain":0,"max_hp_loss":0,"event_name":"FaceTrader","floor":12,"gold_loss":0}],"is_beta":false,"boss_relics":[],"items_purged_floors":[7],"is_endless":false,"potions_floor_spawned":[6,11,14],"killed_by":"Hexaghost","ascension_level":13}