{"gold_per_floor":[110,110,16,16,35,35,61,77,129,129,140,215,279,95,95,198,198,198,22,22,22,22,22,22,22,22,22,22,22,22,22,22,22,22,22,22,22,22,22,22,22,22,22,22,22,22,22,22,22,22,22,22,22,22,22],"floor_reached":56,"playtime":2319,"items_purged":["Strike_G","Strike_G"],"score":1648,"play_id":"14710e6c-1e92-48c5-b7d9-ad34b12a9a99","local_time":"20190529234656","is_ascension_mode":true,"campfire_choices":[{"data":"Noxious Fumes","floor":6,"key":"SMITH"},{"data":"Dodge and Roll","floor":10,"key":"SMITH"},{"data":"Footwork","floor":15,"key":"SMITH"},{"data":"Wraith Form v2","floor":23,"key":"SMITH"},{"data":"PiercingWail","floor":27,"key":"SMITH"},{"floor":32,"key":"REST"},{"floor":40,"key":"RECALL"},{"floor":49,"key":"REST"},{"data":"Adrenaline","floor":52,"key":"SMITH"}],"neow_cost":"NONE","seed_source_timestamp":1299333293777840,"circlet_count":0,"master_deck":["Defend_G","Defend_G","Defend_G","Defend_G","Defend_G+1","Strike_G","Survivor","Neutralize+1","Poisoned Stab","Noxious Fumes+1","Deadly Poison+1","Flying Knee","Dodge and Roll+1","Cloak And Dagger","Footwork+1","Crippling Poison","Envenom","PiercingWail+1","Noxious Fumes","Wraith Form v2+1","Skewer","Catalyst+1","Catalyst","Wraith Form v2+1","Calculated Gamble","Acrobatics","Die Die Die","Riddle With Holes","Footwork","Adrenaline+1","Footwork","Parasite","Leg Sweep+1","A Thousand Cuts"],"relics":["Ring of the Snake","Strawberry","Orichalcum","Tiny Chest","Ectoplasm","Oddly Smooth Stone","Unceasing Top","Nunchaku","Velvet Choker","Du-Vu Doll","Regal Pillow","Bird Faced Urn","Mercury Hourglass"],"potions_floor_usage":[13,13,13,33,45,55,55,55],"damage_taken":[{"damage":1,"enemies":"Jaw Worm","floor":1,"turns":4},{"damage":1,"enemies":"Small Slimes","floor":5,"turns":3},{"damage":15,"enemies":"Lagavulin","floor":7,"turns":7},{"damage":0,"enemies":"2 Louse","floor":8,"turns":3},{"damage":0,"enemies":"Blue Slaver","floor":11,"turns":3},{"damage":0,"enemies":"3 Sentries","floor":13,"turns":7},{"damage":25,"enemies":"The Guardian","floor":16,"turns":10},{"damage":5,"enemies":"Shell Parasite","floor":18,"turns":6},{"damage":4,"enemies":"Spheric Guardian","floor":20,"turns":4},{"damage":11,"enemies":"Slavers","floor":24,"turns":5},{"damage":0,"enemies":"Shelled Parasite and Fungi","floor":28,"turns":4},{"damage":23,"enemies":"Cultist and Chosen","floor":29,"turns":5},{"damage":9,"enemies":"Gremlin Leader","floor":30,"turns":8},{"damage":0,"enemies":"Snecko","floor":31,"turns":5},{"damage":19,"enemies":"Collector","floor":33,"turns":7},{"damage":6,"enemies":"3 Darklings","floor":35,"turns":4},{"damage":2,"enemies":"Mind Bloom Boss Battle","floor":37,"turns":7},{"damage":0,"enemies":"Orb Walker","floor":38,"turns":4},{"damage":0,"enemies":"3 Darklings","floor":39,"turns":5},{"damage":14,"enemies":"Nemesis","floor":42,"turns":7},{"damage":7,"enemies":"Sphere and 2 Shapes","floor":44,"turns":4},{"damage":6,"enemies":"Reptomancer","floor":45,"turns":7},{"damage":0,"enemies":"Writhing Mass","floor":47,"turns":5},{"damage":4,"enemies":"Maw","floor":48,"turns":7},{"damage":23,"enemies":"Donu and Deca","floor":50,"turns":11},{"damage":11,"enemies":"Shield and Spear","floor":54,"turns":7},{"damage":68,"enemies":"The Heart","floor":55,"turns":11}],"seed_played":"9145188998193517962","potions_obtained":[{"floor":5,"key":"EntropicBrew"},{"floor":8,"key":"Strength Potion"},{"floor":16,"key":"FearPotion"},{"floor":24,"key":"GhostInAJar"},{"floor":28,"key":"Ancient Potion"},{"floor":35,"key":"GhostInAJar"},{"floor":45,"key":"Strength Potion"}],"is_trial":false,"path_per_floor":["M","?","$","?","M","R","E","M","T","R","M","?","E","$","R","B",null,"M","$","M","?","$","R","E","$","T","R","M","M","E","M","R","B",null,"M","?","?","M","M","R","$","E","T","M","E","?","M","M","R","B",null,"R","$","E","B",null],"character_chosen":"THE_SILENT","items_purchased":["Noxious Fumes","Deadly Poison","Footwork","Crippling Poison","Noxious Fumes"],"campfire_rested":2,"item_purchase_floors":[3,3,14,14,19],"current_hp_per_floor":[62,67,67,52,51,51,43,43,43,43,43,32,32,32,32,7,63,58,58,54,54,54,54,43,43,43,43,43,20,11,11,35,16,66,60,50,48,48,48,48,48,34,34,27,21,21,35,45,82,69,79,79,79,71,21],"gold":22,"neow_bonus":"UPGRADE_CARD","is_prod":false,"is_daily":false,"chose_seed":false,"campfire_upgraded":6,"win_rate":0,"timestamp":1559188016,"path_taken":["M","?","$","?","M","R","E","M","T","R","M","?","E","?","R","BOSS","M","?","?","?","?","R","E","$","T","R","M","?","E","M","R","BOSS","M","?","?","M","M","R","?","E","T","?","E","?","?","M","R","BOSS","R","$","E","BOSS"],"build_version":"2019-01-23","purchased_purges":2,"victory":true,"max_hp_per_floor":[70,75,75,75,75,75,82,82,82,82,82,82,82,82,82,82,82,82,82,82,82,82,82,82,82,82,82,82,82,82,82,82,82,82,82,82,82,82,82,82,82,82,82,82,82,82,82,82,82,82,82,82,82,82,82],"card_choices":[{"not_picked":["Prepared","Dodge and Roll"],"picked":"Poisoned Stab","floor":1},{"not_picked":["Slice","Deflect"],"picked":"Flying Knee","floor":5},{"not_picked":["Calculated Gamble","Deflect"],"picked":"Dodge and Roll","floor":7},{"not_picked":["Sucker Punch","Prepared","Deflect"],"picked":"SKIP","floor":8},{"not_picked":["Choke","Dagger Throw"],"picked":"Cloak And Dagger","floor":11},{"not_picked":["Accuracy","Phantasmal Killer","Poisoned Stab"],"picked":"SKIP","floor":13},{"not_picked":["Phantasmal Killer","Die Die Die"],"picked":"Envenom","floor":16},{"not_picked":["Deadly Poison","Slice"],"picked":"PiercingWail","floor":18},{"not_picked":["Setup","Tactician","Blade Dance"],"picked":"SKIP","floor":20},{"not_picked":["Riddle With Holes+1","Terror"],"picked":"Catalyst+1","floor":24},{"not_picked":["Sucker Punch","Outmaneuver"],"picked":"Catalyst","floor":28},{"not_picked":["Prepared+1","Backflip+1"],"picked":"Wraith Form v2","floor":29},{"not_picked":["Accuracy+1","Predator"],"picked":"Calculated Gamble","floor":30},{"not_picked":["Flying Knee","Outmaneuver"],"picked":"Acrobatics","floor":31},{"not_picked":["Storm of Steel","Phantasmal Killer"],"picked":"Die Die Die","floor":33},{"not_picked":["Slice+1","Poisoned Stab+1","Dagger Spray+1"],"picked":"SKIP","floor":35},{"not_picked":["Prepared","Dodge and Roll"],"picked":"Riddle With Holes","floor":38},{"not_picked":["PiercingWail","Flying Knee+1"],"picked":"Footwork","floor":39},{"not_picked":["Concentrate+1","Slice+1"],"picked":"Adrenaline","floor":42},{"not_picked":["Distraction","Prepared+1"],"picked":"Footwork","floor":44},{"not_picked":["Quick Slash","Slice","Endless Agony+1"],"picked":"SKIP","floor":45},{"not_picked":["Deflect","Dodge and Roll+1"],"picked":"Leg Sweep+1","floor":47},{"not_picked":["Heel Hook+1","Cloak And Dagger+1","Eviscerate+1"],"picked":"SKIP","floor":48},{"not_picked":["Catalyst","Flying Knee+1"],"picked":"A Thousand Cuts","floor":54}],"player_experience":541976,"relics_obtained":[{"floor":7,"key":"Strawberry"},{"floor":9,"key":"Orichalcum"},{"floor":13,"key":"Tiny Chest"},{"floor":24,"key":"Oddly Smooth Stone"},{"floor":26,"key":"Unceasing Top"},{"floor":30,"key":"Nunchaku"},{"floor":37,"key":"Du-Vu Doll"},{"floor":42,"key":"Regal Pillow"},{"floor":45,"key":"Bird Faced Urn"},{"floor":54,"key":"Mercury Hourglass"}],"event_choices":[{"damage_healed":0,"gold_gain":0,"player_choice":"Donut","damage_taken":0,"max_hp_gain":5,"max_hp_loss":0,"event_name":"Big Fish","floor":2,"gold_loss":0},{"damage_healed":0,"gold_gain":0,"player_choice":"Entered Light","damage_taken":15,"max_hp_gain":0,"max_hp_loss":0,"event_name":"Shining Light","floor":4,"gold_loss":0,"cards_upgraded":["Defend_G","Deadly Poison"]},{"damage_healed":0,"gold_gain":75,"player_choice":"Gather Gold","damage_taken":11,"max_hp_gain":0,"max_hp_loss":0,"event_name":"World of Goop","floor":12,"gold_loss":0},{"damage_healed":0,"gold_gain":0,"cards_transformed":["Strike_G","Strike_G"],"player_choice":"Became Test Subject","damage_taken":0,"max_hp_gain":0,"max_hp_loss":0,"event_name":"Drug Dealer","floor":21,"gold_loss":0,"cards_obtained":["Wraith Form v2","Skewer"]},{"damage_healed":0,"gold_gain":0,"player_choice":"Memory 3","damage_taken":10,"max_hp_gain":0,"max_hp_loss":0,"event_name":"SensoryStone","floor":36,"gold_loss":0},{"damage_healed":0,"gold_gain":0,"player_choice":"Fight","damage_taken":0,"max_hp_gain":0,"max_hp_loss":0,"event_name":"MindBloom","floor":37,"gold_loss":0},{"damage_healed":0,"gold_gain":0,"player_choice":"Upgraded","damage_taken":0,"max_hp_gain":0,"max_hp_loss":0,"event_name":"Upgrade Shrine","floor":46,"gold_loss":0,"cards_upgraded":["Wraith Form v2"]}],"is_beta":false,"boss_relics":[{"not_picked":["Eternal Feather","Tiny House"],"picked":"Ectoplasm"},{"not_picked":["HoveringKite","Orrery"],"picked":"Velvet Choker"}],"items_purged_floors":[14,19],"is_endless":false,"potions_floor_spawned":[5,8,16,24,28,30,31,35,37,44,45],"ascension_level":7}