{"gold_per_floor":[213,57,57,57,7,35,9,9,9,22,22,35,60,78,78,181,181],"floor_reached":17,"playtime":593,"items_purged":["Strike_R"],"score":188,"play_id":"59cacdc1-4374-4267-9f9a-41e20bf39f77","local_time":"20190807100405","is_ascension_mode":false,"campfire_choices":[{"data":"True Grit","floor":8,"key":"SMITH"},{"data":"Anger","floor":15,"key":"SMITH"}],"neow_cost":"NONE","seed_source_timestamp":138908193835459,"circlet_count":0,"master_deck":["Strike_R","Strike_R","Strike_R","Defend_R","Defend_R","Defend_R","Bash","Thunderclap","Rampage","True Grit+1","Anger+1","Metallicize"],"relics":["Burning Blood","Pear","Magic Flower","Thread and Needle","Orrery"],"potions_floor_usage":[16],"damage_taken":[{"damage":6,"enemies":"Jaw Worm","floor":1,"turns":3},{"damage":34,"enemies":"3 Sentries","floor":6,"turns":7},{"damage":1,"enemies":"Small Slimes","floor":10,"turns":4},{"damage":0,"enemies":"2 Louse","floor":12,"turns":3},{"damage":27,"enemies":"Gremlin Nob","floor":13,"turns":4},{"damage":7,"enemies":"Exordium Wildlife","floor":14,"turns":4},{"damage":52,"enemies":"Hexaghost","floor":16,"turns":8}],"seed_played":"-1896522742933936609","potions_obtained":[{"floor":6,"key":"PowerPotion"},{"floor":13,"key":"GamblersBrew"}],"is_trial":false,"path_per_floor":["M","$","?","$","?","E","$","R","T","M","?","M","E","M","R","B",null],"character_chosen":"IRONCLAD","items_purchased":["Rampage","True Grit"],"campfire_rested":0,"item_purchase_floors":[2,7],"current_hp_per_floor":[80,80,73,73,73,55,55,55,55,63,68,77,59,61,61,18,95],"gold":181,"neow_bonus":"HUNDRED_GOLD","is_prod":false,"is_daily":false,"chose_seed":false,"campfire_upgraded":2,"win_rate":0,"timestamp":1565186645,"path_taken":["M","$","?","$","?","E","?","R","T","M","?","M","E","M","R","BOSS"],"build_version":"2019-07-17","purchased_purges":1,"victory":false,"max_hp_per_floor":[80,80,80,80,80,90,90,90,90,90,95,95,95,95,95,95,95],"card_choices":[{"not_picked":["Iron Wave","Flame Barrier"],"picked":"Thunderclap","floor":1},{"not_picked":["Infernal Blade","Flame Barrier","Body Slam"],"picked":"SKIP","floor":6},{"not_picked":["Sword Boomerang","Rage","Searing Blow"],"picked":"SKIP","floor":10},{"not_picked":["Perfected Strike","Cleave","Sever Soul"],"picked":"SKIP","floor":12},{"not_picked":["Exhume","Clothesline"],"picked":"Anger","floor":13},{"not_picked":["Heavy Blade","Clash","Headbutt"],"picked":"SKIP","floor":14},{"not_picked":["Shrug It Off","Burning Pact"],"picked":"Metallicize","floor":17}],"player_experience":757913,"relics_obtained":[{"floor":6,"key":"Pear"},{"floor":9,"key":"Magic Flower"},{"floor":13,"key":"Thread and Needle"}],"event_choices":[{"cards_removed":["Strike_R"],"damage_healed":0,"gold_gain":0,"player_choice":"Card Removal","damage_taken":7,"max_hp_gain":0,"max_hp_loss":0,"event_name":"Golden Wing","floor":3,"gold_loss":0},{"cards_removed":["Defend_R"],"damage_healed":0,"gold_gain":0,"player_choice":"Card Removal","damage_taken":0,"max_hp_gain":0,"max_hp_loss":0,"event_name":"The Cleric","floor":5,"gold_loss":50},{"damage_healed":0,"gold_gain":0,"player_choice":"Donut","damage_taken":0,"max_hp_gain":5,"max_hp_loss":0,"event_name":"Big Fish","floor":11,"gold_loss":0}],"is_beta":false,"boss_relics":[{"not_picked":["Ectoplasm","Busted Crown"],"picked":"Orrery"}],"items_purged_floors":[2],"is_endless":false,"potions_floor_spawned":[6,13],"ascension_level":0}