{"gold_per_floor":[367,386,162,174,194,221,221,221,246,246,263,263,273,289,289,386,386,396,321,356,2,2,22,56,56,56,71,88,88,103,120,120,215,215,234,334,380,216,227,227,237,249,249,274,274,274,33,46,46,46],"floor_reached":50,"playtime":6159,"items_purged":["Strike_R"],"score":760,"play_id":"4b957704-2080-4f28-b55f-794e108bd5b5","local_time":"20181219191238","is_ascension_mode":true,"campfire_choices":[{"data":"Bash","floor":7,"key":"SMITH"},{"data":"Warcry","floor":10,"key":"SMITH"},{"data":"Seeing Red","floor":15,"key":"SMITH"},{"floor":32,"key":"RECALL"},{"data":"Flame Barrier","floor":46,"key":"SMITH"},{"data":"Demon Form","floor":49,"key":"SMITH"}],"neow_cost":"TEN_PERCENT_HP_LOSS","seed_source_timestamp":2240538362595312,"circlet_count":0,"master_deck":["Defend_R+1","Defend_R+1","Defend_R+1","Defend_R+1","Bash+1","Seeing Red+1","Dropkick","Warcry+1","Dropkick","Flame Barrier+1","Demon Form+1","Thunderclap","Pummel","Clash","Anger","Intimidate","Bite+1","Bite+1","Bite+1","Bite+1","Bite+1","Dual Wield+1","Offering","Reaper+1","Evolve","Metallicize","Blood for Blood+1","Dark Shackles"],"relics":["Burning Blood","Oddly Smooth Stone","Potion Belt","Bronze Scales","Whetstone","Vajra","Coffee Dripper","Red Mask","Membership Card","Kunai","Molten Egg 2","Pantograph","MutagenicStrength","Lizard Tail","Ginger","Nunchaku","Singing Bowl","Anchor","Question Card","Mummified Hand","Blood Vial"],"potions_floor_usage":[16,20,20,27,27,28,28,28,28,28,28,28,30,31,31,33,40,40,48,50],"damage_taken":[{"damage":14,"enemies":"2 Louse","floor":1,"turns":3},{"damage":2,"enemies":"Jaw Worm","floor":2,"turns":3},{"damage":4,"enemies":"Small Slimes","floor":4,"turns":3},{"damage":6,"enemies":"2 Fungi Beasts","floor":5,"turns":4},{"damage":33,"enemies":"Lagavulin","floor":6,"turns":7},{"damage":3,"enemies":"Blue Slaver","floor":11,"turns":4},{"damage":8,"enemies":"Exordium Thugs","floor":13,"turns":4},{"damage":0,"enemies":"3 Louse","floor":14,"turns":3},{"damage":28,"enemies":"Hexaghost","floor":16,"turns":9},{"damage":21,"enemies":"2 Thieves","floor":18,"turns":5},{"damage":19,"enemies":"Masked Bandits","floor":20,"turns":4},{"damage":2,"enemies":"Spheric Guardian","floor":23,"turns":4},{"damage":24,"enemies":"Gremlin Leader","floor":24,"turns":5},{"damage":0,"enemies":"Snake Plant","floor":27,"turns":4},{"damage":1,"enemies":"Snecko","floor":28,"turns":3},{"damage":0,"enemies":"Shelled Parasite and Fungi","floor":30,"turns":1},{"damage":0,"enemies":"Snake Plant","floor":31,"turns":3},{"damage":75,"enemies":"Collector","floor":33,"turns":8},{"damage":9,"enemies":"Orb Walker","floor":35,"turns":3},{"damage":37,"enemies":"Mind Bloom Boss Battle","floor":36,"turns":7},{"damage":69,"enemies":"2 Orb Walkers","floor":37,"turns":6},{"damage":24,"enemies":"3 Shapes","floor":39,"turns":9},{"damage":54,"enemies":"Giant Head","floor":40,"turns":7},{"damage":24,"enemies":"Jaw Worm Horde","floor":41,"turns":5},{"damage":20,"enemies":"4 Shapes","floor":42,"turns":6},{"damage":68,"enemies":"Nemesis","floor":44,"turns":7},{"damage":29,"enemies":"Maw","floor":48,"turns":6},{"damage":96,"enemies":"Awakened One","floor":50,"turns":5}],"seed_played":"-7760996497138459299","potions_obtained":[{"floor":1,"key":"FearPotion"},{"floor":4,"key":"Swift Potion"},{"floor":14,"key":"Poison Potion"},{"floor":23,"key":"SpeedPotion"},{"floor":24,"key":"Fire Potion"},{"floor":27,"key":"EntropicBrew"},{"floor":28,"key":"Dexterity Potion"},{"floor":37,"key":"SmokeBomb"},{"floor":39,"key":"EssenceOfSteel"},{"floor":44,"key":"Fire Potion"},{"floor":48,"key":"Fire Potion"}],"is_trial":false,"path_per_floor":["M","M","$","M","M","E","R","?","T","R","M","T","M","M","R","B",null,"M","?","?","$","?","M","E","?","T","M","M","?","M","M","R","B",null,"M","?","?","$","M","E","M","M","T","E","T","R","$","M","R","B"],"character_chosen":"IRONCLAD","items_purchased":["Oddly Smooth Stone","Membership Card","Kunai","Clash","Singing Bowl","Metallicize","Mummified Hand","Blood Vial","Dark Shackles"],"campfire_rested":0,"item_purchase_floors":[3,21,21,21,38,38,47,47,47],"current_hp_per_floor":[64,68,68,70,70,43,43,43,43,43,46,46,44,50,50,28,61,46,46,33,33,33,37,19,19,19,43,50,50,50,50,50,26,44,50,43,20,20,25,27,30,47,47,35,35,35,35,39,39,0],"gold":46,"neow_bonus":"TWO_FIFTY_GOLD","is_prod":false,"is_daily":false,"chose_seed":false,"campfire_upgraded":5,"win_rate":0,"timestamp":1545225158,"path_taken":["M","M","$","M","M","E","R","?","T","R","M","?","M","M","R","BOSS","M","?","?","$","?","M","E","?","T","M","M","?","?","M","R","BOSS","M","?","?","$","M","E","M","M","T","E","?","R","$","M","R","BOSS"],"build_version":"2018-12-13","purchased_purges":1,"victory":false,"max_hp_per_floor":[72,72,72,72,72,72,72,72,72,72,72,72,72,72,72,72,72,72,72,72,72,72,72,72,50,50,50,50,50,50,50,50,50,50,50,50,50,50,52,52,52,54,54,56,56,56,56,58,58,58],"card_choices":[{"not_picked":["Wild Strike","Shrug It Off"],"picked":"Seeing Red","floor":1},{"not_picked":["Shrug It Off","Disarm"],"picked":"Dropkick","floor":2},{"not_picked":["Flex","Clothesline"],"picked":"Warcry","floor":4},{"not_picked":["Shrug It Off","Twin Strike","Infernal Blade"],"picked":"SKIP","floor":5},{"not_picked":["Intimidate","Infernal Blade","Shrug It Off"],"picked":"SKIP","floor":6},{"not_picked":["Twin Strike","Intimidate"],"picked":"Dropkick","floor":11},{"not_picked":["Uppercut","True Grit"],"picked":"Flame Barrier","floor":13},{"not_picked":["Iron Wave","Clash","Rampage"],"picked":"SKIP","floor":14},{"not_picked":["Exhume","Offering"],"picked":"Demon Form","floor":16},{"not_picked":["Rage","Heavy Blade"],"picked":"Thunderclap","floor":18},{"not_picked":["Spot Weakness+1","Havoc"],"picked":"Pummel","floor":20},{"not_picked":["Bloodletting+1","Iron Wave+1"],"picked":"Anger","floor":23},{"not_picked":["Dual Wield","Clothesline"],"picked":"Intimidate","floor":24},{"not_picked":["Rupture","Pommel Strike+1","Sword Boomerang+1"],"picked":"SKIP","floor":27},{"not_picked":["Rupture","Pommel Strike+1","Sword Boomerang+1"],"picked":"SKIP","floor":27},{"not_picked":["True Grit+1","Corruption"],"picked":"Dual Wield+1","floor":28},{"not_picked":["Carnage+1","Clothesline+1","Pommel Strike+1"],"picked":"SKIP","floor":30},{"not_picked":["Havoc","Iron Wave+1"],"picked":"Offering","floor":31},{"not_picked":["Demon Form","Offering"],"picked":"Reaper+1","floor":33},{"not_picked":["Perfected Strike+1","Sever Soul+1"],"picked":"Evolve","floor":35},{"not_picked":["Juggernaut","Warcry+1","Bloodletting"],"picked":"Singing Bowl","floor":39},{"not_picked":["True Grit","Flame Barrier"],"picked":"Blood for Blood+1","floor":41},{"not_picked":["Sword Boomerang+1","Rampage+1","Uppercut+1"],"picked":"Singing Bowl","floor":42},{"not_picked":["Demon Form","Rampage+1","Flex+1"],"picked":"Singing Bowl","floor":44},{"not_picked":["Thunderclap+1","Sword Boomerang+1","Havoc","Battle Trance+1"],"picked":"Singing Bowl","floor":48}],"player_experience":341002,"relics_obtained":[{"floor":6,"key":"Potion Belt"},{"floor":9,"key":"Whetstone"},{"floor":12,"key":"Vajra"},{"floor":20,"key":"Red Mask"},{"floor":24,"key":"Molten Egg 2"},{"floor":26,"key":"Pantograph"},{"floor":36,"key":"Ginger"},{"floor":37,"key":"Nunchaku"},{"floor":44,"key":"Anchor"},{"floor":45,"key":"Question Card"}],"event_choices":[{"damage_healed":0,"gold_gain":0,"player_choice":"Searched \u00271\u0027 times","damage_taken":0,"relics_obtained":["Bronze Scales"],"max_hp_gain":0,"max_hp_loss":0,"event_name":"Dead Adventurer","floor":8,"gold_loss":0},{"cards_removed":["Strike_R"],"damage_healed":0,"gold_gain":0,"player_choice":"Gave Gold","damage_taken":0,"max_hp_gain":0,"max_hp_loss":0,"event_name":"Beggar","floor":19,"gold_loss":75},{"damage_healed":0,"gold_gain":0,"player_choice":"Fought Bandits","damage_taken":0,"max_hp_gain":0,"max_hp_loss":0,"event_name":"Masked Bandits","floor":20,"gold_loss":0},{"damage_healed":0,"gold_gain":0,"player_choice":"Simplicity","damage_taken":0,"max_hp_gain":0,"max_hp_loss":0,"event_name":"Back to Basics","floor":22,"gold_loss":0,"cards_upgraded":["Strike_R","Defend_R","Defend_R","Defend_R","Defend_R"]},{"damage_healed":0,"gold_gain":0,"player_choice":"Became a vampire","damage_taken":0,"max_hp_gain":0,"max_hp_loss":22,"event_name":"Vampires","floor":25,"gold_loss":0,"cards_obtained":["Bite","Bite","Bite","Bite","Bite"]},{"damage_healed":0,"gold_gain":0,"player_choice":"Inject Mutagens","damage_taken":0,"relics_obtained":["MutagenicStrength"],"max_hp_gain":0,"max_hp_loss":0,"event_name":"Drug Dealer","floor":29,"gold_loss":0},{"damage_healed":0,"gold_gain":0,"player_choice":"Fight","damage_taken":0,"max_hp_gain":0,"max_hp_loss":0,"event_name":"MindBloom","floor":36,"gold_loss":0},{"damage_healed":0,"gold_gain":0,"player_choice":"Fight","damage_taken":0,"max_hp_gain":0,"max_hp_loss":0,"event_name":"Mysterious Sphere","floor":37,"gold_loss":0}],"is_beta":false,"boss_relics":[{"not_picked":["White Beast Statue","Ectoplasm"],"picked":"Coffee Dripper"},{"not_picked":["Tiny House","Snecko Eye"],"picked":"Lizard Tail"}],"items_purged_floors":[3],"is_endless":false,"potions_floor_spawned":[1,4,14,23,24,27,28,37,39,44,48],"killed_by":"Awakened One","ascension_level":7}