{"gold_per_floor":[116,130,149,165,165,193,208,236,287,287,297,297,323,57,57,160,160,180,198,248,298,317,348,348,673,703,769,819,819,837,869,869,968,968,980,1000,414,564,686,686,736,747,802,802,378,778,828,863,863,863,863,863,55,82,82],"floor_reached":55,"playtime":4128,"items_purged":["Strike_B","Doubt","Injury","Regret"],"score":827,"play_id":"e544b46e-73f0-489a-995e-f44ebc50ab9d","local_time":"20190609140623","is_ascension_mode":false,"campfire_choices":[{"data":"Zap","floor":10,"key":"SMITH"},{"floor":12,"key":"REST"},{"data":"Coolheaded","floor":15,"key":"SMITH"},{"data":"Barrage","floor":24,"key":"SMITH"},{"floor":29,"key":"RECALL"},{"data":"Machine Learning","floor":32,"key":"SMITH"},{"data":"Buffer","floor":40,"key":"SMITH"},{"floor":44,"key":"REST"},{"floor":49,"key":"REST"},{"data":"Buffer","floor":52,"key":"SMITH"}],"neow_cost":"NONE","seed_source_timestamp":177397849198388,"circlet_count":0,"master_deck":["Defend_B+1","Defend_B","Defend_B","Defend_B","Zap+1","Dualcast","Genetic Algorithm","Go for the Eyes+1","Ball Lightning","Echo Form","Coolheaded+1","Auto Shields+1","Glacier","Coolheaded","Core Surge","Darkness+1","Bite","Bite","Bite","Bite","Bite","Barrage+1","Leap+1","Machine Learning+1","Buffer+1","Parasite","Writhe","Turbo+1","Clumsy","Buffer+1","Barrage+1"],"relics":["Cracked Core","SsserpentHead","Whetstone","Strawberry","DataDisk","Matryoshka","Blue Candle","Cursed Key","Enchiridion","Dream Catcher","Tiny Chest","Pear","Calling Bell","Juzu Bracelet","Dodecahedron","Gambling Chip","Turnip","Toolbox","WingedGreaves","Centennial Puzzle","Singing Bowl","Spirit Poop","War Paint","Incense Burner","Old Coin","Kunai","Mercury Hourglass","Mummified Hand","HandDrill","Anchor","Lantern"],"potions_floor_usage":[6,13,16,23,33,35,46,48,54,55,55],"damage_taken":[{"damage":0,"enemies":"2 Louse","floor":1,"turns":2},{"damage":0,"enemies":"Cultist","floor":2,"turns":4},{"damage":9,"enemies":"Small Slimes","floor":3,"turns":4},{"damage":3,"enemies":"2 Fungi Beasts","floor":4,"turns":3},{"damage":18,"enemies":"Gremlin Nob","floor":6,"turns":4},{"damage":1,"enemies":"Red Slaver","floor":7,"turns":3},{"damage":11,"enemies":"Lagavulin","floor":8,"turns":7},{"damage":2,"enemies":"Large Slime","floor":11,"turns":4},{"damage":7,"enemies":"Gremlin Nob","floor":13,"turns":4},{"damage":32,"enemies":"The Guardian","floor":16,"turns":8},{"damage":19,"enemies":"3 Byrds","floor":18,"turns":5},{"damage":8,"enemies":"Shell Parasite","floor":19,"turns":3},{"damage":0,"enemies":"Chosen and Byrds","floor":22,"turns":6},{"damage":19,"enemies":"Slavers","floor":23,"turns":4},{"damage":2,"enemies":"Centurion and Healer","floor":27,"turns":7},{"damage":1,"enemies":"Snake Plant","floor":30,"turns":5},{"damage":34,"enemies":"Gremlin Leader","floor":31,"turns":9},{"damage":42,"enemies":"Collector","floor":33,"turns":17},{"damage":9,"enemies":"3 Darklings","floor":35,"turns":7},{"damage":1,"enemies":"3 Shapes","floor":36,"turns":3},{"damage":18,"enemies":"Mind Bloom Boss Battle","floor":38,"turns":7},{"damage":10,"enemies":"Transient","floor":42,"turns":5},{"damage":27,"enemies":"2 Orb Walkers","floor":46,"turns":6},{"damage":18,"enemies":"Reptomancer","floor":48,"turns":8},{"damage":66,"enemies":"Awakened One","floor":50,"turns":21},{"damage":40,"enemies":"Shield and Spear","floor":54,"turns":11},{"damage":68,"enemies":"The Heart","floor":55,"turns":12}],"seed_played":"-2701436412119283497","potions_obtained":[{"floor":0,"key":"Explosive Potion"},{"floor":0,"key":"SpeedPotion"},{"floor":0,"key":"Poison Potion"},{"floor":7,"key":"Weak Potion"},{"floor":13,"key":"PowerPotion"},{"floor":18,"key":"SpeedPotion"},{"floor":30,"key":"Strength Potion"},{"floor":35,"key":"Regen Potion"},{"floor":36,"key":"PowerPotion"},{"floor":46,"key":"FearPotion"}],"is_trial":false,"path_per_floor":["M","M","M","M","?","E","M","E","T","R","M","R","E","$","R","B",null,"M","M","?","?","M","E","R","?","T","M","?","R","M","E","R","B",null,"M","M","$","?","T","R","?","M","T","R","$","?","T","E","R","B",null,"R","$","E","B"],"character_chosen":"DEFECT","items_purchased":["Blue Candle","Turnip","Toolbox","Incense Burner","Mummified Hand","HandDrill","Anchor","Block Potion"],"campfire_rested":3,"item_purchase_floors":[14,37,37,45,53,53,53,53],"current_hp_per_floor":[75,75,66,63,63,45,44,40,40,40,38,62,55,55,55,23,82,63,55,55,39,49,38,38,38,38,57,57,57,57,45,45,35,67,66,67,67,57,57,57,57,57,57,69,69,66,66,66,73,51,73,73,73,49,0],"gold":82,"neow_bonus":"THREE_SMALL_POTIONS","is_prod":false,"is_daily":false,"chose_seed":false,"campfire_upgraded":6,"win_rate":0,"timestamp":1560107183,"path_taken":["M","M","M","M","?","E","M","E","T","R","M","R","E","?","R","BOSS","M","M","?","?","M","E","R","?","T","?","?","R","M","E","R","BOSS","M","M","$","?","?","R","?","M","T","R","$","?","?","E","R","BOSS","R","$","E","BOSS"],"build_version":"2019-01-23","purchased_purges":4,"victory":false,"max_hp_per_floor":[75,75,75,75,75,75,75,82,82,82,82,82,82,82,82,82,82,82,82,57,57,57,57,57,57,57,57,57,57,57,67,67,67,67,67,67,67,67,67,67,67,67,67,69,69,71,71,71,73,73,73,73,73,73,73],"card_choices":[{"not_picked":["Doom and Gloom","Darkness"],"picked":"Genetic Algorithm","floor":1},{"not_picked":["Stack","Redo"],"picked":"Go for the Eyes","floor":2},{"not_picked":["Redo","Reprogram"],"picked":"Ball Lightning","floor":3},{"not_picked":["Streamline","Reinforced Body"],"picked":"Echo Form","floor":4},{"not_picked":["Skim","Barrage"],"picked":"Coolheaded","floor":6},{"not_picked":["Recycle","Sunder"],"picked":"Auto Shields","floor":7},{"not_picked":["Recycle","Scrape"],"picked":"Glacier","floor":8},{"not_picked":["Leap","Go for the Eyes","White Noise"],"picked":"SKIP","floor":11},{"not_picked":["Sweeping Beam","Steam Power"],"picked":"Coolheaded","floor":13},{"not_picked":["Reboot","Meteor Strike"],"picked":"Core Surge","floor":16},{"not_picked":["Coolheaded","Sunder"],"picked":"Darkness+1","floor":18},{"not_picked":["Redo","Hello World+1","Double Energy+1"],"picked":"SKIP","floor":19},{"not_picked":["Go for the Eyes","Skim"],"picked":"Barrage","floor":22},{"not_picked":["Streamline","Sweeping Beam"],"picked":"Leap+1","floor":23},{"not_picked":["Reprogram","Sweeping Beam","Turbo"],"picked":"SKIP","floor":27},{"not_picked":["Beam Cell","Redo+1"],"picked":"Machine Learning","floor":30},{"not_picked":["Go for the Eyes","Barrage","Glacier"],"picked":"SKIP","floor":31},{"not_picked":["Reboot","Amplify"],"picked":"Buffer","floor":33},{"not_picked":["Ball Lightning","Steam Power+1","Reprogram"],"picked":"SKIP","floor":35},{"not_picked":["Compile Driver+1","Streamline","Blizzard+1"],"picked":"SKIP","floor":36},{"not_picked":["Compile Driver","Beam Cell"],"picked":"Turbo+1","floor":42},{"not_picked":["Conserve Battery","Reprogram+1","Beam Cell"],"picked":"Singing Bowl","floor":44},{"not_picked":["Rip and Tear","Melter+1","Tempest+1"],"picked":"Singing Bowl","floor":46},{"not_picked":["Go for the Eyes+1","Beam Cell"],"picked":"Buffer","floor":48},{"not_picked":["Conserve Battery+1","Sweeping Beam+1","Steam"],"picked":"Singing Bowl","floor":49},{"not_picked":["BootSequence+1","Steam"],"picked":"Barrage+1","floor":54}],"player_experience":152141,"relics_obtained":[{"floor":6,"key":"Whetstone"},{"floor":8,"key":"Strawberry"},{"floor":9,"key":"DataDisk"},{"floor":13,"key":"Matryoshka"},{"floor":21,"key":"Enchiridion"},{"floor":23,"key":"Dream Catcher"},{"floor":26,"key":"Tiny Chest"},{"floor":31,"key":"Pear"},{"floor":34,"key":"Juzu Bracelet"},{"floor":34,"key":"Dodecahedron"},{"floor":34,"key":"Gambling Chip"},{"floor":38,"key":"WingedGreaves"},{"floor":39,"key":"Centennial Puzzle"},{"floor":39,"key":"Singing Bowl"},{"floor":43,"key":"War Paint"},{"floor":46,"key":"Old Coin"},{"floor":47,"key":"Kunai"},{"floor":48,"key":"Mercury Hourglass"},{"floor":54,"key":"Lantern"}],"event_choices":[{"damage_healed":0,"gold_gain":0,"player_choice":"Trade","damage_taken":0,"relics_obtained":["SsserpentHead"],"max_hp_gain":0,"max_hp_loss":0,"event_name":"FaceTrader","floor":5,"gold_loss":0},{"damage_healed":0,"gold_gain":0,"player_choice":"Became a vampire","damage_taken":0,"max_hp_gain":0,"max_hp_loss":25,"event_name":"Vampires","floor":20,"gold_loss":0,"cards_obtained":["Bite","Bite","Bite","Bite","Bite"]},{"damage_healed":0,"gold_gain":0,"player_choice":"Obtained Book","damage_taken":16,"max_hp_gain":0,"max_hp_loss":0,"event_name":"Cursed Tome","floor":21,"gold_loss":0},{"damage_healed":0,"gold_gain":275,"player_choice":"Desecrate","damage_taken":0,"max_hp_gain":0,"max_hp_loss":0,"event_name":"Golden Shrine","floor":25,"gold_loss":0,"cards_obtained":["Regret"]},{"cards_removed":["Regret"],"damage_healed":0,"gold_gain":0,"player_choice":"Elegance","damage_taken":0,"max_hp_gain":0,"max_hp_loss":0,"event_name":"Back to Basics","floor":28,"gold_loss":0},{"damage_healed":0,"gold_gain":0,"player_choice":"Fight","damage_taken":0,"max_hp_gain":0,"max_hp_loss":0,"event_name":"MindBloom","floor":38,"gold_loss":0},{"cards_removed":["Decay"],"damage_healed":0,"gold_gain":0,"player_choice":"Offered Curse","damage_taken":0,"relics_obtained":["Spirit Poop"],"max_hp_gain":0,"max_hp_loss":0,"event_name":"Bonfire Elementals","floor":41,"gold_loss":0},{"damage_healed":0,"gold_gain":0,"player_choice":"Fight","damage_taken":0,"max_hp_gain":0,"max_hp_loss":0,"event_name":"Mysterious Sphere","floor":46,"gold_loss":0}],"is_beta":false,"boss_relics":[{"not_picked":["Ectoplasm","Velvet Choker"],"picked":"Cursed Key"},{"not_picked":["Astrolabe","Philosopher\u0027s Stone"],"picked":"Calling Bell"}],"items_purged_floors":[14,37,45,53],"is_endless":false,"potions_floor_spawned":[3,4,7,13,18,30,35,36,38,46],"killed_by":"The Heart","ascension_level":0}