{"gold_per_floor":[117,117,42,42,42,69,81,81,104,104,120,20,36,48,48,143,143,163,163],"floor_reached":19,"playtime":946,"items_purged":["Strike_R","Defend_R"],"score":184,"play_id":"9f1484c1-c719-422a-bb5b-b5ad94a7cffd","local_time":"20190726185919","is_ascension_mode":true,"campfire_choices":[{"floor":8,"key":"REST"},{"data":"Bash","floor":15,"key":"SMITH"}],"neow_cost":"NONE","seed_source_timestamp":182703849107205,"circlet_count":0,"master_deck":["Strike_R","Strike_R","Strike_R","Defend_R","Defend_R","Defend_R","Bash+1","Berserk","Burning Pact","Dark Embrace","Shrug It Off","Spot Weakness","Flame Barrier","Offering","Feel No Pain"],"relics":["Black Blood","Charon\u0027s Ashes","Happy Flower"],"potions_floor_usage":[16,19],"damage_taken":[{"damage":9,"enemies":"Jaw Worm","floor":1,"turns":3},{"damage":47,"enemies":"Gremlin Nob","floor":6,"turns":5},{"damage":14,"enemies":"Cultist","floor":7,"turns":4},{"damage":7,"enemies":"2 Louse","floor":11,"turns":3},{"damage":25,"enemies":"Blue Slaver","floor":13,"turns":5},{"damage":14,"enemies":"Looter","floor":14,"turns":3},{"damage":52,"enemies":"Slime Boss","floor":16,"turns":13},{"damage":49,"enemies":"Spheric Guardian","floor":18,"turns":6},{"damage":52,"enemies":"Masked Bandits","floor":19,"turns":3}],"seed_played":"973884489838530970","potions_obtained":[{"floor":1,"key":"Block Potion"},{"floor":13,"key":"Poison Potion"},{"floor":16,"key":"Dexterity Potion"},{"floor":18,"key":"GamblersBrew"}],"is_trial":false,"path_per_floor":["M","?","$","?","$","E","M","R","T","?","M","$","M","M","R","B",null,"M","?"],"character_chosen":"IRONCLAD","items_purchased":[],"campfire_rested":1,"item_purchase_floors":[],"current_hp_per_floor":[77,82,82,82,82,41,33,58,58,85,84,84,65,57,57,11,85,46,0],"gold":163,"neow_bonus":"ONE_RANDOM_RARE_CARD","is_prod":false,"is_daily":false,"chose_seed":false,"campfire_upgraded":1,"win_rate":0,"timestamp":1564192759,"path_taken":["M","?","$","?","?","E","?","R","T","?","M","$","M","?","R","BOSS","M","?"],"build_version":"2019-07-17","purchased_purges":2,"victory":false,"max_hp_per_floor":[80,85,85,85,85,85,85,85,85,85,85,85,85,85,85,85,85,85,85],"card_choices":[{"not_picked":["Body Slam","Second Wind"],"picked":"Burning Pact","floor":1},{"not_picked":["Sword Boomerang","Shockwave","Berserk"],"picked":"SKIP","floor":6},{"not_picked":["Anger","Twin Strike"],"picked":"Shrug It Off","floor":7},{"not_picked":["Combust","Thunderclap"],"picked":"Spot Weakness","floor":11},{"not_picked":["Thunderclap","Rupture","Body Slam"],"picked":"SKIP","floor":13},{"not_picked":["Uppercut","Cleave"],"picked":"Flame Barrier","floor":14},{"not_picked":["Barricade","Bludgeon"],"picked":"Offering","floor":16},{"not_picked":["Pommel Strike","Anger+1"],"picked":"Feel No Pain","floor":18}],"player_experience":223508,"relics_obtained":[{"floor":6,"key":"Charon\u0027s Ashes"},{"floor":9,"key":"Happy Flower"}],"event_choices":[{"damage_healed":0,"gold_gain":0,"player_choice":"Donut","damage_taken":0,"max_hp_gain":5,"max_hp_loss":0,"event_name":"Big Fish","floor":2,"gold_loss":0},{"damage_healed":0,"gold_gain":0,"cards_transformed":["Strike_R"],"player_choice":"Change","damage_taken":0,"max_hp_gain":0,"max_hp_loss":0,"event_name":"Living Wall","floor":4,"gold_loss":0,"cards_obtained":["Dark Embrace"]},{"damage_healed":27,"gold_gain":0,"player_choice":"Full Heal","damage_taken":0,"max_hp_gain":0,"max_hp_loss":0,"event_name":"Wheel of Change","floor":10,"gold_loss":0},{"damage_healed":0,"gold_gain":0,"player_choice":"Fought Bandits","damage_taken":0,"max_hp_gain":0,"max_hp_loss":0,"event_name":"Masked Bandits","floor":19,"gold_loss":0}],"is_beta":false,"boss_relics":[{"not_picked":["Runic Cube","White Beast Statue"],"picked":"Black Blood"}],"items_purged_floors":[3,12],"is_endless":false,"potions_floor_spawned":[1,13,16,18],"killed_by":"Masked Bandits","ascension_level":2}