{"gold_per_floor":[218,218,1,1,13,13,29,45,45,63,63],"floor_reached":11,"playtime":423,"items_purged":[],"score":120,"play_id":"950a8c9a-c785-40a3-af3f-e98aaa7c8af9","local_time":"20190805170518","is_ascension_mode":true,"campfire_choices":[{"data":"Zap","floor":6.0,"key":"SMITH"}],"neow_cost":"NONE","seed_source_timestamp":2310496700750027,"circlet_count":0,"master_deck":["AscendersBane","Strike_B","Strike_B","Strike_B","Defend_B","Defend_B","Defend_B","Defend_B+1","Zap+1","Dualcast","Genetic Algorithm","FTL","Leap","Tempest","Ball Lightning","Conserve Battery","Coolheaded+1","BootSequence"],"special_seed":0,"relics":["Cracked Core","War Paint"],"potions_floor_usage":[11,11],"damage_taken":[{"damage":5.0,"enemies":"2 Louse","floor":1.0,"turns":3.0},{"damage":6.0,"enemies":"Jaw Worm","floor":5.0,"turns":3.0},{"damage":10.0,"enemies":"Small Slimes","floor":7.0,"turns":3.0},{"damage":2.0,"enemies":"Red Slaver","floor":8.0,"turns":3.0},{"damage":26,"enemies":"Gremlin Gang","floor":10,"turns":6},{"damage":36,"enemies":"Gremlin Nob","floor":11,"turns":3}],"seed_played":"-9036525547119543415","potions_obtained":[{"floor":5.0,"key":"Swift Potion"},{"floor":10,"key":"Swift Potion"}],"is_trial":false,"path_per_floor":["M","?","$","?","M","R","M","M","T","M","E"],"character_chosen":"DEFECT","items_purchased":["FTL","Leap","Tempest"],"campfire_rested":0,"item_purchase_floors":[3,3,3],"current_hp_per_floor":[59,59,59,52,46,46,36,34,34,8,0],"gold":63,"neow_bonus":"HUNDRED_GOLD","is_prod":false,"is_daily":false,"chose_seed":false,"campfire_upgraded":1,"win_rate":0,"timestamp":1565042718,"path_taken":["M","?","$","?","M","R","M","M","T","M","E"],"build_version":"2019-07-17","purchased_purges":0,"victory":false,"max_hp_per_floor":[71,71,71,71,71,71,71,71,71,71,71],"card_choices":[{"not_picked":["Turbo","Tempest"],"picked":"Genetic Algorithm","floor":1.0},{"not_picked":["Aggregate","Coolheaded"],"picked":"Ball Lightning","floor":5.0},{"not_picked":["Steam Power","Compile Driver"],"picked":"Conserve Battery","floor":7.0},{"not_picked":["Stack","Steam"],"picked":"Coolheaded","floor":8.0},{"not_picked":["Reprogram","Capacitor"],"picked":"BootSequence","floor":10}],"player_experience":417940,"relics_obtained":[{"floor":9.0,"key":"War Paint"}],"event_choices":[{"damage_healed":0.0,"max_hp_gain":0.0,"max_hp_loss":0.0,"gold_gain":0.0,"event_name":"The Cleric","player_choice":"Leave","floor":2.0,"gold_loss":0.0,"damage_taken":0.0},{"cards_removed":["Strike_B"],"damage_healed":0.0,"max_hp_gain":0.0,"max_hp_loss":0.0,"gold_gain":0.0,"event_name":"Golden Wing","player_choice":"Card Removal","floor":4.0,"gold_loss":0.0,"damage_taken":7.0}],"is_beta":false,"boss_relics":[],"items_purged_floors":[],"is_endless":false,"potions_floor_spawned":[5,10],"killed_by":"Gremlin Nob","ascension_level":17}