{"gold_per_floor":[114,114,138,159,182,226,226,244,270,291,291,307,328,359,359,489,489,513,39,54,75,75,75],"floor_reached":23,"playtime":1139,"items_purged":["Strike_B"],"score":207,"play_id":"ee894af0-bbe4-4b67-89c5-0f511092a6a6","local_time":"20190610164135","is_ascension_mode":false,"campfire_choices":[{"data":"Zap","floor":7,"key":"SMITH"},{"floor":15,"key":"REST"}],"neow_cost":"NONE","seed_source_timestamp":276115903423926,"circlet_count":0,"master_deck":["Strike_B","Defend_B","Defend_B","Defend_B","Defend_B","Zap+1","Dualcast","Rip and Tear","Cold Snap","Leap","Ball Lightning","Seek","Sunder","Doom and Gloom","Stack","Capacitor","Capacitor","Creative AI","Consume","Defragment","Conserve Battery","Barrage","RitualDagger"],"relics":["Cracked Core","Golden Idol","Darkstone Periapt","Art of War","Dream Catcher","Cursed Key","Bird Faced Urn"],"potions_floor_usage":[21,23],"damage_taken":[{"damage":0,"enemies":"2 Louse","floor":1,"turns":3},{"damage":5,"enemies":"Small Slimes","floor":3,"turns":2},{"damage":0,"enemies":"Jaw Worm","floor":4,"turns":3},{"damage":0,"enemies":"2 Fungi Beasts","floor":5,"turns":3},{"damage":18,"enemies":"Gremlin Nob","floor":6,"turns":4},{"damage":3,"enemies":"Exordium Thugs","floor":8,"turns":3},{"damage":2,"enemies":"3 Louse","floor":10,"turns":2},{"damage":0,"enemies":"Large Slime","floor":12,"turns":4},{"damage":5,"enemies":"Exordium Thugs","floor":13,"turns":2},{"damage":13,"enemies":"Lagavulin","floor":14,"turns":5},{"damage":22,"enemies":"The Guardian","floor":16,"turns":9},{"damage":32,"enemies":"2 Thieves","floor":18,"turns":5},{"damage":12,"enemies":"Chosen","floor":20,"turns":7},{"damage":22,"enemies":"Snake Plant","floor":21,"turns":6},{"damage":52,"enemies":"Gremlin Leader","floor":23,"turns":5}],"seed_played":"5196184832636145121","potions_obtained":[{"floor":1,"key":"Ancient Potion"},{"floor":6,"key":"SkillPotion"},{"floor":10,"key":"EntropicBrew"},{"floor":12,"key":"SpeedPotion"},{"floor":21,"key":"GamblersBrew"}],"is_trial":false,"path_per_floor":["M","?","M","M","M","E","R","M","T","M","?","M","M","E","R","B",null,"M","$","M","M","?","E"],"character_chosen":"DEFECT","items_purchased":["Bird Faced Urn","Defragment","Conserve Battery"],"campfire_rested":1,"item_purchase_floors":[19,19,19],"current_hp_per_floor":[75,57,52,52,52,34,34,31,31,29,22,22,17,4,26,4,75,43,43,45,45,39,0],"gold":75,"neow_bonus":"REMOVE_CARD","is_prod":false,"is_daily":false,"chose_seed":false,"campfire_upgraded":1,"win_rate":0,"timestamp":1560202895,"path_taken":["M","?","M","M","M","E","R","M","T","M","?","M","M","E","R","BOSS","M","$","M","M","?","E"],"build_version":"2019-01-23","purchased_purges":1,"victory":false,"max_hp_per_floor":[75,75,75,75,75,75,75,75,75,75,75,75,75,75,75,75,75,75,75,75,75,75,75],"card_choices":[{"not_picked":["Glacier","Coolheaded"],"picked":"Rip and Tear","floor":1},{"not_picked":["Gash","Compile Driver"],"picked":"Cold Snap","floor":3},{"not_picked":["Scrape","Cold Snap"],"picked":"Leap","floor":4},{"not_picked":["Cold Snap","Coolheaded"],"picked":"Ball Lightning","floor":5},{"not_picked":["Tempest","Hologram"],"picked":"Seek","floor":6},{"not_picked":["Steam","Cold Snap"],"picked":"Sunder","floor":8},{"not_picked":["Fusion","Sweeping Beam"],"picked":"Doom and Gloom","floor":10},{"not_picked":["Redo","Static Discharge","Streamline"],"picked":"SKIP","floor":12},{"not_picked":["Reboot","Streamline"],"picked":"Stack","floor":13},{"not_picked":["Go for the Eyes","Recycle"],"picked":"Capacitor","floor":14},{"not_picked":["Redo","White Noise"],"picked":"Capacitor","floor":15},{"not_picked":["Seek","Biased Cognition"],"picked":"Creative AI","floor":16},{"not_picked":["Streamline+1","Go for the Eyes"],"picked":"Consume","floor":18},{"not_picked":["Tempest","Sweeping Beam"],"picked":"Barrage","floor":20},{"not_picked":["Redo","Compile Driver","Ball Lightning"],"picked":"SKIP","floor":21}],"player_experience":158170,"relics_obtained":[{"floor":6,"key":"Darkstone Periapt"},{"floor":9,"key":"Art of War"},{"floor":14,"key":"Dream Catcher"}],"event_choices":[{"damage_healed":0,"gold_gain":0,"player_choice":"Take Damage","damage_taken":18,"relics_obtained":["Golden Idol"],"max_hp_gain":0,"max_hp_loss":0,"event_name":"Golden Idol","floor":2,"gold_loss":0},{"cards_removed":["Strike_B"],"damage_healed":0,"gold_gain":0,"player_choice":"Card Removal","damage_taken":7,"max_hp_gain":0,"max_hp_loss":0,"event_name":"Golden Wing","floor":11,"gold_loss":0},{"damage_healed":0,"gold_gain":0,"player_choice":"Joined the Cult","damage_taken":6,"max_hp_gain":0,"max_hp_loss":0,"event_name":"Nest","floor":22,"gold_loss":0,"cards_obtained":["RitualDagger"]}],"is_beta":false,"boss_relics":[{"not_picked":["Astrolabe","Busted Crown"],"picked":"Cursed Key"}],"items_purged_floors":[19],"is_endless":false,"potions_floor_spawned":[1,6,10,12,13,14,20,21],"killed_by":"Gremlin Leader","ascension_level":0}