{"gold_per_floor":[119,119,394,405,415,415,427,427,427,69,69,69,69,32,32,32],"floor_reached":16,"playtime":346,"items_purged":["Regret"],"score":154,"play_id":"8a179dd0-e43a-41d7-88d0-b7517d17c5cf","local_time":"20190722225023","is_ascension_mode":true,"campfire_choices":[{"data":"Defragment","floor":6,"key":"SMITH"},{"floor":8,"key":"REST"},{"floor":12,"key":"REST"},{"floor":15,"key":"REST"}],"neow_cost":"NONE","seed_source_timestamp":118006689981268,"circlet_count":0,"master_deck":["AscendersBane","Strike_B","Strike_B","Defend_B","Defend_B","Defend_B","Defend_B","Zap","Dualcast","Gash","Steam","Defragment+1","Defragment","Undo+1"],"relics":["Cracked Core","Pen Nib","Cables","Medical Kit","Toxic Egg 2"],"potions_floor_usage":[16,16],"damage_taken":[{"damage":7,"enemies":"Small Slimes","floor":1,"turns":3},{"damage":8,"enemies":"2 Louse","floor":4,"turns":2},{"damage":3,"enemies":"Cultist","floor":5,"turns":3},{"damage":37,"enemies":"Exordium Thugs","floor":7,"turns":5},{"damage":53,"enemies":"Slime Boss","floor":16,"turns":10}],"seed_played":"-7213256431884098948","potions_obtained":[{"floor":4,"key":"EssenceOfSteel"},{"floor":7,"key":"Weak Potion"}],"is_trial":false,"path_per_floor":["M","?","?","M","M","R","M","R","T","$","?","R","?","$","R","B"],"character_chosen":"DEFECT","items_purchased":["Medical Kit","Defragment","Undo+1"],"campfire_rested":3,"item_purchase_floors":[10,10,14],"current_hp_per_floor":[57,50,50,42,39,39,2,23,23,23,5,26,26,26,47,0],"gold":32,"neow_bonus":"RANDOM_COMMON_RELIC","is_prod":false,"is_daily":false,"chose_seed":false,"campfire_upgraded":1,"win_rate":0,"timestamp":1563850223,"path_taken":["M","?","?","?","M","R","M","R","T","?","?","R","?","$","R","BOSS"],"build_version":"2019-07-17","purchased_purges":1,"victory":false,"max_hp_per_floor":[71,71,71,71,71,71,71,71,71,71,71,71,71,71,71,71],"card_choices":[{"not_picked":["Leap","Rebound"],"picked":"Gash","floor":1},{"not_picked":["Go for the Eyes","Reinforced Body"],"picked":"Steam","floor":4},{"not_picked":["Streamline","Recycle"],"picked":"Defragment","floor":5},{"not_picked":["Tempest","Compile Driver","Melter"],"picked":"SKIP","floor":7}],"player_experience":718817,"relics_obtained":[{"floor":9,"key":"Cables"}],"event_choices":[{"cards_removed":["Strike_B"],"damage_healed":0,"gold_gain":0,"player_choice":"Card Removal","damage_taken":7,"max_hp_gain":0,"max_hp_loss":0,"event_name":"Golden Wing","floor":2,"gold_loss":0},{"damage_healed":0,"gold_gain":275,"player_choice":"Desecrate","damage_taken":0,"max_hp_gain":0,"max_hp_loss":0,"event_name":"Golden Shrine","floor":3,"gold_loss":0,"cards_obtained":["Regret"]},{"damage_healed":0,"gold_gain":0,"player_choice":"Success","damage_taken":18,"relics_obtained":["Toxic Egg 2"],"max_hp_gain":0,"max_hp_loss":0,"event_name":"Scrap Ooze","floor":11,"gold_loss":0},{"cards_removed":["Strike_B"],"damage_healed":0,"gold_gain":0,"player_choice":"Purged","damage_taken":0,"max_hp_gain":0,"max_hp_loss":0,"event_name":"Purifier","floor":13,"gold_loss":0}],"is_beta":false,"boss_relics":[],"items_purged_floors":[10],"is_endless":false,"potions_floor_spawned":[4,7],"killed_by":"Slime Boss","ascension_level":15}