{"gold_per_floor":[112,62,62,74,90,110,110,145,445,462,35,67,67,80,80,157,157,108,122,140,40,40],"floor_reached":22,"playtime":3715,"items_purged":["Strike_G","Strike_G"],"score":396,"play_id":"7b673f5a-b3fe-43d9-b4ea-40b2cab1d3f9","local_time":"20190815191628","is_ascension_mode":true,"campfire_choices":[{"data":"Skewer","floor":7.0,"key":"SMITH"},{"data":"1","floor":15.0,"key":"LIFT"}],"neow_cost":"CURSE","seed_source_timestamp":35279786671600,"circlet_count":0,"master_deck":["AscendersBane","Strike_G","Strike_G","Strike_G","Defend_G","Defend_G","Defend_G","Defend_G","Defend_G","Survivor","Neutralize","Burst","Dodge and Roll","Blade Dance","Bouncing Flask","Unload","Skewer+1","Dodge and Roll","Sadistic Nature","PiercingWail","Poisoned Stab","Glass Knife","Dagger Spray","Cloak And Dagger","Dodge and Roll","Blade Dance","Quick Slash+1","PiercingWail"],"special_seed":0,"relics":["Ring of the Snake","Torii","Old Coin","Girya","Orrery"],"potions_floor_usage":[18,20,22],"damage_taken":[{"damage":7.0,"enemies":"Cultist","floor":1.0,"turns":6.0},{"damage":9.0,"enemies":"Jaw Worm","floor":4.0,"turns":6.0},{"damage":0.0,"enemies":"2 Louse","floor":5.0,"turns":3.0},{"damage":8.0,"enemies":"Exordium Wildlife","floor":6.0,"turns":5.0},{"damage":2.0,"enemies":"3 Sentries","floor":8.0,"turns":11.0},{"damage":1.0,"enemies":"3 Louse","floor":10.0,"turns":3.0},{"damage":9.0,"enemies":"Gremlin Nob","floor":12.0,"turns":4.0},{"damage":0.0,"enemies":"2 Fungi Beasts","floor":14.0,"turns":3.0},{"damage":22.0,"enemies":"The Guardian","floor":16.0,"turns":13.0},{"damage":9,"enemies":"2 Thieves","floor":18,"turns":5},{"damage":22,"enemies":"Spheric Guardian","floor":19,"turns":4},{"damage":8,"enemies":"3 Cultists","floor":20,"turns":4},{"damage":19,"enemies":"Sentry and Sphere","floor":22,"turns":3}],"seed_played":"-3734785646712096027","potions_obtained":[{"floor":4.0,"key":"EssenceOfSteel"},{"floor":6.0,"key":"Regen Potion"},{"floor":8.0,"key":"SkillPotion"},{"floor":12.0,"key":"SteroidPotion"},{"floor":13.0,"key":"Dexterity Potion"},{"floor":19,"key":"SkillPotion"},{"floor":20,"key":"Swift Potion"}],"is_trial":false,"path_per_floor":["M","$","?","M","M","M","R","E","T","M","$","E","?","M","R","B",null,"M","M","M","$","M"],"character_chosen":"THE_SILENT","items_purchased":["Blade Dance","Sadistic Nature","GhostInAJar","PiercingWail"],"campfire_rested":0,"item_purchase_floors":[2,11,11,11],"current_hp_per_floor":[52,52,52,43,43,35,35,48,48,47,47,38,38,38,38,16,54,45,23,15,15,0],"gold":40,"neow_bonus":"THREE_RARE_CARDS","is_prod":false,"is_daily":false,"chose_seed":false,"campfire_upgraded":1,"win_rate":0,"timestamp":1565889388,"path_taken":["M","$","?","M","?","?","R","E","T","M","?","E","?","M","R","BOSS","M","?","M","?","M"],"build_version":"2019-07-17","purchased_purges":2,"victory":false,"max_hp_per_floor":[66,66,66,66,66,66,66,66,66,66,66,66,66,66,66,66,66,66,66,66,66,66],"card_choices":[{"not_picked":["Malaise","Unload"],"picked":"Burst","floor":0.0},{"not_picked":["Dagger Throw","Sucker Punch"],"picked":"Dodge and Roll","floor":1.0},{"not_picked":["All Out Attack","Cloak And Dagger"],"picked":"Bouncing Flask","floor":4.0},{"not_picked":["Dagger Spray","Flying Knee"],"picked":"Unload","floor":5.0},{"not_picked":["Dagger Throw","Noxious Fumes"],"picked":"Skewer","floor":6.0},{"not_picked":["Sucker Punch","Expertise","Reflex"],"picked":"SKIP","floor":8.0},{"not_picked":["Predator","Endless Agony"],"picked":"Dodge and Roll","floor":10.0},{"not_picked":["Escape Plan","Grand Finale"],"picked":"Poisoned Stab","floor":12.0},{"not_picked":["Dodge and Roll","Slice","Dash"],"picked":"SKIP","floor":14.0},{"not_picked":["Malaise","Tools of the Trade"],"picked":"Glass Knife","floor":16.0},{"not_picked":["Dodge and Roll","Distraction"],"picked":"Dagger Spray","floor":17.0},{"not_picked":["Expertise","Acrobatics"],"picked":"Cloak And Dagger","floor":17.0},{"not_picked":["Flying Knee","Sucker Punch"],"picked":"Dodge and Roll","floor":17.0},{"not_picked":["Deflect","Slice"],"picked":"Blade Dance","floor":17.0},{"not_picked":["Underhanded Strike","Outmaneuver","Cloak And Dagger"],"picked":"SKIP","floor":18},{"not_picked":["Deflect+1","All Out Attack"],"picked":"Quick Slash+1","floor":19},{"not_picked":["Deadly Poison","Escape Plan"],"picked":"PiercingWail","floor":20}],"player_experience":1029577,"relics_obtained":[{"floor":8.0,"key":"Torii"},{"floor":9.0,"key":"Old Coin"},{"floor":12.0,"key":"Girya"}],"event_choices":[{"cards_removed":["Writhe"],"damage_healed":0.0,"max_hp_gain":0.0,"max_hp_loss":0.0,"gold_gain":0.0,"event_name":"Fountain of Cleansing","player_choice":"Removed Curses","floor":3.0,"gold_loss":0.0,"damage_taken":0.0},{"damage_healed":0.0,"max_hp_gain":0.0,"max_hp_loss":0.0,"gold_gain":0.0,"event_name":"Lab","player_choice":"Got Potions","floor":13.0,"gold_loss":0.0,"damage_taken":0.0}],"is_beta":false,"boss_relics":[{"not_picked":["White Beast Statue","Coffee Dripper"],"picked":"Orrery"}],"items_purged_floors":[11,21],"is_endless":false,"potions_floor_spawned":[4,6,8,12,19,20],"killed_by":"Sentry and Sphere","ascension_level":20}