{"gold_per_floor":[110,122,72,72,84,111,111,145,145,111,124,138,156,169,169,265,265,280,300,300,300],"floor_reached":21,"playtime":1160,"items_purged":[],"score":290,"play_id":"0702529f-3a74-48d8-8e15-bed9275ff3d4","local_time":"20190622212502","is_ascension_mode":true,"campfire_choices":[{"data":"Body Slam","floor":7,"key":"SMITH"},{"data":"Body Slam","floor":15,"key":"SMITH"}],"neow_cost":"NONE","seed_source_timestamp":176063783891582,"circlet_count":0,"master_deck":["AscendersBane","Bash","Pommel Strike","Shrug It Off","Body Slam+1","True Grit","Corruption","Body Slam+1","Second Wind","Fiend Fire","Pummel","Cleave","Shockwave","Thunderclap","Hemokinesis","Limit Break","Demon Form","Immolate","Heavy Blade","Flex+1","Dark Shackles"],"special_seed":0,"relics":["Burning Blood","Self Forming Clay","Matryoshka","Pen Nib","Letter Opener","Pandora\u0027s Box"],"potions_floor_usage":[6,6,12,16,16],"damage_taken":[{"damage":10.0,"enemies":"Jaw Worm","floor":1.0,"turns":5.0},{"damage":1,"enemies":"Cultist","floor":2,"turns":3},{"damage":0,"enemies":"2 Louse","floor":5,"turns":2},{"damage":12,"enemies":"Gremlin Nob","floor":6,"turns":4},{"damage":28,"enemies":"Lagavulin","floor":8,"turns":8},{"damage":11,"enemies":"Red Slaver","floor":11,"turns":5},{"damage":0,"enemies":"Looter","floor":12,"turns":3},{"damage":4,"enemies":"Blue Slaver","floor":13,"turns":5},{"damage":13,"enemies":"Large Slime","floor":14,"turns":8},{"damage":65,"enemies":"Slime Boss","floor":16,"turns":15},{"damage":19,"enemies":"Chosen","floor":18,"turns":4},{"damage":30,"enemies":"2 Thieves","floor":19,"turns":4},{"damage":38,"enemies":"Cultist and Chosen","floor":21,"turns":4}],"seed_played":"-3053348726010873618","potions_obtained":[{"floor":1.0,"key":"Weak Potion"},{"floor":4,"key":"Regen Potion"},{"floor":4,"key":"SneckoOil"},{"floor":8,"key":"Fruit Juice"},{"floor":11,"key":"Block Potion"},{"floor":13,"key":"GamblersBrew"},{"floor":19,"key":"Explosive Potion"}],"is_trial":false,"path_per_floor":["M","M","?","?","M","E","R","E","T","$","M","M","M","M","R","B",null,"M","M","?","M"],"character_chosen":"IRONCLAD","items_purchased":["Corruption"],"campfire_rested":0,"item_purchase_floors":[10],"current_hp_per_floor":[76,81,81,81,87,81,81,59,59,59,54,60,62,55,55,11,69,56,32,32,0],"gold":300,"neow_bonus":"TEN_PERCENT_HP_BONUS","is_prod":false,"is_daily":false,"chose_seed":false,"campfire_upgraded":2,"win_rate":0,"timestamp":1561256702,"path_taken":["M","M","?","?","?","E","R","E","T","$","M","M","M","M","R","BOSS","M","M","?","?"],"build_version":"2019-01-23","purchased_purges":0,"victory":false,"max_hp_per_floor":[88,88,88,88,88,88,88,88,88,88,88,88,88,88,88,88,88,88,88,88,88],"card_choices":[{"not_picked":["Ghostly Armor","Corruption"],"picked":"Pommel Strike","floor":1.0},{"not_picked":["Havoc","Entrench"],"picked":"Shrug It Off","floor":2},{"not_picked":["Heavy Blade","Shrug It Off","Sentinel"],"picked":"SKIP","floor":5},{"not_picked":["Bludgeon","Pommel Strike"],"picked":"Body Slam","floor":6},{"not_picked":["Bludgeon","Iron Wave"],"picked":"True Grit","floor":8},{"not_picked":["Thunderclap","Clash","Perfected Strike"],"picked":"SKIP","floor":11},{"not_picked":["Fire Breathing","Sword Boomerang"],"picked":"Body Slam","floor":12},{"not_picked":["Fiend Fire","Sword Boomerang"],"picked":"Second Wind","floor":13},{"not_picked":["Twin Strike","Anger","Sword Boomerang"],"picked":"SKIP","floor":14},{"not_picked":["Berserk","Limit Break"],"picked":"Fiend Fire","floor":16},{"not_picked":["Pommel Strike","Power Through"],"picked":"Heavy Blade","floor":18},{"not_picked":["Anger+1","True Grit"],"picked":"Flex+1","floor":19}],"player_experience":258409,"relics_obtained":[{"floor":6,"key":"Self Forming Clay"},{"floor":8,"key":"Matryoshka"},{"floor":9,"key":"Pen Nib"},{"floor":9,"key":"Letter Opener"}],"event_choices":[{"cards_removed":["Strike_R"],"damage_healed":0,"gold_gain":0,"player_choice":"Card Removal","damage_taken":0,"max_hp_gain":0,"max_hp_loss":0,"event_name":"The Cleric","floor":3,"gold_loss":50},{"damage_healed":0,"gold_gain":0,"player_choice":"Got Potions","damage_taken":0,"max_hp_gain":0,"max_hp_loss":0,"event_name":"Lab","floor":4,"gold_loss":0},{"damage_healed":0,"gold_gain":0,"player_choice":"1 cards matched","damage_taken":0,"max_hp_gain":0,"max_hp_loss":0,"event_name":"Match and Keep!","floor":20,"gold_loss":0,"cards_obtained":["Dark Shackles"]}],"is_beta":false,"boss_relics":[{"not_picked":["White Beast Statue","Busted Crown"],"picked":"Pandora\u0027s Box"}],"items_purged_floors":[],"is_endless":false,"potions_floor_spawned":[1,8,11,13,19],"killed_by":"Cultist and Chosen","ascension_level":10}