{"gold_per_floor":[115,130,148,148,164,196,214,139,139,151,151,166,166,166,166,271,271,290,290,309,319,219,252,252,252,275,275,275,287,303,317,317,416,416,426,438,486,486,486,486,486,497,524,558,571,587,168,185,185,185],"floor_reached":50,"playtime":2369,"items_purged":["Writhe","Strike_G","Strike_G"],"score":653,"play_id":"63185571-0c55-42af-96af-5041a9ecae86","local_time":"20190817024435","is_ascension_mode":true,"campfire_choices":[{"data":"Crippling Poison","floor":11,"key":"SMITH"},{"data":"Terror","floor":13,"key":"SMITH"},{"data":"Poisoned Stab","floor":15,"key":"SMITH"},{"data":"Neutralize","floor":24,"key":"SMITH"},{"data":"Survivor","floor":28,"key":"SMITH"},{"floor":32,"key":"REST"},{"data":"Dash","floor":40,"key":"SMITH"},{"floor":49,"key":"REST"}],"neow_cost":"CURSE","seed_source_timestamp":125402605868100,"circlet_count":0,"master_deck":["Strike_G","Strike_G","Defend_G","Defend_G","Defend_G","Defend_G","Defend_G","Survivor+1","Neutralize+1","Terror+1","Crippling Poison+1","Poisoned Stab+1","Deadly Poison+1","Acrobatics+1","Adrenaline+1","Deadly Poison+1","Catalyst+1","Corpse Explosion+1","Bullet Time+1","Dash+1","Backstab+1"],"relics":["Ring of the Snake","Ice Cream","Singing Bowl","WingedGreaves","Toxic Egg 2","Philosopher\u0027s Stone","MutagenicStrength","Mercury Hourglass","Potion Belt","Busted Crown","Calipers","Centennial Puzzle","Ginger","Lantern"],"potions_floor_usage":[10,16,16,21,23,29,31,37,44,50,50,50,50,50],"damage_taken":[{"damage":0,"enemies":"2 Louse","floor":1,"turns":4},{"damage":2,"enemies":"Jaw Worm","floor":2,"turns":6},{"damage":8,"enemies":"Small Slimes","floor":3,"turns":6},{"damage":8,"enemies":"Looter","floor":5,"turns":3},{"damage":23,"enemies":"Lagavulin","floor":6,"turns":8},{"damage":11,"enemies":"Exordium Wildlife","floor":7,"turns":6},{"damage":0,"enemies":"3 Louse","floor":10,"turns":1},{"damage":1,"enemies":"2 Fungi Beasts","floor":12,"turns":3},{"damage":18,"enemies":"Hexaghost","floor":16,"turns":8},{"damage":2,"enemies":"Chosen","floor":18,"turns":4},{"damage":3,"enemies":"2 Thieves","floor":20,"turns":4},{"damage":16,"enemies":"Sentry and Sphere","floor":21,"turns":5},{"damage":17,"enemies":"Slavers","floor":23,"turns":5},{"damage":14,"enemies":"Shelled Parasite and Fungi","floor":29,"turns":3},{"damage":6,"enemies":"Centurion and Healer","floor":30,"turns":2},{"damage":0,"enemies":"Cultist and Chosen","floor":31,"turns":2},{"damage":11,"enemies":"Champ","floor":33,"turns":5},{"damage":12,"enemies":"Orb Walker","floor":35,"turns":3},{"damage":0,"enemies":"3 Shapes","floor":36,"turns":3},{"damage":13,"enemies":"2 Orb Walkers","floor":37,"turns":2},{"damage":0,"enemies":"Transient","floor":42,"turns":5},{"damage":9,"enemies":"Reptomancer","floor":44,"turns":3},{"damage":12,"enemies":"Spire Growth","floor":45,"turns":3},{"damage":16,"enemies":"3 Darklings","floor":46,"turns":3},{"damage":0,"enemies":"Sphere and 2 Shapes","floor":48,"turns":2},{"damage":77,"enemies":"Awakened One","floor":50,"turns":11}],"seed_played":"3477681183709697678","potions_obtained":[{"floor":2,"key":"Explosive Potion"},{"floor":7,"key":"PowerPotion"},{"floor":10,"key":"GamblersBrew"},{"floor":12,"key":"Energy Potion"},{"floor":20,"key":"Swift Potion"},{"floor":21,"key":"Block Potion"},{"floor":29,"key":"GamblersBrew"},{"floor":33,"key":"Swift Potion"},{"floor":42,"key":"Regen Potion"},{"floor":45,"key":"Fire Potion"},{"floor":48,"key":"SkillPotion"}],"is_trial":false,"path_per_floor":["M","M","M","?","M","E","M","$","T","M","R","M","R","?","R","B",null,"M","?","M","M","$","E","R","?","T","?","R","M","M","M","R","B",null,"M","M","?","?","?","R","?","M","T","E","M","M","$","M","R","B"],"character_chosen":"THE_SILENT","items_purchased":["Lantern","SpeedPotion","Poison Potion","Energy Potion"],"campfire_rested":2,"item_purchase_floors":[47,47,47,47],"current_hp_per_floor":[70,68,60,53,45,24,15,15,15,15,15,14,14,38,38,20,74,74,74,73,57,57,40,40,40,40,40,40,28,24,24,48,39,84,74,76,63,63,65,65,65,67,67,72,60,46,46,48,76,0],"gold":185,"neow_bonus":"ONE_RARE_RELIC","is_prod":false,"is_daily":false,"chose_seed":false,"campfire_upgraded":6,"win_rate":0,"timestamp":1565973875,"path_taken":["M","M","M","?","M","E","M","$","T","M","R","M","R","?","R","BOSS","M","?","M","M","$","E","R","?","T","?","R","M","M","M","R","BOSS","M","M","?","?","?","R","?","?","T","E","M","M","?","M","R","BOSS"],"build_version":"2019-07-17","purchased_purges":3,"victory":false,"max_hp_per_floor":[70,70,70,70,70,72,74,74,74,74,74,74,74,74,74,74,74,76,76,78,78,78,78,78,78,78,78,78,80,82,82,82,84,84,86,88,88,84,86,86,86,88,88,90,90,92,92,94,94,94],"card_choices":[{"not_picked":["Deflect","Cloak And Dagger"],"picked":"Terror","floor":1},{"not_picked":["PiercingWail","Prepared","Bane"],"picked":"SKIP","floor":2},{"not_picked":["Dagger Spray","Deadly Poison"],"picked":"Crippling Poison","floor":3},{"not_picked":["Footwork","PiercingWail"],"picked":"Poisoned Stab","floor":5},{"not_picked":["Cloak And Dagger","Venomology","Dash"],"picked":"Singing Bowl","floor":6},{"not_picked":["Acrobatics","Outmaneuver","Bane"],"picked":"Singing Bowl","floor":7},{"not_picked":["Slice","Sucker Punch"],"picked":"Deadly Poison+1","floor":10},{"not_picked":["Sucker Punch","Blade Dance+1"],"picked":"Acrobatics+1","floor":12},{"not_picked":["Unload","Wraith Form v2"],"picked":"Adrenaline+1","floor":16},{"not_picked":["Accuracy","Slice","Poisoned Stab"],"picked":"Singing Bowl","floor":18},{"not_picked":["Quick Slash","Escape Plan+1","Infinite Blades"],"picked":"Singing Bowl","floor":20},{"not_picked":["Bouncing Flask+1","Quick Slash+1"],"picked":"Deadly Poison+1","floor":21},{"not_picked":["Dagger Spray","Backflip+1"],"picked":"Catalyst+1","floor":23},{"not_picked":["Infinite Blades","Eviscerate","Prepared+1"],"picked":"Singing Bowl","floor":29},{"not_picked":["Sucker Punch","Dagger Spray","Distraction+1"],"picked":"Singing Bowl","floor":30},{"not_picked":["Masterful Stab","Footwork"],"picked":"Bullet Time+1","floor":31},{"not_picked":["Tools of the Trade","Storm of Steel+1","Doppelganger+1"],"picked":"Singing Bowl","floor":33},{"not_picked":["Deflect+1"],"picked":"Singing Bowl","floor":35},{"not_picked":["Cloak And Dagger+1"],"picked":"Singing Bowl","floor":36},{"not_picked":[],"picked":"Dash","floor":37},{"not_picked":["Magnetism"],"picked":"Singing Bowl","floor":39},{"not_picked":["Dagger Throw"],"picked":"Singing Bowl","floor":42},{"not_picked":["Flechettes"],"picked":"Singing Bowl","floor":44},{"not_picked":[],"picked":"Backstab+1","floor":45},{"not_picked":["Dodge and Roll+1"],"picked":"Singing Bowl","floor":46},{"not_picked":["Cloak And Dagger+1"],"picked":"Singing Bowl","floor":48}],"player_experience":48377,"relics_obtained":[{"floor":6,"key":"WingedGreaves"},{"floor":9,"key":"Toxic Egg 2"},{"floor":23,"key":"Mercury Hourglass"},{"floor":26,"key":"Potion Belt"},{"floor":37,"key":"Calipers"},{"floor":43,"key":"Centennial Puzzle"},{"floor":44,"key":"Ginger"}],"event_choices":[{"damage_healed":0,"gold_gain":0,"player_choice":"Success","damage_taken":7,"relics_obtained":["Singing Bowl"],"max_hp_gain":0,"max_hp_loss":0,"event_name":"Scrap Ooze","floor":4,"gold_loss":0},{"damage_healed":24,"gold_gain":0,"player_choice":"Banana","damage_taken":0,"max_hp_gain":0,"max_hp_loss":0,"event_name":"Big Fish","floor":14,"gold_loss":0},{"damage_healed":0,"gold_gain":0,"player_choice":"Inject Mutagens","damage_taken":0,"relics_obtained":["MutagenicStrength"],"max_hp_gain":0,"max_hp_loss":0,"event_name":"Drug Dealer","floor":19,"gold_loss":0},{"damage_healed":0,"gold_gain":0,"player_choice":"Read","damage_taken":0,"max_hp_gain":0,"max_hp_loss":0,"event_name":"The Library","floor":25,"gold_loss":0,"cards_obtained":["Corpse Explosion"]},{"damage_healed":0,"gold_gain":0,"player_choice":"Ignored","damage_taken":0,"max_hp_gain":0,"max_hp_loss":0,"event_name":"Cursed Tome","floor":27,"gold_loss":0},{"damage_healed":0,"gold_gain":0,"player_choice":"Fight","damage_taken":0,"max_hp_gain":0,"max_hp_loss":0,"event_name":"Mysterious Sphere","floor":37,"gold_loss":0},{"damage_healed":0,"gold_gain":0,"player_choice":"Max HP","damage_taken":0,"max_hp_gain":0,"max_hp_loss":4,"event_name":"Winding Halls","floor":38,"gold_loss":0},{"damage_healed":0,"gold_gain":0,"player_choice":"Memory 1","damage_taken":0,"max_hp_gain":0,"max_hp_loss":0,"event_name":"SensoryStone","floor":39,"gold_loss":0},{"cards_removed":["Strike_G"],"damage_healed":0,"gold_gain":0,"player_choice":"Offered Basic","damage_taken":0,"max_hp_gain":0,"max_hp_loss":0,"event_name":"Bonfire Elementals","floor":41,"gold_loss":0}],"is_beta":false,"boss_relics":[{"not_picked":["Lizard Tail","Empty Cage"],"picked":"Philosopher\u0027s Stone"},{"not_picked":["Pandora\u0027s Box","WristBlade"],"picked":"Busted Crown"}],"items_purged_floors":[8,22,47],"is_endless":false,"potions_floor_spawned":[2,7,10,12,20,21,29,33,42,45,48],"killed_by":"Awakened One","ascension_level":4}