{"gold_per_floor":[110,32,49,68,80,80,80,112,138,138,154,173,173,41,41,41],"floor_reached":16,"playtime":570,"items_purged":[],"score":189,"play_id":"cc62f92e-9b17-4ae2-aeba-3b1a6ccc17b6","local_time":"20190715223851","is_ascension_mode":true,"campfire_choices":[{"data":"After Image","floor":6,"key":"SMITH"},{"floor":10,"key":"REST"},{"data":"Catalyst","floor":15,"key":"SMITH"}],"neow_cost":"NONE","seed_source_timestamp":516018146861684,"circlet_count":0,"master_deck":["AscendersBane","Survivor","Neutralize","Storm of Steel","Calculated Gamble","Catalyst+1","Reflex","Riddle With Holes","Endless Agony","After Image+1","Die Die Die","Corpse Explosion","Cloak And Dagger","Flechettes","Well Laid Plans","Cloak And Dagger","Riddle With Holes","Deadly Poison","Well Laid Plans","Dodge and Roll","Caltrops","Backstab"],"relics":["Pandora\u0027s Box","Boot","Anchor","Dream Catcher"],"potions_floor_usage":[8,16,16],"damage_taken":[{"damage":15,"enemies":"Small Slimes","floor":1,"turns":3},{"damage":6,"enemies":"Cultist","floor":3,"turns":3},{"damage":0,"enemies":"2 Louse","floor":4,"turns":2},{"damage":15,"enemies":"Blue Slaver","floor":5,"turns":4},{"damage":4,"enemies":"Lagavulin","floor":8,"turns":5},{"damage":0,"enemies":"Large Slime","floor":11,"turns":3},{"damage":1,"enemies":"Red Slaver","floor":12,"turns":3},{"damage":44,"enemies":"Slime Boss","floor":16,"turns":6}],"seed_played":"-1363928548314801488","potions_obtained":[{"floor":3,"key":"EssenceOfSteel"},{"floor":5,"key":"Fire Potion"},{"floor":12,"key":"FearPotion"}],"is_trial":false,"path_per_floor":["M","?","M","M","M","R","?","E","T","R","M","M","?","$","R","B"],"character_chosen":"THE_SILENT","items_purchased":["Caltrops","Backstab"],"campfire_rested":1,"item_purchase_floors":[14,14],"current_hp_per_floor":[44,44,38,38,23,23,23,19,19,38,38,37,37,37,37,0],"gold":41,"neow_bonus":"BOSS_RELIC","is_prod":false,"is_daily":false,"chose_seed":false,"campfire_upgraded":2,"win_rate":0,"timestamp":1563248331,"path_taken":["M","?","M","M","?","R","?","E","T","R","M","M","?","$","R","BOSS"],"build_version":"2019-07-05","purchased_purges":0,"victory":false,"max_hp_per_floor":[66,66,66,66,66,66,66,66,66,66,66,66,66,66,66,66],"card_choices":[{"not_picked":["Acrobatics","Quick Slash"],"picked":"Cloak And Dagger","floor":1},{"not_picked":["Endless Agony","Prepared"],"picked":"Flechettes","floor":3},{"not_picked":["Corpse Explosion","Blur"],"picked":"Well Laid Plans","floor":4},{"not_picked":["Underhanded Strike","Expertise"],"picked":"Cloak And Dagger","floor":5},{"not_picked":["Infinite Blades","Blade Dance"],"picked":"Deadly Poison","floor":8},{"not_picked":["Quick Slash","Predator"],"picked":"Well Laid Plans","floor":10},{"not_picked":["Sucker Punch","Dagger Throw","Bane"],"picked":"SKIP","floor":11},{"not_picked":["Choke","Slice"],"picked":"Dodge and Roll","floor":12}],"player_experience":377500,"relics_obtained":[{"floor":8,"key":"Anchor"},{"floor":9,"key":"Dream Catcher"}],"event_choices":[{"damage_healed":0,"gold_gain":0,"player_choice":"Paid Gold","damage_taken":0,"relics_obtained":["Boot"],"max_hp_gain":0,"max_hp_loss":0,"event_name":"WeMeetAgain","floor":2,"gold_loss":78},{"damage_healed":0,"gold_gain":0,"cards_transformed":["Catalyst"],"player_choice":"Change","damage_taken":0,"max_hp_gain":0,"max_hp_loss":0,"event_name":"Living Wall","floor":7,"gold_loss":0,"cards_obtained":["Riddle With Holes"]},{"damage_healed":0,"gold_gain":0,"player_choice":"Ignored","damage_taken":0,"max_hp_gain":0,"max_hp_loss":0,"event_name":"Shining Light","floor":13,"gold_loss":0}],"is_beta":false,"boss_relics":[],"items_purged_floors":[],"is_endless":false,"potions_floor_spawned":[3,5,12],"killed_by":"Slime Boss","ascension_level":17}