{"gold_per_floor":[113,124,174,20,39,39,68,83,139,153,166,166,166,194,194,194],"floor_reached":16,"playtime":502,"items_purged":["Strike_G"],"score":196,"play_id":"c8146af2-8187-42ff-972e-ccb4eaaa2c6f","local_time":"20190810121128","is_ascension_mode":true,"campfire_choices":[{"data":"Skewer","floor":6,"key":"SMITH"},{"floor":13,"key":"REST"},{"floor":15,"key":"REST"}],"neow_cost":"NONE","seed_source_timestamp":405846742921027,"circlet_count":0,"master_deck":["AscendersBane","Strike_G","Strike_G","Strike_G","Defend_G","Defend_G","Defend_G","Defend_G","Defend_G","Survivor","Neutralize","Footwork","Noxious Fumes","Skewer+1","Noxious Fumes","Dodge and Roll","PiercingWail","Dodge and Roll"],"relics":["Ring of the Snake","NeowsBlessing","Bag of Marbles","Tiny Chest","Ancient Tea Set"],"potions_floor_usage":[7,14,14],"damage_taken":[{"damage":0,"enemies":"2 Louse","floor":1,"turns":1},{"damage":0,"enemies":"Cultist","floor":2,"turns":1},{"damage":0,"enemies":"Small Slimes","floor":5,"turns":1},{"damage":30,"enemies":"3 Sentries","floor":7,"turns":8},{"damage":1,"enemies":"Exordium Thugs","floor":8,"turns":7},{"damage":0,"enemies":"2 Fungi Beasts","floor":10,"turns":4},{"damage":1,"enemies":"Looter","floor":11,"turns":4},{"damage":28,"enemies":"Lagavulin","floor":14,"turns":6},{"damage":31,"enemies":"Slime Boss","floor":16,"turns":10}],"seed_played":"2886090757034574456","potions_obtained":[{"floor":2,"key":"PowerPotion"},{"floor":7,"key":"FearPotion"},{"floor":11,"key":"Poison Potion"}],"is_trial":false,"path_per_floor":["M","M","?","$","M","R","E","M","T","M","M","?","R","E","R","B"],"character_chosen":"THE_SILENT","items_purchased":["Noxious Fumes"],"campfire_rested":2,"item_purchase_floors":[4],"current_hp_per_floor":[59,59,59,59,59,59,29,28,28,28,27,20,39,11,30,0],"gold":194,"neow_bonus":"THREE_ENEMY_KILL","is_prod":false,"is_daily":false,"chose_seed":false,"campfire_upgraded":1,"win_rate":0,"timestamp":1565453488,"path_taken":["M","M","?","$","?","R","E","M","T","M","?","?","R","E","R","BOSS"],"build_version":"2019-07-17","purchased_purges":1,"victory":false,"max_hp_per_floor":[66,66,66,66,66,66,66,66,66,66,66,66,66,66,66,66],"card_choices":[{"not_picked":["Dodge and Roll","Outmaneuver","Quick Slash"],"picked":"SKIP","floor":1},{"not_picked":["Blade Dance","All Out Attack"],"picked":"Footwork","floor":2},{"not_picked":["Dagger Spray","Blur"],"picked":"Skewer","floor":5},{"not_picked":["Cloak And Dagger","Setup"],"picked":"Noxious Fumes","floor":7},{"not_picked":["Caltrops","Burst"],"picked":"Dodge and Roll","floor":8},{"not_picked":["Sucker Punch","Dagger Spray","Acrobatics"],"picked":"SKIP","floor":10},{"not_picked":["Blur","Backflip"],"picked":"PiercingWail","floor":11},{"not_picked":["Envenom","Flying Knee"],"picked":"Dodge and Roll","floor":14}],"player_experience":772551,"relics_obtained":[{"floor":7,"key":"Bag of Marbles"},{"floor":9,"key":"Tiny Chest"},{"floor":14,"key":"Ancient Tea Set"}],"event_choices":[{"damage_healed":0,"gold_gain":50,"player_choice":"Pray","damage_taken":0,"max_hp_gain":0,"max_hp_loss":0,"event_name":"Golden Shrine","floor":3,"gold_loss":0},{"cards_removed":["Strike_G"],"damage_healed":0,"gold_gain":0,"player_choice":"Card Removal","damage_taken":7,"max_hp_gain":0,"max_hp_loss":0,"event_name":"Golden Wing","floor":12,"gold_loss":0}],"is_beta":false,"boss_relics":[],"items_purged_floors":[4],"is_endless":false,"potions_floor_spawned":[2,7,11],"killed_by":"Slime Boss","ascension_level":15}