{"gold_per_floor":[117,117,130,150,170,170,192,192],"floor_reached":8,"playtime":390,"items_purged":[],"score":53,"play_id":"5f2584c2-e159-4e14-a7dd-dfa800c2581f","local_time":"20190818144116","is_ascension_mode":true,"campfire_choices":[{"data":"Dagger Spray","floor":6,"key":"SMITH"}],"neow_cost":"NONE","seed_source_timestamp":542361255212878,"circlet_count":0,"master_deck":["Strike_G","Strike_G","Strike_G","Strike_G","Strike_G","Defend_G","Defend_G","Defend_G","Defend_G","Defend_G","Survivor","Neutralize+1","Underhanded Strike","Endless Agony","PiercingWail","Dagger Spray+1","Dagger Spray"],"relics":["Ring of the Snake","Question Card","Odd Mushroom"],"potions_floor_usage":[5,8],"damage_taken":[{"damage":1,"enemies":"Small Slimes","floor":1,"turns":4},{"damage":0,"enemies":"Cultist","floor":3,"turns":3},{"damage":1,"enemies":"2 Louse","floor":4,"turns":4},{"damage":30,"enemies":"Large Slime","floor":5,"turns":12},{"damage":15,"enemies":"The Mushroom Lair","floor":7,"turns":3},{"damage":30,"enemies":"Lagavulin","floor":8,"turns":6}],"seed_played":"225416290342744975","potions_obtained":[{"floor":1,"key":"AttackPotion"},{"floor":3,"key":"LiquidBronze"}],"is_trial":false,"path_per_floor":["M","?","M","M","M","R","?","E"],"character_chosen":"THE_SILENT","items_purchased":[],"campfire_rested":0,"item_purchase_floors":[],"current_hp_per_floor":[69,69,69,68,38,38,23,0],"gold":192,"neow_bonus":"UPGRADE_CARD","is_prod":false,"is_daily":false,"chose_seed":false,"campfire_upgraded":1,"win_rate":0,"timestamp":1566157276,"path_taken":["M","?","M","?","M","R","?","E"],"build_version":"2019-07-17","purchased_purges":0,"victory":false,"max_hp_per_floor":[70,70,70,70,70,70,70,70],"card_choices":[{"not_picked":["Tactician","Concentrate"],"picked":"Underhanded Strike","floor":1},{"not_picked":["Underhanded Strike","Terror","Prepared"],"picked":"Endless Agony","floor":3},{"not_picked":["Deflect","Quick Slash","Outmaneuver"],"picked":"PiercingWail","floor":4},{"not_picked":["Backflip","Quick Slash","Setup"],"picked":"Dagger Spray","floor":5},{"not_picked":["Burst","Underhanded Strike","Blade Dance"],"picked":"Dagger Spray","floor":7}],"player_experience":163784,"relics_obtained":[{"floor":2,"key":"Question Card"},{"floor":7,"key":"Odd Mushroom"}],"event_choices":[{"damage_healed":0,"gold_gain":0,"player_choice":"Relic","damage_taken":0,"max_hp_gain":0,"max_hp_loss":0,"event_name":"Wheel of Change","floor":2,"gold_loss":0},{"damage_healed":0,"gold_gain":0,"player_choice":"Fought Mushrooms","damage_taken":0,"max_hp_gain":0,"max_hp_loss":0,"event_name":"Mushrooms","floor":7,"gold_loss":0}],"is_beta":false,"boss_relics":[],"items_purged_floors":[],"is_endless":false,"potions_floor_spawned":[1,3],"killed_by":"Lagavulin","ascension_level":2}