{"gold_per_floor":[113,113,113,129,54,89,164,205,282,282,326,345,384,402,402,530,530,554,554,554,20,44,44,67,67,112,145,145,185,198,221,221,345,345,366,366,29,49,49,87,87,102,102,142,142,142,142,142,142,142],"floor_reached":50,"playtime":2202,"items_purged":["Defend_B","Strike_B"],"score":697,"play_id":"3e91bea6-a10d-43cb-97ec-37cb7c68e74e","local_time":"20190813133942","is_ascension_mode":true,"campfire_choices":[{"data":"Sunder","floor":10.0,"key":"SMITH"},{"floor":15.0,"key":"REST"},{"data":"Buffer","floor":23.0,"key":"SMITH"},{"data":"Shockwave","floor":25.0,"key":"SMITH"},{"floor":32.0,"key":"REST"},{"data":"1","floor":41,"key":"LIFT"},{"data":"2","floor":47,"key":"LIFT"},{"floor":49,"key":"REST"}],"neow_cost":"NONE","seed_source_timestamp":1126190427833396,"circlet_count":0,"master_deck":["Zap","Dualcast","Sunder+1","Genetic Algorithm","Fission","Rip and Tear","Auto Shields","Doom and Gloom","Rebound","Buffer+1","Compile Driver+1","Shockwave+1","Uppercut","Fiend Fire","PiercingWail","Seek","Undo","Biased Cognition","Hyperbeam","Steam Power+1","Hyperbeam","Hologram","Madness","Feel No Pain+1","Doubt","Echo Form","Amplify+1"],"special_seed":0,"relics":["Cracked Core","NeowsBlessing","Golden Idol","Oddly Smooth Stone","Bag of Preparation","Shuriken","Bottled Lightning","Bag of Marbles","Snecko Eye","Enchiridion","PrismaticShard","Bottled Tornado","Centennial Puzzle","Gremlin Horn","Juzu Bracelet","Pandora\u0027s Box","Medical Kit","Girya","Toxic Egg 2","Kunai"],"potions_floor_usage":[50],"damage_taken":[{"damage":0.0,"enemies":"Cultist","floor":1.0,"turns":1.0},{"damage":0.0,"enemies":"Jaw Worm","floor":4.0,"turns":1.0},{"damage":0.0,"enemies":"Gremlin Nob","floor":6.0,"turns":1.0},{"damage":24.0,"enemies":"Lagavulin","floor":8.0,"turns":6.0},{"damage":24.0,"enemies":"Gremlin Nob","floor":11.0,"turns":4.0},{"damage":0.0,"enemies":"2 Louse","floor":12.0,"turns":1.0},{"damage":0.0,"enemies":"3 Sentries","floor":13.0,"turns":5.0},{"damage":0.0,"enemies":"Large Slime","floor":14.0,"turns":2.0},{"damage":19.0,"enemies":"Slime Boss","floor":16.0,"turns":7.0},{"damage":0.0,"enemies":"2 Thieves","floor":18.0,"turns":1.0},{"damage":0.0,"enemies":"Spheric Guardian","floor":22.0,"turns":3.0},{"damage":0.0,"enemies":"Snecko","floor":24.0,"turns":4.0},{"damage":0.0,"enemies":"Book of Stabbing","floor":27.0,"turns":4.0},{"damage":19.0,"enemies":"Slavers","floor":29.0,"turns":4.0},{"damage":0.0,"enemies":"Centurion and Healer","floor":30.0,"turns":3.0},{"damage":0.0,"enemies":"Snake Plant","floor":31.0,"turns":2.0},{"damage":36.0,"enemies":"Collector","floor":33.0,"turns":6.0},{"damage":0.0,"enemies":"Orb Walker","floor":35.0,"turns":2.0},{"damage":17.0,"enemies":"3 Darklings","floor":38.0,"turns":3.0},{"damage":0,"enemies":"Reptomancer","floor":40,"turns":4},{"damage":0,"enemies":"Spire Growth","floor":42,"turns":3},{"damage":12,"enemies":"Giant Head","floor":44,"turns":7},{"damage":52,"enemies":"Time Eater","floor":50,"turns":10}],"seed_played":"930853404413821598","potions_obtained":[{"floor":4.0,"key":"FocusPotion"},{"floor":6.0,"key":"FocusPotion"},{"floor":11.0,"key":"Ancient Potion"},{"floor":14.0,"key":"Weak Potion"},{"floor":16.0,"key":"Swift Potion"},{"floor":35.0,"key":"EssenceOfSteel"}],"is_trial":false,"path_per_floor":["M","?","?","M","$","E","?","E","T","R","E","M","E","M","R","B",null,"M","?","?","$","M","R","M","R","T","E","?","E","M","M","R","B",null,"M","?","$","M","?","E","R","M","T","E","?","?","R","?","R","B"],"character_chosen":"DEFECT","items_purchased":["PrismaticShard","Bottled Tornado","Medical Kit","Hyperbeam"],"campfire_rested":3,"item_purchase_floors":[21,21,37,37],"current_hp_per_floor":[75,69,62,62,62,62,51,27,27,27,3,3,3,3,23,4,69,69,69,53,53,53,53,53,53,53,53,53,34,34,34,54,18,69,69,69,69,52,43,43,43,43,43,31,31,31,31,31,51,0],"gold":142,"neow_bonus":"THREE_ENEMY_KILL","is_prod":false,"is_daily":false,"chose_seed":false,"campfire_upgraded":3,"win_rate":0,"timestamp":1565681982,"path_taken":["M","?","?","M","$","E","?","E","T","R","E","M","E","M","R","BOSS","M","?","?","$","M","R","M","R","T","E","?","E","M","M","R","BOSS","M","?","$","M","?","E","R","M","T","E","?","?","R","?","R","BOSS"],"build_version":"2019-07-17","purchased_purges":2,"victory":false,"max_hp_per_floor":[75,69,69,69,69,69,69,69,69,69,69,69,69,69,69,69,69,69,69,69,69,69,69,69,69,69,69,69,69,69,69,69,69,69,69,69,69,69,69,69,69,69,69,69,69,69,69,69,69,69],"card_choices":[{"not_picked":["Leap","Streamline","Stack"],"picked":"SKIP","floor":1.0},{"not_picked":["Gash","Stack"],"picked":"Sunder","floor":4.0},{"not_picked":["Capacitor","Reprogram"],"picked":"Genetic Algorithm","floor":6.0},{"not_picked":["Barrage","Tempest"],"picked":"Fission","floor":8.0},{"not_picked":["Reinforced Body","Cold Snap"],"picked":"Rip and Tear","floor":11.0},{"not_picked":["Steam Power","Redo"],"picked":"Auto Shields","floor":12.0},{"not_picked":["Fusion","Recycle"],"picked":"Doom and Gloom","floor":13.0},{"not_picked":["Beam Cell","Ball Lightning"],"picked":"Rebound","floor":14.0},{"not_picked":["Thunder Strike","Reboot"],"picked":"Buffer","floor":16.0},{"not_picked":["Hello World","Cold Snap+1"],"picked":"Compile Driver+1","floor":18.0},{"not_picked":["Outmaneuver","Flash of Steel","Stack"],"picked":"SKIP","floor":22.0},{"not_picked":["Clash","Blade Dance+1"],"picked":"Shockwave","floor":24.0},{"not_picked":["Bloodletting+1","Double Energy+1"],"picked":"Uppercut","floor":27.0},{"not_picked":["Steam","Barrage"],"picked":"Fiend Fire","floor":29.0},{"not_picked":["Dagger Spray","Wild Strike"],"picked":"PiercingWail","floor":30.0},{"not_picked":["Rampage","Bandage Up","Blade Dance"],"picked":"SKIP","floor":31.0},{"not_picked":["Barricade","Venomology"],"picked":"Corpse Explosion","floor":33.0},{"not_picked":["Go for the Eyes","Cleave"],"picked":"Steam Power+1","floor":35.0},{"not_picked":["Flying Knee","Twin Strike+1"],"picked":"Hologram","floor":38.0},{"not_picked":["Dagger Throw","Dropkick+1","Scrape"],"picked":"SKIP","floor":40},{"not_picked":["Dagger Throw","Dropkick+1","Scrape"],"picked":"SKIP","floor":40},{"not_picked":["Blade Dance","Clothesline+1","Cloak And Dagger"],"picked":"SKIP","floor":42},{"not_picked":["Cold Snap","Thunderclap+1"],"picked":"Feel No Pain+1","floor":44}],"player_experience":1626050,"relics_obtained":[{"floor":6.0,"key":"Oddly Smooth Stone"},{"floor":8.0,"key":"Bag of Preparation"},{"floor":9.0,"key":"Shuriken"},{"floor":11.0,"key":"Bottled Lightning"},{"floor":13.0,"key":"Bag of Marbles"},{"floor":20.0,"key":"Enchiridion"},{"floor":26.0,"key":"Centennial Puzzle"},{"floor":27.0,"key":"Gremlin Horn"},{"floor":29.0,"key":"Juzu Bracelet"},{"floor":40,"key":"Girya"},{"floor":43,"key":"Toxic Egg 2"},{"floor":44,"key":"Kunai"}],"event_choices":[{"damage_healed":0.0,"max_hp_gain":0.0,"max_hp_loss":6.0,"gold_gain":0.0,"event_name":"Golden Idol","player_choice":"Lose Max HP","floor":2.0,"gold_loss":0.0,"damage_taken":0.0,"relics_obtained":["Golden Idol"]},{"cards_removed":["Defend_B"],"damage_healed":0.0,"max_hp_gain":0.0,"max_hp_loss":0.0,"gold_gain":0.0,"event_name":"Golden Wing","player_choice":"Card Removal","floor":3.0,"gold_loss":0.0,"damage_taken":7.0},{"damage_healed":0.0,"max_hp_gain":0.0,"max_hp_loss":0.0,"gold_gain":75.0,"event_name":"World of Goop","player_choice":"Gather Gold","floor":7.0,"gold_loss":0.0,"damage_taken":11.0},{"damage_healed":0.0,"max_hp_gain":0.0,"max_hp_loss":0.0,"gold_gain":0.0,"event_name":"Ghosts","player_choice":"Ignored","floor":19.0,"gold_loss":0.0,"damage_taken":0.0},{"damage_healed":0.0,"max_hp_gain":0.0,"max_hp_loss":0.0,"gold_gain":0.0,"event_name":"Cursed Tome","player_choice":"Obtained Book","floor":20.0,"gold_loss":0.0,"damage_taken":16.0},{"damage_healed":0.0,"max_hp_gain":0.0,"max_hp_loss":0.0,"gold_gain":0.0,"event_name":"Vampires","player_choice":"Ignored","floor":28.0,"gold_loss":0.0,"damage_taken":0.0},{"cards_removed":["Reinforced Body"],"damage_healed":0.0,"max_hp_gain":0.0,"max_hp_loss":0.0,"gold_gain":0.0,"event_name":"Purifier","player_choice":"Purged","floor":36.0,"gold_loss":0.0,"damage_taken":0.0},{"damage_healed":0.0,"max_hp_gain":0.0,"max_hp_loss":0.0,"gold_gain":0.0,"event_name":"Winding Halls","player_choice":"Embrace Madness","floor":39.0,"gold_loss":0.0,"damage_taken":9.0,"cards_obtained":["Madness","Madness"]},{"damage_healed":0,"gold_gain":0,"player_choice":"2 cards matched","damage_taken":0,"max_hp_gain":0,"max_hp_loss":0,"event_name":"Match and Keep!","floor":45,"gold_loss":0,"cards_obtained":["Doubt","Echo Form"]},{"cards_removed":["Madness"],"damage_healed":0,"gold_gain":0,"player_choice":"Removed Skill","damage_taken":0,"max_hp_gain":0,"max_hp_loss":0,"event_name":"Falling","floor":46,"gold_loss":0},{"damage_healed":0,"gold_gain":0,"cards_transformed":["Corpse Explosion"],"player_choice":"Transformed","damage_taken":0,"max_hp_gain":0,"max_hp_loss":0,"event_name":"Transmorgrifier","floor":48,"gold_loss":0,"cards_obtained":["Amplify"]}],"is_beta":false,"boss_relics":[{"not_picked":["Coffee Dripper","Runic Pyramid"],"picked":"Snecko Eye"},{"not_picked":["Runic Dome","Eternal Feather"],"picked":"Pandora\u0027s Box"}],"items_purged_floors":[5,21],"is_endless":false,"potions_floor_spawned":[4,6,11,14,16,29,35],"killed_by":"Time Eater","ascension_level":1}