{"gold_per_floor":[114,114,129,144,159,159,189,189,189,204,219,249,264,279,279,379,379,394,49,64,64,64,94,94,109,134,149,164,194,209,239,239,339,339,354,369,369,384,399,429,429,459,534,309,339,339,354,384,384,384],"floor_reached":51,"playtime":3231,"items_purged":["Writhe"],"score":968,"play_id":"0c940489-f5da-4520-aeec-c9356a1b03ec","local_time":"20190604183342","daily_mods":["Shiny","Time Dilation","Night Terrors"],"is_ascension_mode":false,"campfire_choices":[{"data":"Glass Knife","floor":6,"key":"SMITH"},{"data":"Bullet Time","floor":8,"key":"SMITH"},{"data":"Storm of Steel","floor":15,"key":"SMITH"},{"data":"Bullet Time","floor":24,"key":"SMITH"},{"floor":32,"key":"REST"},{"floor":49,"key":"REST"}],"neow_cost":"","seed_source_timestamp":0,"circlet_count":0,"master_deck":["Venomology","Corpse Explosion","Malaise","Phantasmal Killer","Die Die Die","Adrenaline","Envenom","Doppelganger","Burst+1","Wraith Form v2","Tools of the Trade","Night Terror","Unload","After Image","Bullet Time+1","Storm of Steel+1","Glass Knife+1","Sucker Punch","PiercingWail","Poisoned Stab","Backflip","Accuracy","Flying Knee","Bullet Time+1","Enlightenment","Acrobatics+1","Blade Dance+1","Prepared+1","Catalyst"],"special_seed":18051,"relics":["Ring of the Snake","Vajra","Bottled Tornado","Snake Skull","Sozu","Bottled Flame","Du-Vu Doll","Happy Flower","War Paint","Boot","Busted Crown","Pen Nib","Frozen Egg 2","Kunai","Lantern","Gremlin Horn","Mercury Hourglass"],"potions_floor_usage":[5,7,13,16,16,31],"damage_taken":[{"damage":0,"enemies":"2 Louse","floor":1,"turns":1},{"damage":0,"enemies":"Cultist","floor":3,"turns":2},{"damage":1,"enemies":"Small Slimes","floor":4,"turns":3},{"damage":0,"enemies":"3 Louse","floor":5,"turns":1},{"damage":0,"enemies":"Lagavulin","floor":7,"turns":5},{"damage":0,"enemies":"Large Slime","floor":10,"turns":2},{"damage":11,"enemies":"Exordium Thugs","floor":11,"turns":2},{"damage":5,"enemies":"Gremlin Nob","floor":12,"turns":3},{"damage":0,"enemies":"Blue Slaver","floor":13,"turns":1},{"damage":2,"enemies":"2 Fungi Beasts","floor":14,"turns":2},{"damage":0,"enemies":"Slime Boss","floor":16,"turns":3},{"damage":6,"enemies":"Chosen","floor":18,"turns":2},{"damage":0,"enemies":"3 Byrds","floor":20,"turns":3},{"damage":0,"enemies":"Gremlin Leader","floor":23,"turns":1},{"damage":0,"enemies":"Cultist and Chosen","floor":25,"turns":3},{"damage":0,"enemies":"Snake Plant","floor":27,"turns":2},{"damage":3,"enemies":"Centurion and Healer","floor":28,"turns":3},{"damage":2,"enemies":"Slavers","floor":29,"turns":2},{"damage":0,"enemies":"3 Cultists","floor":30,"turns":1},{"damage":18,"enemies":"Book of Stabbing","floor":31,"turns":3},{"damage":3,"enemies":"Automaton","floor":33,"turns":6},{"damage":1,"enemies":"3 Shapes","floor":35,"turns":1},{"damage":17,"enemies":"Orb Walker","floor":36,"turns":3},{"damage":0,"enemies":"Transient","floor":38,"turns":5},{"damage":0,"enemies":"Spire Growth","floor":39,"turns":2},{"damage":1,"enemies":"Reptomancer","floor":40,"turns":2},{"damage":0,"enemies":"Giant Head","floor":42,"turns":4},{"damage":46,"enemies":"Nemesis","floor":45,"turns":4},{"damage":1,"enemies":"Jaw Worm Horde","floor":47,"turns":3},{"damage":8,"enemies":"Reptomancer","floor":48,"turns":4},{"damage":23,"enemies":"Awakened One","floor":50,"turns":6}],"seed_played":"9214061577332068412","potions_obtained":[{"floor":1,"key":"LiquidBronze"},{"floor":4,"key":"Fire Potion"},{"floor":5,"key":"SkillPotion"},{"floor":10,"key":"Fire Potion"},{"floor":12,"key":"Swift Potion"},{"floor":14,"key":"PowerPotion"}],"is_trial":false,"path_per_floor":["M","?","M","M","M","R","E","R","T","M","M","E","M","M","R","B",null,"M","$","M","?","$","E","R","M","T","M","M","E","M","E","R","B",null,"M","M","?","M","M","E","?","E","T","$","E","?","M","E","R","B",null],"character_chosen":"THE_SILENT","items_purchased":["Bottled Flame","Enlightenment","Lantern"],"campfire_rested":2,"item_purchase_floors":[19,19,44],"current_hp_per_floor":[70,70,70,69,69,69,69,69,69,69,58,53,53,51,51,51,70,64,64,64,64,64,64,64,64,64,64,61,59,59,41,65,62,65,64,47,47,47,47,46,62,62,62,62,16,16,15,7,60,37],"gold":384,"neow_bonus":"","is_prod":false,"is_daily":true,"chose_seed":false,"campfire_upgraded":4,"win_rate":0,"timestamp":1559691222,"path_taken":["M","?","M","M","M","R","E","R","T","M","M","E","?","M","R","BOSS","M","$","M","?","?","E","R","M","T","M","M","E","M","E","R","BOSS","M","M","?","M","M","E","?","E","T","$","E","?","M","E","R","BOSS"],"build_version":"2019-01-23","purchased_purges":1,"victory":true,"max_hp_per_floor":[70,70,70,70,70,70,70,70,70,70,70,70,70,70,70,70,70,70,70,70,70,70,70,70,70,70,70,70,70,70,70,65,65,65,65,65,65,65,65,65,65,65,65,65,65,65,65,65,60,60],"card_choices":[{"not_picked":["Crippling Poison","Prepared"],"picked":"Sucker Punch","floor":1},{"not_picked":["Bane","PiercingWail"],"picked":"Poisoned Stab","floor":3},{"not_picked":["Finisher","Flechettes","Sucker Punch"],"picked":"SKIP","floor":4},{"not_picked":["Underhanded Strike","Acrobatics"],"picked":"Backflip","floor":5},{"not_picked":["Backflip","Dodge and Roll"],"picked":"Accuracy","floor":7},{"not_picked":["Dodge and Roll","Night Terror","Backflip"],"picked":"SKIP","floor":10},{"not_picked":["Backflip","Sucker Punch","Cloak And Dagger"],"picked":"SKIP","floor":11},{"not_picked":["Outmaneuver","Dodge and Roll","Flechettes"],"picked":"SKIP","floor":12},{"not_picked":["Poisoned Stab","Wraith Form v2"],"picked":"Flying Knee","floor":13},{"not_picked":["Infinite Blades","Cloak And Dagger","Outmaneuver"],"picked":"SKIP","floor":14},{"not_picked":["Envenom","Night Terror"],"picked":"Bullet Time","floor":16},{"not_picked":["Crippling Poison","Deadly Poison","Backflip"],"picked":"SKIP","floor":18},{"not_picked":["Backflip","Dodge and Roll","Acrobatics+1"],"picked":"SKIP","floor":20},{"not_picked":["Bullet Time","Bane","Heel Hook+1"],"picked":"SKIP","floor":23},{"not_picked":["Concentrate","Quick Slash"],"picked":"Acrobatics","floor":25},{"not_picked":["Flying Knee","Cloak And Dagger","Poisoned Stab+1"],"picked":"SKIP","floor":27},{"not_picked":["Expertise","Malaise"],"picked":"Blade Dance+1","floor":28},{"not_picked":["Flying Knee","Dagger Spray+1"],"picked":"Prepared+1","floor":29},{"not_picked":["Well Laid Plans","Quick Slash+1","Slice"],"picked":"SKIP","floor":30},{"not_picked":["Finisher","Caltrops","Prepared"],"picked":"SKIP","floor":31},{"not_picked":["Sucker Punch+1"],"picked":"SKIP","floor":35},{"not_picked":[],"picked":"Catalyst","floor":36},{"not_picked":["Flying Knee+1"],"picked":"SKIP","floor":38},{"not_picked":["Slice"],"picked":"SKIP","floor":39},{"not_picked":["Heel Hook+1"],"picked":"SKIP","floor":40},{"not_picked":["Finisher+1"],"picked":"SKIP","floor":42},{"not_picked":["Dagger Throw"],"picked":"SKIP","floor":45},{"not_picked":["Tactician"],"picked":"SKIP","floor":47},{"not_picked":["Dagger Spray"],"picked":"SKIP","floor":48}],"player_experience":79114,"relics_obtained":[{"floor":7,"key":"Vajra"},{"floor":9,"key":"Bottled Tornado"},{"floor":12,"key":"Snake Skull"},{"floor":23,"key":"Du-Vu Doll"},{"floor":26,"key":"Happy Flower"},{"floor":29,"key":"War Paint"},{"floor":31,"key":"Boot"},{"floor":40,"key":"Pen Nib"},{"floor":42,"key":"Frozen Egg 2"},{"floor":43,"key":"Kunai"},{"floor":45,"key":"Gremlin Horn"},{"floor":48,"key":"Mercury Hourglass"}],"event_choices":[{"damage_healed":0,"gold_gain":0,"cards_transformed":["Grand Finale"],"player_choice":"Transformed","damage_taken":0,"max_hp_gain":0,"max_hp_loss":0,"event_name":"Transmorgrifier","floor":2,"gold_loss":0,"cards_obtained":["PiercingWail"]},{"damage_healed":0,"gold_gain":0,"player_choice":"Bought 0 Potions","damage_taken":0,"max_hp_gain":0,"max_hp_loss":0,"event_name":"The Woman in Blue","floor":21,"gold_loss":0},{"cards_removed":["A Thousand Cuts"],"damage_healed":0,"gold_gain":0,"player_choice":"Removed Power","damage_taken":0,"max_hp_gain":0,"max_hp_loss":0,"event_name":"Falling","floor":37,"gold_loss":0},{"damage_healed":16,"gold_gain":0,"player_choice":"Writhe","damage_taken":0,"max_hp_gain":0,"max_hp_loss":0,"event_name":"Winding Halls","floor":41,"gold_loss":0,"cards_obtained":["Writhe"]},{"damage_healed":0,"gold_gain":0,"player_choice":"Ignored","damage_taken":0,"max_hp_gain":0,"max_hp_loss":0,"event_name":"SecretPortal","floor":46,"gold_loss":0}],"is_beta":false,"boss_relics":[{"not_picked":["Ring of the Serpent","Tiny House"],"picked":"Sozu"},{"not_picked":["Lizard Tail","Calling Bell"],"picked":"Busted Crown"}],"items_purged_floors":[44],"is_endless":false,"potions_floor_spawned":[1,4,5,10,12,14,25,29,30,33,35,39,40,42],"ascension_level":0}