{"gold_per_floor":[119,119,119,146,170,170,203,203,256,256,287,70,93,109,109,228,228,252,139,139,152,166,209,124,124,172,195,218,52,52,67,67,188,188,202,220,320,345,361,361,396,396,396,417,417],"floor_reached":45,"playtime":3305,"items_purged":["Strike_R"],"score":527,"play_id":"c747568d-6b16-4d98-bb1f-135df0eb9606","local_time":"20181212145117","is_ascension_mode":false,"campfire_choices":[{"data":"True Grit","floor":6,"key":"SMITH"},{"floor":10,"key":"REST"},{"data":"Armaments","floor":15,"key":"SMITH"},{"floor":25,"key":"REST"},{"data":"Barricade","floor":32,"key":"SMITH"},{"floor":40,"key":"REST"}],"neow_cost":"NONE","seed_source_timestamp":1622911153974939,"circlet_count":0,"master_deck":["Strike_R+1","Defend_R","Defend_R","Defend_R","Defend_R","Bash","Cleave","True Grit+1","Immolate+1","Iron Wave","Battle Trance","Armaments+1","Metallicize+1","Headbutt","Bandage Up","Headbutt","Disarm","Ghostly Armor+1","Intimidate","Barricade+1","Immolate","Havoc+1","Shrug It Off","Offering","Shrug It Off"],"relics":["Burning Blood","NeowsBlessing","Golden Idol","Boot","The Courier","Bag of Preparation","Darkstone Periapt","PreservedInsect","Empty Cage","Bronze Scales","Smiling Mask","Red Skull","Runic Cube","Bottled Tornado"],"potions_floor_usage":[11,16,21,22,22,23,31,33,42,45],"damage_taken":[{"damage":0,"enemies":"2 Louse","floor":1,"turns":1},{"damage":0,"enemies":"Jaw Worm","floor":5,"turns":1},{"damage":0,"enemies":"Lagavulin","floor":7,"turns":1},{"damage":0,"enemies":"3 Sentries","floor":11,"turns":1},{"damage":0,"enemies":"Small Slimes","floor":13,"turns":2},{"damage":0,"enemies":"3 Louse","floor":14,"turns":2},{"damage":58,"enemies":"Hexaghost","floor":16,"turns":12},{"damage":24,"enemies":"3 Byrds","floor":18,"turns":3},{"damage":9,"enemies":"Spheric Guardian","floor":21,"turns":5},{"damage":21,"enemies":"Centurion and Healer","floor":22,"turns":4},{"damage":65,"enemies":"Slavers","floor":23,"turns":5},{"damage":11,"enemies":"Shelled Parasite and Fungi","floor":27,"turns":5},{"damage":10,"enemies":"Chosen and Byrds","floor":28,"turns":6},{"damage":0,"enemies":"Snecko","floor":31,"turns":7},{"damage":88,"enemies":"Collector","floor":33,"turns":15},{"damage":20,"enemies":"3 Darklings","floor":35,"turns":4},{"damage":9,"enemies":"Orb Walker","floor":36,"turns":5},{"damage":22,"enemies":"3 Darklings","floor":38,"turns":5},{"damage":21,"enemies":"4 Shapes","floor":39,"turns":4},{"damage":37,"enemies":"Nemesis","floor":41,"turns":7},{"damage":45,"enemies":"Transient","floor":42,"turns":5},{"damage":13,"enemies":"Maw","floor":44,"turns":12},{"damage":13,"enemies":"Sphere and 2 Shapes","floor":45,"turns":3}],"seed_played":"-3836968823372676201","potions_obtained":[{"floor":1,"key":"AttackPotion"},{"floor":7,"key":"Regen Potion"},{"floor":11,"key":"BloodPotion"},{"floor":13,"key":"FearPotion"},{"floor":21,"key":"SteroidPotion"},{"floor":22,"key":"Regen Potion"},{"floor":27,"key":"FairyPotion"},{"floor":28,"key":"Energy Potion"},{"floor":31,"key":"Swift Potion"},{"floor":41,"key":"SmokeBomb"},{"floor":44,"key":"Weak Potion"}],"is_trial":false,"path_per_floor":["M","?","?","T","M","R","E","?","T","R","E","$","M","M","R","B",null,"M","$","?","M","M","E","?","R","T","M","M","$","?","M","R","B",null,"M","M","?","M","M","R","E","M","T","M","M"],"character_chosen":"IRONCLAD","items_purchased":["PreservedInsect","Battle Trance","Armaments","Headbutt","Bandage Up","Barricade"],"campfire_rested":3,"item_purchase_floors":[12,12,12,19,19,29],"current_hp_per_floor":[80,60,53,53,59,59,65,49,49,73,79,79,80,80,80,28,80,62,62,62,73,76,30,30,54,54,55,55,55,80,80,80,8,80,66,67,67,57,46,70,43,8,8,7,0],"gold":417,"neow_bonus":"THREE_ENEMY_KILL","is_prod":false,"is_daily":false,"chose_seed":false,"campfire_upgraded":3,"win_rate":0,"timestamp":1544604677,"path_taken":["M","?","?","?","M","R","E","?","T","R","E","$","M","M","R","BOSS","M","$","?","?","M","E","?","R","T","M","M","$","?","M","R","BOSS","M","M","?","M","M","R","E","?","T","?","M"],"build_version":"2018-12-06","purchased_purges":1,"victory":false,"max_hp_per_floor":[80,80,80,80,80,80,80,80,80,80,80,80,80,80,80,80,80,80,80,80,80,80,80,80,80,80,80,80,80,80,80,80,80,80,80,80,80,80,80,80,80,80,80,80,80],"card_choices":[{"not_picked":["Spot Weakness","Uppercut"],"picked":"Cleave","floor":1},{"not_picked":["Perfected Strike","Clothesline"],"picked":"True Grit","floor":5},{"not_picked":["Shrug It Off","Body Slam"],"picked":"Immolate","floor":7},{"not_picked":["Rampage","True Grit"],"picked":"Iron Wave","floor":11},{"not_picked":["Sever Soul","Havoc","Thunderclap"],"picked":"SKIP","floor":13},{"not_picked":["Body Slam","Carnage"],"picked":"Metallicize","floor":14},{"not_picked":["Combust","Havoc","Body Slam"],"picked":"SKIP","floor":18},{"not_picked":["Havoc","Rampage","Warcry"],"picked":"SKIP","floor":21},{"not_picked":["Perfected Strike+1","Cleave"],"picked":"Headbutt","floor":22},{"not_picked":["Inflame+1","Hemokinesis+1"],"picked":"Disarm","floor":23},{"not_picked":["Anger","Iron Wave"],"picked":"Ghostly Armor+1","floor":27},{"not_picked":["Iron Wave+1","Havoc"],"picked":"Intimidate","floor":28},{"not_picked":["Perfected Strike","Dual Wield","Clash"],"picked":"SKIP","floor":31},{"not_picked":["Limit Break","Barricade"],"picked":"Immolate","floor":33},{"not_picked":["Whirlwind+1","Armaments+1","Rage+1"],"picked":"SKIP","floor":35},{"not_picked":["Power Through","Burning Pact"],"picked":"Havoc+1","floor":36},{"not_picked":["Clash","Armaments"],"picked":"Shrug It Off","floor":38},{"not_picked":["Combust+1","Dual Wield+1","Clothesline+1"],"picked":"SKIP","floor":39},{"not_picked":["Heavy Blade+1","Sentinel+1"],"picked":"Offering","floor":41},{"not_picked":["Iron Wave","Infernal Blade"],"picked":"Shrug It Off","floor":44}],"player_experience":227822,"relics_obtained":[{"floor":4,"key":"Boot"},{"floor":7,"key":"The Courier"},{"floor":9,"key":"Bag of Preparation"},{"floor":11,"key":"Darkstone Periapt"},{"floor":23,"key":"Bronze Scales"},{"floor":26,"key":"Red Skull"},{"floor":41,"key":"Bottled Tornado"}],"event_choices":[{"damage_healed":0,"gold_gain":0,"player_choice":"Take Damage","damage_taken":20,"relics_obtained":["Golden Idol"],"max_hp_gain":0,"max_hp_loss":0,"event_name":"Golden Idol","floor":2,"gold_loss":0},{"cards_removed":["Strike_R"],"damage_healed":0,"gold_gain":0,"player_choice":"Card Removal","damage_taken":7,"max_hp_gain":0,"max_hp_loss":0,"event_name":"Golden Wing","floor":3,"gold_loss":0},{"damage_healed":0,"gold_gain":0,"player_choice":"Entered Light","damage_taken":16,"max_hp_gain":0,"max_hp_loss":0,"event_name":"Shining Light","floor":8,"gold_loss":0,"cards_upgraded":["Strike_R","Immolate"]},{"damage_healed":0,"gold_gain":0,"player_choice":"Upgraded","damage_taken":0,"max_hp_gain":0,"max_hp_loss":0,"event_name":"Upgrade Shrine","floor":20,"gold_loss":0,"cards_upgraded":["Metallicize"]},{"damage_healed":0,"gold_gain":0,"player_choice":"Obtained Relic","damage_taken":0,"relics_obtained":["Smiling Mask"],"max_hp_gain":0,"max_hp_loss":0,"event_name":"Addict","floor":24,"gold_loss":85},{"damage_healed":26,"gold_gain":0,"player_choice":"Heal","damage_taken":0,"max_hp_gain":0,"max_hp_loss":0,"event_name":"The Library","floor":30,"gold_loss":0},{"damage_healed":0,"gold_gain":100,"player_choice":"Pray","damage_taken":0,"max_hp_gain":0,"max_hp_loss":0,"event_name":"Golden Shrine","floor":37,"gold_loss":0}],"is_beta":false,"boss_relics":[{"not_picked":["Eternal Feather","Fusion Hammer"],"picked":"Empty Cage"},{"not_picked":["Astrolabe","Mark of Pain"],"picked":"Runic Cube"}],"items_purged_floors":[29],"is_endless":false,"potions_floor_spawned":[1,7,11,13,21,22,27,28,31,41,44],"killed_by":"Sphere and 2 Shapes","ascension_level":0}