{"gold_per_floor":[15,190,201,201,201,201,226,43,43,62,62,74,74,149,149,246,246,256,281,299,318,38,38,52,68,68,68,78,78,88,88,88,192,192,208,228,228,128,143,178,178,178,201,212,212,226,226,326,326,326,326,326,84,119,119],"floor_reached":56,"playtime":9629,"items_purged":["Strike_B","Regret"],"score":1152,"play_id":"12ae76ea-629d-4685-b0e8-b1d4a6fe82cb","local_time":"20190726113747","is_ascension_mode":false,"campfire_choices":[{"data":"Sunder","floor":6.0,"key":"SMITH"},{"floor":11.0,"key":"REST"},{"data":"Hologram","floor":15.0,"key":"SMITH"},{"data":"Fission","floor":23.0,"key":"SMITH"},{"data":"Echo Form","floor":32.0,"key":"SMITH"},{"data":"Sunder","floor":41.0,"key":"SMITH"},{"data":"Conserve Battery","floor":45.0,"key":"SMITH"},{"data":"Beam Cell","floor":47.0,"key":"SMITH"},{"floor":49.0,"key":"RECALL"},{"data":"Undo","floor":52.0,"key":"SMITH"}],"neow_cost":"NO_GOLD","seed_source_timestamp":0,"circlet_count":0,"master_deck":["Strike_B+1","Defend_B","Defend_B","Defend_B","Zap","Dualcast","Skim","Steam","Sunder+1","Capacitor","Undo+1","Melter+1","Hologram+1","Fission+1","Beam Cell+1","Recycle+1","Beam Cell","Streamline+1","Conserve Battery+1","Conserve Battery+1","Compile Driver","Echo Form+1","Buffer+1","Beam Cell+1","Sunder+1","Streamline+1","Melter+1","Self Repair+1","Go for the Eyes+1","Auto Shields+1"],"special_seed":0,"relics":["Cracked Core","StoneCalendar","Boot","Oddly Smooth Stone","Vajra","Nunchaku","Velvet Choker","Red Mask","Whetstone","Pantograph","Snecko Eye","Bag of Preparation","Incense Burner","Dodecahedron","Pen Nib"],"potions_floor_usage":[55,55,55],"damage_taken":[{"damage":0.0,"enemies":"Jaw Worm","floor":1.0,"turns":5.0},{"damage":0.0,"enemies":"2 Louse","floor":3.0,"turns":2.0},{"damage":30.0,"enemies":"Gremlin Nob","floor":7.0,"turns":4.0},{"damage":0.0,"enemies":"Small Slimes","floor":10.0,"turns":2.0},{"damage":0.0,"enemies":"Looter","floor":12.0,"turns":1.0},{"damage":18.0,"enemies":"Slime Boss","floor":16.0,"turns":7.0},{"damage":7.0,"enemies":"3 Byrds","floor":18.0,"turns":6.0},{"damage":2.0,"enemies":"Masked Bandits","floor":19.0,"turns":4.0},{"damage":0.0,"enemies":"Spheric Guardian","floor":20.0,"turns":1.0},{"damage":7.0,"enemies":"3 Cultists","floor":21.0,"turns":6.0},{"damage":0.0,"enemies":"Snecko","floor":24.0,"turns":4.0},{"damage":5.0,"enemies":"Cultist and Chosen","floor":25.0,"turns":6.0},{"damage":4.0,"enemies":"Shelled Parasite and Fungi","floor":28.0,"turns":5.0},{"damage":7.0,"enemies":"Centurion and Healer","floor":30.0,"turns":4.0},{"damage":48.0,"enemies":"Automaton","floor":33.0,"turns":8.0},{"damage":3.0,"enemies":"Orb Walker","floor":35.0,"turns":3.0},{"damage":8.0,"enemies":"3 Darklings","floor":36.0,"turns":5.0},{"damage":0.0,"enemies":"Sphere and 2 Shapes","floor":39.0,"turns":5.0},{"damage":0.0,"enemies":"Giant Head","floor":40.0,"turns":7.0},{"damage":0.0,"enemies":"Transient","floor":44.0,"turns":5.0},{"damage":0.0,"enemies":"Writhing Mass","floor":46.0,"turns":3.0},{"damage":0.0,"enemies":"Mind Bloom Boss Battle","floor":48.0,"turns":5.0},{"damage":67.0,"enemies":"Time Eater","floor":50.0,"turns":10.0},{"damage":1.0,"enemies":"Shield and Spear","floor":54.0,"turns":6.0},{"damage":66,"enemies":"The Heart","floor":55,"turns":10}],"seed_played":"-7803618582822866455","potions_obtained":[{"floor":1.0,"key":"AttackPotion"},{"floor":10.0,"key":"Fire Potion"},{"floor":12.0,"key":"SkillPotion"},{"floor":16.0,"key":"Dexterity Potion"},{"floor":20.0,"key":"AttackPotion"},{"floor":24.0,"key":"Fire Potion"},{"floor":25.0,"key":"Fire Potion"},{"floor":28.0,"key":"LiquidBronze"},{"floor":36.0,"key":"Regen Potion"},{"floor":39.0,"key":"Ancient Potion"},{"floor":40.0,"key":"FocusPotion"},{"floor":54.0,"key":"SteroidPotion"}],"is_trial":false,"path_per_floor":["M","?","M","?","?","R","E","$","T","M","R","M","?","?","R","B",null,"M","?","M","M","$","R","M","M","T","$","M","?","M","?","R","B",null,"M","M","?","$","M","E","R","$","T","M","R","M","R","?","R","B",null,"R","$","E","B",null],"character_chosen":"DEFECT","items_purchased":["Oddly Smooth Stone","Melter","Whetstone","Conserve Battery","Dodecahedron"],"campfire_rested":1,"item_purchase_floors":[8,8,22,22,53],"current_hp_per_floor":[75,75,75,72,65,65,35,35,35,35,57,57,57,46,46,28,75,68,66,66,59,59,59,59,54,54,54,50,50,43,43,43,20,75,72,64,64,64,73,73,73,73,73,73,73,73,73,75,75,8,75,75,75,75,9],"gold":119,"neow_bonus":"TRANSFORM_TWO_CARDS","is_prod":false,"is_daily":false,"chose_seed":false,"campfire_upgraded":8,"win_rate":0,"timestamp":1564133867,"path_taken":["M","?","M","?","?","R","E","$","T","M","R","?","?","?","R","BOSS","M","?","M","M","$","R","M","M","T","$","M","?","?","?","R","BOSS","M","M","?","$","?","E","R","$","T","M","R","M","R","?","R","BOSS","R","$","E","BOSS"],"build_version":"2019-01-23","purchased_purges":2,"victory":true,"max_hp_per_floor":[75,75,75,75,75,75,75,75,75,75,75,75,75,75,75,75,75,75,75,75,75,75,75,75,75,75,75,75,75,75,75,75,75,75,75,75,75,75,75,75,75,75,75,75,75,75,75,75,75,75,75,75,75,75,75],"card_choices":[{"not_picked":["Compile Driver","Cold Snap"],"picked":"Sunder","floor":1.0},{"not_picked":["Coolheaded","Blizzard"],"picked":"Capacitor","floor":3.0},{"not_picked":["Fusion","Blizzard"],"picked":"Undo","floor":7.0},{"not_picked":["Steam","Rip and Tear"],"picked":"Hologram","floor":10.0},{"not_picked":["Ball Lightning","Stack","Barrage"],"picked":"SKIP","floor":12.0},{"not_picked":["Creative AI","Thunder Strike"],"picked":"Fission","floor":16.0},{"not_picked":["Streamline","Stack"],"picked":"Beam Cell","floor":18.0},{"not_picked":["Barrage","Rip and Tear+1"],"picked":"Recycle+1","floor":19.0},{"not_picked":["Stack","Cold Snap"],"picked":"Beam Cell","floor":20.0},{"not_picked":["Gash","Stack"],"picked":"Streamline+1","floor":21.0},{"not_picked":["Cold Snap","Coolheaded","Beam Cell"],"picked":"SKIP","floor":24.0},{"not_picked":["Turbo","Stack+1"],"picked":"Conserve Battery+1","floor":25.0},{"not_picked":["Ball Lightning","Redo","Leap"],"picked":"SKIP","floor":28.0},{"not_picked":["Cold Snap","Chill","Storm"],"picked":"SKIP","floor":30.0},{"not_picked":["Amplify","Machine Learning"],"picked":"Buffer","floor":33.0},{"not_picked":["Rip and Tear","Aggregate+1"],"picked":"Beam Cell+1","floor":35.0},{"not_picked":["Loop","Leap+1"],"picked":"Sunder","floor":36.0},{"not_picked":["Coolheaded","Ball Lightning"],"picked":"Streamline+1","floor":39.0},{"not_picked":["Rebound","Beam Cell+1","Reinforced Body+1"],"picked":"SKIP","floor":40.0},{"not_picked":["Streamline+1","Turbo"],"picked":"Melter+1","floor":44.0},{"not_picked":["Rebound+1","Coolheaded"],"picked":"Self Repair+1","floor":46.0},{"not_picked":["Steam Power","Barrage"],"picked":"Go for the Eyes+1","floor":48.0},{"not_picked":["Hello World","Gash"],"picked":"Auto Shields+1","floor":54.0}],"player_experience":156461,"relics_obtained":[{"floor":7.0,"key":"Boot"},{"floor":9.0,"key":"Vajra"},{"floor":19.0,"key":"Red Mask"},{"floor":26.0,"key":"Pantograph"},{"floor":40.0,"key":"Bag of Preparation"},{"floor":48.0,"key":"Incense Burner"},{"floor":54.0,"key":"Pen Nib"}],"event_choices":[{"damage_healed":0.0,"max_hp_gain":0.0,"max_hp_loss":0.0,"gold_gain":175.0,"event_name":"Liars Game","player_choice":"AGREE","floor":2.0,"gold_loss":0.0,"damage_taken":0.0,"cards_obtained":["Doubt"]},{"damage_healed":0.0,"max_hp_gain":0.0,"max_hp_loss":0.0,"gold_gain":0.0,"event_name":"Scrap Ooze","player_choice":"Success","floor":4.0,"gold_loss":0.0,"damage_taken":3.0,"relics_obtained":["StoneCalendar"]},{"cards_removed":["Doubt"],"damage_healed":0.0,"max_hp_gain":0.0,"max_hp_loss":0.0,"gold_gain":0.0,"event_name":"Golden Wing","player_choice":"Card Removal","floor":5.0,"gold_loss":0.0,"damage_taken":7.0},{"damage_healed":0.0,"max_hp_gain":0.0,"max_hp_loss":0.0,"gold_gain":0.0,"event_name":"Big Fish","player_choice":"Box","floor":13.0,"gold_loss":0.0,"damage_taken":0.0,"relics_obtained":["Nunchaku"],"cards_obtained":["Regret"]},{"damage_healed":0.0,"max_hp_gain":0.0,"max_hp_loss":0.0,"gold_gain":75.0,"event_name":"World of Goop","player_choice":"Gather Gold","floor":14.0,"gold_loss":0.0,"damage_taken":11.0},{"damage_healed":0.0,"max_hp_gain":0.0,"max_hp_loss":0.0,"gold_gain":0.0,"event_name":"Masked Bandits","player_choice":"Fought Bandits","floor":19.0,"gold_loss":0.0,"damage_taken":0.0},{"damage_healed":0.0,"max_hp_gain":0.0,"max_hp_loss":0.0,"gold_gain":0.0,"cards_transformed":["Defend_B"],"event_name":"Transmorgrifier","player_choice":"Transformed","floor":29.0,"gold_loss":0.0,"damage_taken":0.0,"cards_obtained":["Compile Driver"]},{"damage_healed":0.0,"max_hp_gain":0.0,"max_hp_loss":0.0,"gold_gain":0.0,"event_name":"The Library","player_choice":"Read","floor":31.0,"gold_loss":0.0,"damage_taken":0.0,"cards_obtained":["Echo Form"]},{"damage_healed":0.0,"max_hp_gain":0.0,"max_hp_loss":0.0,"gold_gain":0.0,"event_name":"Upgrade Shrine","player_choice":"Upgraded","floor":37.0,"gold_loss":0.0,"damage_taken":0.0,"cards_upgraded":["Buffer"]},{"damage_healed":0.0,"max_hp_gain":0.0,"max_hp_loss":0.0,"gold_gain":0.0,"event_name":"MindBloom","player_choice":"Fight","floor":48.0,"gold_loss":0.0,"damage_taken":0.0}],"is_beta":false,"boss_relics":[{"not_picked":["Ectoplasm","White Beast Statue"],"picked":"Velvet Choker"},{"not_picked":["Calling Bell","Nuclear Battery"],"picked":"Snecko Eye"}],"items_purged_floors":[22,38],"is_endless":false,"potions_floor_spawned":[1,10,12,16,20,24,25,28,36,39,40,48,54],"ascension_level":0}