{"gold_per_floor":[118,118,133,58,68,68,33,33,33,33,45,75,75,85,85,85],"floor_reached":16,"playtime":508,"items_purged":["Strike_B"],"score":100,"play_id":"333f3ecb-6802-4c08-9d53-9cdbe1dc27ae","local_time":"20181117171131","is_ascension_mode":false,"campfire_choices":[{"data":"Sunder","floor":6,"key":"SMITH"},{"data":"Zap","floor":8,"key":"SMITH"},{"data":"Loop","floor":10,"key":"SMITH"},{"data":"Chaos","floor":15,"key":"SMITH"}],"neow_cost":"NONE","seed_source_timestamp":316880014241845,"circlet_count":0,"master_deck":["Strike_B","Strike_B","Strike_B","Defend_B","Defend_B","Defend_B","Defend_B","Zap+1","Dualcast","Thunder Strike","Sunder+1","Steam","Turbo","Loop+1","Gash","Chaos+1","Regret","Turbo"],"relics":["Cracked Core","Potion Belt","Darkstone Periapt","Regal Pillow","Girya"],"potions_floor_usage":[16,16],"damage_taken":[{"damage":1,"enemies":"Cultist","floor":1,"turns":3},{"damage":2,"enemies":"2 Louse","floor":3,"turns":2},{"damage":5,"enemies":"Jaw Worm","floor":5,"turns":4},{"damage":5,"enemies":"Red Slaver","floor":11,"turns":3},{"damage":13,"enemies":"3 Sentries","floor":12,"turns":5},{"damage":14,"enemies":"Lots of Slimes","floor":14,"turns":4},{"damage":29,"enemies":"The Guardian","floor":16,"turns":7}],"seed_played":"-1604391163511797711","potions_obtained":[{"floor":1,"key":"Strength Potion"},{"floor":5,"key":"AttackPotion"},{"floor":11,"key":"Fire Potion"}],"is_trial":false,"path_per_floor":["M","?","M","$","M","R","$","R","T","R","M","E","?","M","R","B"],"character_chosen":"DEFECT","items_purchased":["Loop"],"campfire_rested":0,"item_purchase_floors":[7],"current_hp_per_floor":[74,62,60,60,55,55,55,55,55,55,50,37,43,29,29,0],"gold":85,"neow_bonus":"ONE_RANDOM_RARE_CARD","is_prod":false,"is_daily":false,"chose_seed":false,"campfire_upgraded":4,"win_rate":0.0,"timestamp":1542492691,"path_taken":["M","?","M","$","M","R","$","R","T","R","M","E","?","?","R","BOSS"],"build_version":"2018-11-15","purchased_purges":1,"victory":false,"max_hp_per_floor":[75,75,75,75,75,75,75,75,75,75,75,75,81,81,81,81],"card_choices":[{"not_picked":["Streamline","Cold Snap"],"picked":"Sunder","floor":1},{"not_picked":["Chill","Streamline"],"picked":"Steam","floor":3},{"not_picked":["Fusion","Scrape"],"picked":"Turbo","floor":5},{"not_picked":["Lockon","Double Energy"],"picked":"Gash","floor":11},{"not_picked":["Compile Driver","Biased Cognition"],"picked":"Chaos","floor":12},{"not_picked":["Hologram","Conserve Battery"],"picked":"Turbo","floor":14}],"player_experience":114526,"relics_obtained":[{"floor":9,"key":"Darkstone Periapt"},{"floor":12,"key":"Regal Pillow"}],"event_choices":[{"damage_healed":0,"gold_gain":0,"player_choice":"Success","damage_taken":12,"relics_obtained":["Potion Belt"],"max_hp_gain":0,"max_hp_loss":0,"event_name":"Scrap Ooze","floor":2,"gold_loss":0},{"damage_healed":0,"gold_gain":0,"player_choice":"Box","damage_taken":0,"relics_obtained":["Girya"],"max_hp_gain":0,"max_hp_loss":0,"event_name":"Big Fish","floor":13,"gold_loss":0,"cards_obtained":["Regret"]}],"is_beta":false,"boss_relics":[],"items_purged_floors":[4],"is_endless":false,"potions_floor_spawned":[1,5,11],"killed_by":"The Guardian","ascension_level":0}