{"gold_per_floor":[117,42,59,73,90,90,107,107,107,7,7,39,49,65,65,168,168,186,186,186,61,61,86,86,105,105,118,136,136],"floor_reached":29,"playtime":784,"items_purged":["Strike_R","Strike_R","Strike_R"],"score":247,"play_id":"6c8f3f9e-7400-41fa-a56d-ab3460934c2b","local_time":"20190808210313","is_ascension_mode":false,"campfire_choices":[{"data":"Bash","floor":6,"key":"SMITH"},{"floor":8,"key":"REST"},{"data":"Defend_R","floor":11,"key":"SMITH"},{"data":"Demon Form","floor":15,"key":"SMITH"},{"floor":24,"key":"REST"}],"neow_cost":"NONE","seed_source_timestamp":264666908548991,"circlet_count":0,"master_deck":["Strike_R","Strike_R","Defend_R+1","Defend_R","Defend_R","Defend_R","Bash+1","Heavy Blade","Demon Form+1","Limit Break"],"relics":["Burning Blood","NeowsBlessing","Turnip","Mango","Sozu","Calipers","Gambling Chip","Nunchaku"],"potions_floor_usage":[29],"damage_taken":[{"damage":0,"enemies":"Cultist","floor":1,"turns":1},{"damage":0,"enemies":"Jaw Worm","floor":3,"turns":1},{"damage":0,"enemies":"Small Slimes","floor":4,"turns":1},{"damage":6,"enemies":"Exordium Wildlife","floor":5,"turns":6},{"damage":27,"enemies":"Exordium Thugs","floor":7,"turns":8},{"damage":27,"enemies":"Gremlin Nob","floor":12,"turns":4},{"damage":12,"enemies":"Blue Slaver","floor":13,"turns":4},{"damage":0,"enemies":"Large Slime","floor":14,"turns":6},{"damage":22,"enemies":"Slime Boss","floor":16,"turns":8},{"damage":0,"enemies":"Chosen","floor":18,"turns":4},{"damage":82,"enemies":"Slavers","floor":23,"turns":7},{"damage":10,"enemies":"Spheric Guardian","floor":25,"turns":4},{"damage":5,"enemies":"Chosen and Byrds","floor":27,"turns":4},{"damage":16,"enemies":"Snake Plant","floor":28,"turns":3},{"damage":44,"enemies":"Gremlin Leader","floor":29,"turns":2}],"seed_played":"92064800035332275","potions_obtained":[{"floor":4,"key":"SpeedPotion"},{"floor":12,"key":"SmokeBomb"},{"floor":13,"key":"Ancient Potion"},{"floor":14,"key":"Regen Potion"}],"is_trial":false,"path_per_floor":["M","$","M","M","M","R","M","R","T","$","R","E","M","M","R","B",null,"M","?","?","$","T","E","R","M","T","M","M","E"],"character_chosen":"IRONCLAD","items_purchased":[],"campfire_rested":2,"item_purchase_floors":[],"current_hp_per_floor":[80,80,80,80,80,80,59,80,80,80,80,73,67,73,73,57,94,94,94,94,94,94,18,46,42,42,43,33,0],"gold":136,"neow_bonus":"THREE_ENEMY_KILL","is_prod":false,"is_daily":false,"chose_seed":false,"campfire_upgraded":3,"win_rate":0,"timestamp":1565312593,"path_taken":["M","$","?","M","?","R","M","R","T","$","R","E","M","M","R","BOSS","M","?","?","$","?","E","R","M","T","M","?","E"],"build_version":"2019-07-17","purchased_purges":3,"victory":false,"max_hp_per_floor":[80,80,80,80,80,80,80,80,80,80,80,94,94,94,94,94,94,94,94,94,94,94,94,94,94,94,94,94,94],"card_choices":[{"not_picked":["Headbutt","Whirlwind","Pommel Strike"],"picked":"SKIP","floor":1},{"not_picked":["Twin Strike","Iron Wave","Shrug It Off"],"picked":"SKIP","floor":3},{"not_picked":["Pommel Strike","Power Through"],"picked":"Heavy Blade","floor":4},{"not_picked":["Feel No Pain","Iron Wave","Clothesline"],"picked":"SKIP","floor":5},{"not_picked":["Ghostly Armor","Feed","Seeing Red"],"picked":"SKIP","floor":7},{"not_picked":["Thunderclap","Pommel Strike"],"picked":"Demon Form","floor":12},{"not_picked":["Bloodletting","Cleave","Flex"],"picked":"SKIP","floor":13},{"not_picked":["Inflame","Warcry","Thunderclap"],"picked":"SKIP","floor":14},{"not_picked":["Immolate","Dark Embrace"],"picked":"Limit Break","floor":16},{"not_picked":["Power Through","True Grit","Heavy Blade"],"picked":"SKIP","floor":18},{"not_picked":["Cleave","Searing Blow","Uppercut"],"picked":"SKIP","floor":23},{"not_picked":["Iron Wave+1","Flex","Sword Boomerang"],"picked":"SKIP","floor":25},{"not_picked":["Seeing Red","Blood for Blood","Feel No Pain"],"picked":"SKIP","floor":27},{"not_picked":["Flame Barrier","Warcry","Armaments"],"picked":"SKIP","floor":28}],"player_experience":764598,"relics_obtained":[{"floor":9,"key":"Turnip"},{"floor":12,"key":"Mango"},{"floor":22,"key":"Calipers"},{"floor":23,"key":"Gambling Chip"},{"floor":26,"key":"Nunchaku"}],"event_choices":[{"damage_healed":0,"gold_gain":0,"player_choice":"Ignored","damage_taken":0,"max_hp_gain":0,"max_hp_loss":0,"event_name":"Vampires","floor":19,"gold_loss":0},{"damage_healed":0,"gold_gain":0,"player_choice":"Ignored","damage_taken":0,"max_hp_gain":0,"max_hp_loss":0,"event_name":"The Mausoleum","floor":20,"gold_loss":0}],"is_beta":false,"boss_relics":[{"not_picked":["Eternal Feather","Calling Bell"],"picked":"Sozu"}],"items_purged_floors":[2,10,21],"is_endless":false,"potions_floor_spawned":[4,12,13,14,18,23,28],"killed_by":"Gremlin Leader","ascension_level":0}