{"gold_per_floor":[118,118,133,133,146,146,171,51,51,80,80,95,95,125,125,227,227,238,256,7,7,367,367,395,415,462,462,52,52,69,169,169,265,265,279,279,297,297,308,308,408,408],"floor_reached":42,"playtime":1689,"items_purged":["Pain","Strike_R","Strike_R"],"score":746,"play_id":"5dce3c10-db9a-4837-ad0b-8339c8850f92","local_time":"20190403202437","is_ascension_mode":true,"campfire_choices":[{"data":"Hemokinesis","floor":6,"key":"SMITH"},{"data":"Shrug It Off","floor":11,"key":"SMITH"},{"data":"Bash","floor":13,"key":"SMITH"},{"data":"Battle Trance","floor":15,"key":"SMITH"},{"floor":23,"key":"REST"},{"floor":27,"key":"RECALL"},{"floor":32,"key":"REST"},{"floor":40,"key":"REST"}],"neow_cost":"NONE","seed_source_timestamp":931015952576863,"circlet_count":0,"master_deck":["AscendersBane","Strike_R+1","Strike_R+1","Strike_R","Defend_R","Defend_R","Defend_R","Defend_R","Bash+1","Hemokinesis+1","Anger","Shrug It Off+1","Shrug It Off","Anger","Brutality","Battle Trance","Feed","Shrug It Off","Armaments+1","True Grit+1","Clothesline+1"],"relics":["Black Blood","Whetstone","WarpedTongs","Bottled Lightning","Self Forming Clay","Fusion Hammer","PreservedInsect","Lantern","Unceasing Top","Happy Flower","Shuriken","Girya","Bottled Tornado","Mango"],"potions_floor_usage":[31,33,35,42],"damage_taken":[{"damage":0,"enemies":"Small Slimes","floor":1,"turns":3},{"damage":9,"enemies":"Cultist","floor":3,"turns":3},{"damage":3,"enemies":"2 Louse","floor":5,"turns":2},{"damage":31,"enemies":"Lagavulin","floor":7,"turns":5},{"damage":8,"enemies":"3 Sentries","floor":10,"turns":7},{"damage":2,"enemies":"2 Fungi Beasts","floor":12,"turns":3},{"damage":39,"enemies":"Hexaghost","floor":16,"turns":6},{"damage":10,"enemies":"2 Thieves","floor":18,"turns":4},{"damage":7,"enemies":"Shell Parasite","floor":19,"turns":3},{"damage":8,"enemies":"Gremlin Leader","floor":24,"turns":5},{"damage":16,"enemies":"Shelled Parasite and Fungi","floor":25,"turns":4},{"damage":14,"enemies":"Snake Plant","floor":30,"turns":3},{"damage":4,"enemies":"Colosseum Slavers","floor":31,"turns":4},{"damage":14,"enemies":"Colosseum Nobs","floor":31,"turns":3},{"damage":65,"enemies":"Champ","floor":33,"turns":9},{"damage":28,"enemies":"3 Darklings","floor":35,"turns":4},{"damage":17,"enemies":"Orb Walker","floor":37,"turns":5},{"damage":37,"enemies":"Spire Growth","floor":39,"turns":4},{"damage":40,"enemies":"Mind Bloom Boss Battle","floor":41,"turns":7},{"damage":60,"enemies":"Reptomancer","floor":42,"turns":4}],"seed_played":"5431294185282323831","potions_obtained":[{"floor":5,"key":"SpeedPotion"},{"floor":10,"key":"Energy Potion"},{"floor":12,"key":"LiquidBronze"},{"floor":30,"key":"Poison Potion"},{"floor":31,"key":"Dexterity Potion"},{"floor":33,"key":"EssenceOfSteel"},{"floor":35,"key":"Poison Potion"}],"is_trial":false,"path_per_floor":["M","?","M","?","M","R","E","$","T","E","R","M","R","?","R","B",null,"M","M","$","?","?","R","E","M","T","R","$","?","M","?","R","B",null,"M","?","M","?","M","R","?","E"],"character_chosen":"IRONCLAD","items_purchased":["Shrug It Off","PreservedInsect","Shuriken","Shrug It Off"],"campfire_rested":3,"item_purchase_floors":[8,20,28,28],"current_hp_per_floor":[78,83,80,80,83,83,58,58,58,56,56,60,60,60,60,27,71,67,66,66,66,26,51,49,42,42,42,42,42,38,38,67,8,76,61,61,58,58,34,66,50,0],"gold":408,"neow_bonus":"RANDOM_COMMON_RELIC","is_prod":false,"is_daily":false,"chose_seed":false,"campfire_upgraded":4,"win_rate":0,"timestamp":1554337477,"path_taken":["M","?","M","?","M","R","E","$","T","E","R","?","R","?","R","BOSS","M","M","$","?","?","R","E","?","T","R","$","?","M","?","R","BOSS","M","?","M","?","M","R","?","E"],"build_version":"2019-01-23","purchased_purges":3,"victory":false,"max_hp_per_floor":[80,85,85,85,85,85,85,85,85,85,85,85,85,85,85,85,85,85,85,85,85,85,85,85,88,88,88,88,88,92,98,98,98,98,101,101,105,105,108,108,122,122],"card_choices":[{"not_picked":["Wild Strike","Cleave"],"picked":"Hemokinesis","floor":1},{"not_picked":["Headbutt","Blood for Blood"],"picked":"Anger","floor":3},{"not_picked":["Feel No Pain","Power Through"],"picked":"Shrug It Off","floor":5},{"not_picked":["Body Slam","Flex"],"picked":"Battle Trance","floor":7},{"not_picked":["Clash","Second Wind","Body Slam"],"picked":"SKIP","floor":10},{"not_picked":["Searing Blow","Pommel Strike"],"picked":"Anger","floor":12},{"not_picked":["Fiend Fire","Bludgeon"],"picked":"Brutality","floor":16},{"not_picked":["Cleave","Flex","Dual Wield"],"picked":"SKIP","floor":18},{"not_picked":["Iron Wave","Sword Boomerang"],"picked":"Battle Trance","floor":19},{"not_picked":["Searing Blow","Pummel"],"picked":"Feed","floor":24},{"not_picked":["Hemokinesis","Pommel Strike","Bloodletting"],"picked":"SKIP","floor":25},{"not_picked":["Dropkick","Infernal Blade+1","Whirlwind"],"picked":"SKIP","floor":30},{"not_picked":["Wild Strike","Thunderclap"],"picked":"Armaments+1","floor":35},{"not_picked":["Twin Strike","Anger","Cleave"],"picked":"SKIP","floor":37},{"not_picked":["Pummel+1","Warcry"],"picked":"True Grit+1","floor":39},{"not_picked":["Wild Strike","Perfected Strike+1"],"picked":"Clothesline+1","floor":41}],"player_experience":368014,"relics_obtained":[{"floor":7,"key":"Bottled Lightning"},{"floor":10,"key":"Self Forming Clay"},{"floor":24,"key":"Unceasing Top"},{"floor":26,"key":"Happy Flower"},{"floor":31,"key":"Girya"},{"floor":31,"key":"Bottled Tornado"},{"floor":41,"key":"Mango"}],"event_choices":[{"damage_healed":0,"gold_gain":0,"player_choice":"Donut","damage_taken":0,"max_hp_gain":5,"max_hp_loss":0,"event_name":"Big Fish","floor":2,"gold_loss":0},{"damage_healed":0,"gold_gain":0,"player_choice":"Rummage","damage_taken":0,"relics_obtained":["WarpedTongs"],"max_hp_gain":0,"max_hp_loss":0,"event_name":"Accursed Blacksmith","floor":4,"gold_loss":0,"cards_obtained":["Pain"]},{"damage_healed":0,"gold_gain":30,"player_choice":"Searched \u00272\u0027 times","damage_taken":0,"max_hp_gain":0,"max_hp_loss":0,"event_name":"Dead Adventurer","floor":14,"gold_loss":0},{"damage_healed":0,"gold_gain":0,"player_choice":"Opened","damage_taken":0,"relics_obtained":["Lantern"],"max_hp_gain":0,"max_hp_loss":0,"event_name":"The Mausoleum","floor":21,"gold_loss":0},{"damage_healed":0,"gold_gain":360,"player_choice":"GOLD GOLD GOLD GOLD ","damage_taken":40,"max_hp_gain":0,"max_hp_loss":0,"event_name":"Knowing Skull","floor":22,"potions_obtained":[],"gold_loss":0,"cards_obtained":[]},{"damage_healed":0,"gold_gain":0,"player_choice":"Ignored","damage_taken":0,"max_hp_gain":0,"max_hp_loss":0,"event_name":"Vampires","floor":29,"gold_loss":0},{"damage_healed":0,"gold_gain":0,"player_choice":"Fight","damage_taken":0,"max_hp_gain":0,"max_hp_loss":0,"event_name":"Colosseum","floor":31,"gold_loss":0},{"damage_healed":0,"gold_gain":0,"player_choice":"Fought Nobs","damage_taken":0,"max_hp_gain":0,"max_hp_loss":0,"event_name":"Colosseum","floor":31,"gold_loss":0},{"damage_healed":0,"gold_gain":0,"player_choice":"Ignored","damage_taken":0,"max_hp_gain":0,"max_hp_loss":0,"event_name":"Tomb of Lord Red Mask","floor":36,"gold_loss":0},{"cards_removed":["Battle Trance"],"damage_healed":0,"gold_gain":0,"player_choice":"Removed Skill","damage_taken":0,"max_hp_gain":0,"max_hp_loss":0,"event_name":"Falling","floor":38,"gold_loss":0},{"damage_healed":0,"gold_gain":0,"player_choice":"Fight","damage_taken":0,"max_hp_gain":0,"max_hp_loss":0,"event_name":"MindBloom","floor":41,"gold_loss":0}],"is_beta":false,"boss_relics":[{"not_picked":["Pandora\u0027s Box","Runic Cube"],"picked":"Fusion Hammer"},{"not_picked":["Astrolabe","Runic Dome"],"picked":"Black Blood"}],"items_purged_floors":[8,20,28],"is_endless":false,"potions_floor_spawned":[5,10,12,30,31,33,35,37],"killed_by":"Reptomancer","ascension_level":10}