{"gold_per_floor":[113,113,131,151,49,82,102,102,102,102,135,6,6,23,23,23],"floor_reached":16,"playtime":491,"items_purged":[],"score":220,"play_id":"aa63d1b5-68ff-4a37-9151-ac0c11f24263","local_time":"20190818162621","is_ascension_mode":true,"campfire_choices":[{"data":"Deadly Poison","floor":8.0,"key":"SMITH"},{"data":"Deadly Poison","floor":10.0,"key":"SMITH"},{"data":"Neutralize","floor":15.0,"key":"SMITH"}],"neow_cost":"NONE","seed_source_timestamp":137249354424600,"circlet_count":0,"master_deck":["AscendersBane","Strike_G","Strike_G","Strike_G","Strike_G","Strike_G","Defend_G","Defend_G","Defend_G","Defend_G","Defend_G","Survivor","Neutralize+1","Deadly Poison+1","Sucker Punch","Deadly Poison+1","Poisoned Stab","PiercingWail","Calculated Gamble","Outmaneuver","Flechettes","Parasite"],"special_seed":0,"relics":["Ring of the Snake","NeowsBlessing","Ninja Scroll","Darkstone Periapt","Matryoshka","Torii"],"potions_floor_usage":[16],"damage_taken":[{"damage":0.0,"enemies":"2 Louse","floor":1.0,"turns":1.0},{"damage":0.0,"enemies":"Cultist","floor":3.0,"turns":1.0},{"damage":0.0,"enemies":"Small Slimes","floor":4.0,"turns":1.0},{"damage":19.0,"enemies":"Gremlin Nob","floor":6.0,"turns":4.0},{"damage":0.0,"enemies":"Looter","floor":7.0,"turns":3.0},{"damage":25.0,"enemies":"Lagavulin","floor":11.0,"turns":5.0},{"damage":1.0,"enemies":"Large Slime","floor":14.0,"turns":4.0},{"damage":23,"enemies":"Slime Boss","floor":16,"turns":7}],"seed_played":"5211441046599801287","potions_obtained":[{"floor":3.0,"key":"GamblersBrew"},{"floor":6.0,"key":"Energy Potion"}],"is_trial":false,"path_per_floor":["M","?","M","M","$","E","M","R","T","R","E","$","?","M","R","B"],"character_chosen":"THE_SILENT","items_purchased":["Deadly Poison","Poisoned Stab","Flechettes","SteroidPotion"],"campfire_rested":0,"item_purchase_floors":[5,5,12,12],"current_hp_per_floor":[59,59,59,59,59,40,40,40,40,40,15,15,37,36,36,13],"gold":23,"neow_bonus":"THREE_ENEMY_KILL","is_prod":false,"is_daily":false,"chose_seed":false,"campfire_upgraded":3,"win_rate":0,"timestamp":1566138381,"path_taken":["M","?","M","?","?","E","M","R","T","R","E","$","?","M","R","BOSS"],"build_version":"2019-07-17","purchased_purges":0,"victory":false,"max_hp_per_floor":[66,66,66,66,66,66,66,66,66,66,66,66,72,72,72,72],"card_choices":[{"not_picked":["Deflect","Flying Knee"],"picked":"Sucker Punch","floor":1.0},{"not_picked":["Concentrate","Outmaneuver"],"picked":"Deadly Poison","floor":3.0},{"not_picked":["Expertise","Calculated Gamble"],"picked":"Sucker Punch","floor":4.0},{"not_picked":["Riddle With Holes","Endless Agony"],"picked":"PiercingWail","floor":6.0},{"not_picked":["Acrobatics","Riddle With Holes"],"picked":"Calculated Gamble","floor":7.0},{"not_picked":["Phantasmal Killer","Deflect"],"picked":"Outmaneuver","floor":11.0},{"not_picked":["Dagger Throw","Calculated Gamble","Quick Slash"],"picked":"SKIP","floor":14.0}],"player_experience":1126931,"relics_obtained":[{"floor":6.0,"key":"Darkstone Periapt"},{"floor":9.0,"key":"Matryoshka"},{"floor":11.0,"key":"Torii"}],"event_choices":[{"cards_removed":["Sucker Punch"],"damage_healed":0.0,"max_hp_gain":0.0,"max_hp_loss":0.0,"gold_gain":0.0,"event_name":"WeMeetAgain","player_choice":"Gave Card","floor":2.0,"gold_loss":0.0,"damage_taken":0.0,"relics_obtained":["Ninja Scroll"]},{"damage_healed":16.0,"max_hp_gain":0.0,"max_hp_loss":0.0,"gold_gain":0.0,"event_name":"Mushrooms","player_choice":"Healed and dodged fight","floor":13.0,"gold_loss":0.0,"damage_taken":0.0,"cards_obtained":["Parasite"]}],"is_beta":false,"boss_relics":[],"items_purged_floors":[],"is_endless":false,"potions_floor_spawned":[3,6],"killed_by":"Slime Boss","ascension_level":20}