{"gold_per_floor":[113,60,77,97,110,110,121,151,226,226,226,247,247,263,263,367,367,382,394,394,406,432,432,432,432,432,218,231,260,38,38],"floor_reached":31,"playtime":1192,"items_purged":["Regret"],"score":255,"play_id":"1e8e4a08-d393-4f60-8d53-639f7e3f2933","local_time":"20190608192748","is_ascension_mode":false,"campfire_choices":[{"data":"Zap","floor":6,"key":"SMITH"},{"data":"Storm","floor":10,"key":"SMITH"},{"floor":13,"key":"REST"},{"floor":15,"key":"REST"},{"data":"Consume","floor":23,"key":"SMITH"},{"data":"Blizzard","floor":25,"key":"SMITH"}],"neow_cost":"TEN_PERCENT_HP_LOSS","seed_source_timestamp":113236165753606,"circlet_count":0,"master_deck":["Strike_B","Strike_B","Strike_B","Strike_B","Defend_B","Defend_B","Defend_B","Defend_B+1","Zap+1","Dualcast+1","Amplify","Cold Snap","Go for the Eyes","Cold Snap","Blizzard+1","Glacier","Storm+1","Barrage","Cold Snap","Electrodynamics+1","Consume+1","Ball Lightning","Necronomicurse","Double Energy","Decay","Shame","Echo Form+1","Defragment+1","Capacitor+1"],"relics":["Cracked Core","DataDisk","Frozen Egg 2","Odd Mushroom","Cursed Key","Necronomicon","Singing Bowl","Gambling Chip","Anchor"],"potions_floor_usage":[8,16,18,28,29,31],"damage_taken":[{"damage":6,"enemies":"Jaw Worm","floor":1,"turns":3},{"damage":0,"enemies":"Small Slimes","floor":3,"turns":3},{"damage":5,"enemies":"2 Louse","floor":4,"turns":2},{"damage":5,"enemies":"Exordium Wildlife","floor":5,"turns":4},{"damage":13,"enemies":"Lots of Slimes","floor":7,"turns":4},{"damage":7,"enemies":"Lagavulin","floor":8,"turns":7},{"damage":14,"enemies":"The Mushroom Lair","floor":12,"turns":4},{"damage":0,"enemies":"Looter","floor":14,"turns":3},{"damage":8,"enemies":"Hexaghost","floor":16,"turns":11},{"damage":0,"enemies":"Spheric Guardian","floor":18,"turns":3},{"damage":15,"enemies":"2 Thieves","floor":19,"turns":3},{"damage":0,"enemies":"Cultist and Chosen","floor":21,"turns":4},{"damage":19,"enemies":"Snake Plant","floor":28,"turns":3},{"damage":6,"enemies":"Slavers","floor":29,"turns":3},{"damage":15,"enemies":"Gremlin Leader","floor":31,"turns":2}],"seed_played":"-1412199124337995634","potions_obtained":[{"floor":3,"key":"FocusPotion"},{"floor":4,"key":"Swift Potion"},{"floor":8,"key":"SneckoOil"},{"floor":14,"key":"LiquidBronze"},{"floor":16,"key":"SteroidPotion"},{"floor":19,"key":"LiquidBronze"},{"floor":29,"key":"Swift Potion"}],"is_trial":false,"path_per_floor":["M","$","M","M","M","R","M","E","T","R","?","?","R","M","R","B",null,"M","M","?","M","T","R","?","R","T","$","M","E","$","E"],"character_chosen":"DEFECT","items_purchased":["Go for the Eyes","Echo Form+1","Capacitor+1","Anchor"],"campfire_rested":2,"item_purchase_floors":[2,27,30,30],"current_hp_per_floor":[62,62,62,57,52,52,39,32,32,32,18,4,24,24,44,36,68,68,53,37,37,37,37,37,37,37,37,18,14,14,0],"gold":38,"neow_bonus":"THREE_RARE_CARDS","is_prod":false,"is_daily":false,"chose_seed":false,"campfire_upgraded":4,"win_rate":0,"timestamp":1560040068,"path_taken":["M","$","M","M","M","R","M","E","T","R","?","?","R","M","R","BOSS","M","M","?","M","?","R","?","R","T","$","?","E","?","E"],"build_version":"2019-01-23","purchased_purges":1,"victory":false,"max_hp_per_floor":[68,68,68,68,68,68,68,68,68,68,68,68,68,68,68,68,68,68,68,68,68,68,68,68,68,68,68,68,70,70,70],"card_choices":[{"not_picked":["Multi-Cast","Fission"],"picked":"Amplify","floor":0},{"not_picked":["Streamline","Self Repair"],"picked":"Cold Snap","floor":1},{"not_picked":["Recycle","Hologram"],"picked":"Cold Snap","floor":3},{"not_picked":["Beam Cell","Capacitor"],"picked":"Blizzard","floor":4},{"not_picked":["Rip and Tear","Steam Power","Turbo"],"picked":"SKIP","floor":5},{"not_picked":["Go for the Eyes","Machine Learning"],"picked":"Glacier","floor":7},{"not_picked":["Multi-Cast","Heatsinks"],"picked":"Storm","floor":8},{"not_picked":["Leap","Recycle"],"picked":"Barrage","floor":12},{"not_picked":["Sunder","Streamline"],"picked":"Cold Snap","floor":14},{"not_picked":["Core Surge","Meteor Strike"],"picked":"Electrodynamics+1","floor":16},{"not_picked":["BootSequence","Sweeping Beam"],"picked":"Consume","floor":18},{"not_picked":["Streamline","Redo"],"picked":"Ball Lightning","floor":19},{"not_picked":["Leap","BootSequence+1"],"picked":"Double Energy","floor":21},{"not_picked":["Chill","Sweeping Beam"],"picked":"Defragment+1","floor":28},{"not_picked":["FTL","Ball Lightning","Scrape"],"picked":"Singing Bowl","floor":29}],"player_experience":144820,"relics_obtained":[{"floor":8,"key":"DataDisk"},{"floor":9,"key":"Frozen Egg 2"},{"floor":12,"key":"Odd Mushroom"},{"floor":20,"key":"Necronomicon"},{"floor":26,"key":"Singing Bowl"},{"floor":29,"key":"Gambling Chip"}],"event_choices":[{"damage_healed":0,"gold_gain":0,"player_choice":"Entered Light","damage_taken":14,"max_hp_gain":0,"max_hp_loss":0,"event_name":"Shining Light","floor":11,"gold_loss":0,"cards_upgraded":["Defend_B","Dualcast"]},{"damage_healed":0,"gold_gain":0,"player_choice":"Fought Mushrooms","damage_taken":0,"max_hp_gain":0,"max_hp_loss":0,"event_name":"Mushrooms","floor":12,"gold_loss":0},{"damage_healed":0,"gold_gain":0,"player_choice":"Obtained Book","damage_taken":16,"max_hp_gain":0,"max_hp_loss":0,"event_name":"Cursed Tome","floor":20,"gold_loss":0},{"damage_healed":0,"gold_gain":0,"player_choice":"Smashed Altar","damage_taken":0,"max_hp_gain":0,"max_hp_loss":0,"event_name":"Forgotten Altar","floor":24,"gold_loss":0,"cards_obtained":["Decay"]}],"is_beta":false,"boss_relics":[{"not_picked":["Runic Dome","Tiny House"],"picked":"Cursed Key"}],"items_purged_floors":[27],"is_endless":false,"potions_floor_spawned":[3,4,8,14,16,19,29],"killed_by":"Gremlin Leader","ascension_level":0}