{"gold_per_floor":[365,49,66,66,79,114,134,166,166,196,209,209,209,228,228,327,327,346,261,114,128,141,141],"floor_reached":23,"playtime":1559,"items_purged":["Strike_R","Defend_R"],"score":288,"play_id":"6853789e-0e73-4f6f-b9c5-868971501b6a","local_time":"20181219151337","is_ascension_mode":true,"campfire_choices":[{"data":"Body Slam","floor":12,"key":"SMITH"},{"data":"Metallicize","floor":15,"key":"SMITH"}],"neow_cost":"TEN_PERCENT_HP_LOSS","seed_source_timestamp":2230797530242293,"circlet_count":0,"master_deck":["Strike_R","Strike_R","Strike_R","Strike_R","Defend_R","Defend_R","Defend_R+1","Bash+1","True Grit","Clash","Metallicize+1","Wild Strike+1","Clash","Body Slam+1","Anger","Headbutt","Juggernaut","True Grit+1","Sword Boomerang","Iron Wave+1","Feel No Pain"],"relics":["Burning Blood","Shuriken","Bag of Preparation","Ice Cream","Singing Bowl","Bottled Tornado","Black Star","Ancient Tea Set"],"potions_floor_usage":[6,8,10,11],"damage_taken":[{"damage":8,"enemies":"Jaw Worm","floor":1,"turns":4},{"damage":6,"enemies":"Cultist","floor":3,"turns":3},{"damage":1,"enemies":"2 Louse","floor":5,"turns":3},{"damage":13,"enemies":"Gremlin Nob","floor":6,"turns":4},{"damage":3,"enemies":"Looter","floor":7,"turns":4},{"damage":11,"enemies":"3 Sentries","floor":8,"turns":11},{"damage":18,"enemies":"Lagavulin","floor":10,"turns":6},{"damage":0,"enemies":"2 Fungi Beasts","floor":11,"turns":2},{"damage":1,"enemies":"Red Slaver","floor":14,"turns":3},{"damage":2,"enemies":"Slime Boss","floor":16,"turns":8},{"damage":19,"enemies":"Shell Parasite","floor":18,"turns":6},{"damage":36,"enemies":"3 Byrds","floor":21,"turns":7},{"damage":21,"enemies":"Cultist and Chosen","floor":22,"turns":6},{"damage":16,"enemies":"Gremlin Leader","floor":23,"turns":2}],"seed_played":"-8534046366430268431","potions_obtained":[{"floor":5,"key":"AttackPotion"},{"floor":7,"key":"Fire Potion"},{"floor":8,"key":"Regen Potion"},{"floor":10,"key":"Explosive Potion"}],"is_trial":false,"path_per_floor":["M","$","M","?","M","E","M","E","T","E","M","R","?","M","R","B",null,"M","?","$","M","M","E"],"character_chosen":"IRONCLAD","items_purchased":["Shuriken","Sword Boomerang"],"campfire_rested":0,"item_purchase_floors":[2,20],"current_hp_per_floor":[70,70,70,70,72,65,68,63,63,66,72,72,58,63,63,67,71,58,58,58,28,13,0],"gold":141,"neow_bonus":"TWO_FIFTY_GOLD","is_prod":false,"is_daily":false,"chose_seed":false,"campfire_upgraded":2,"win_rate":0,"timestamp":1545210817,"path_taken":["M","$","M","?","M","E","M","E","T","E","?","R","?","M","R","BOSS","M","?","$","M","M","E"],"build_version":"2018-12-13","purchased_purges":2,"victory":false,"max_hp_per_floor":[72,72,72,72,72,72,72,72,72,72,72,72,72,72,72,72,72,72,72,72,72,72,72],"card_choices":[{"not_picked":["Rupture","Armaments"],"picked":"True Grit","floor":1},{"not_picked":["Havoc","Berserk"],"picked":"Clash","floor":3},{"not_picked":["Perfected Strike","Corruption"],"picked":"Metallicize","floor":5},{"not_picked":["Shrug It Off","Uppercut"],"picked":"Wild Strike","floor":6},{"not_picked":["Twin Strike","True Grit","Entrench"],"picked":"SKIP","floor":7},{"not_picked":["Shrug It Off","Warcry"],"picked":"Clash","floor":8},{"not_picked":["Cleave","Pommel Strike"],"picked":"Body Slam","floor":10},{"not_picked":["True Grit","Twin Strike"],"picked":"Anger","floor":11},{"not_picked":["Immolate","Cleave"],"picked":"Headbutt","floor":14},{"not_picked":["Fiend Fire","Dark Embrace"],"picked":"Juggernaut","floor":16},{"not_picked":["Intimidate","Sever Soul"],"picked":"True Grit+1","floor":18},{"not_picked":["Sword Boomerang","Pommel Strike+1"],"picked":"Iron Wave+1","floor":21},{"not_picked":["Rupture","Rage"],"picked":"Feel No Pain","floor":22}],"player_experience":339443,"relics_obtained":[{"floor":6,"key":"Bag of Preparation"},{"floor":8,"key":"Ice Cream"},{"floor":9,"key":"Singing Bowl"},{"floor":10,"key":"Bottled Tornado"}],"event_choices":[{"damage_healed":0,"gold_gain":0,"player_choice":"Upgraded","damage_taken":0,"max_hp_gain":0,"max_hp_loss":0,"event_name":"Upgrade Shrine","floor":4,"gold_loss":0,"cards_upgraded":["Bash"]},{"damage_healed":0,"gold_gain":0,"player_choice":"Entered Light","damage_taken":14,"max_hp_gain":0,"max_hp_loss":0,"event_name":"Shining Light","floor":13,"gold_loss":0,"cards_upgraded":["Wild Strike","Defend_R"]},{"damage_healed":0,"gold_gain":0,"player_choice":"Obtained Relic","damage_taken":0,"relics_obtained":["Ancient Tea Set"],"max_hp_gain":0,"max_hp_loss":0,"event_name":"Addict","floor":19,"gold_loss":85}],"is_beta":false,"boss_relics":[{"not_picked":["Sozu","Cursed Key"],"picked":"Black Star"}],"items_purged_floors":[2,20],"is_endless":false,"potions_floor_spawned":[5,7,8,10],"killed_by":"Gremlin Leader","ascension_level":7}