{"gold_per_floor":[119,119,294,309,259,288,288,14,14,49,69,69,79,96,96,197,197,215,227,73,348,368,368,368],"floor_reached":24,"playtime":1012,"items_purged":[],"score":327,"play_id":"d8598d96-e2c2-4af1-ac8c-70cdf7ee9f27","local_time":"20190808204155","is_ascension_mode":true,"campfire_choices":[{"data":"Cold Snap","floor":7,"key":"SMITH"},{"data":"Beam Cell","floor":12,"key":"SMITH"},{"floor":15,"key":"REST"},{"floor":23,"key":"REST"}],"neow_cost":"NONE","seed_source_timestamp":45190346825573,"circlet_count":0,"master_deck":["Strike_B","Strike_B","Strike_B","Defend_B","Defend_B","Defend_B","Zap","Dualcast","Cold Snap+1","Doubt","Lockon","Lockon","Go for the Eyes","Conserve Battery","Beam Cell+1","Ball Lightning","Barrage","Coolheaded+1","Self Repair","Rainbow+1","Pain","Normality","Pain","Rainbow+1","Cold Snap+1","Regret","Coolheaded+1"],"relics":["Cracked Core","Question Card","Bag of Marbles","Vajra","Toxic Egg 2","Calling Bell","Bronze Scales","Mercury Hourglass","WingedGreaves","Blood Vial"],"potions_floor_usage":[6,16,24],"damage_taken":[{"damage":1,"enemies":"Cultist","floor":1,"turns":3},{"damage":7,"enemies":"2 Louse","floor":4,"turns":2},{"damage":39,"enemies":"Lagavulin","floor":6,"turns":6},{"damage":9,"enemies":"Gremlin Nob","floor":10,"turns":3},{"damage":7,"enemies":"Jaw Worm","floor":11,"turns":2},{"damage":0,"enemies":"Blue Slaver","floor":13,"turns":2},{"damage":12,"enemies":"Lots of Slimes","floor":14,"turns":2},{"damage":14,"enemies":"Slime Boss","floor":16,"turns":9},{"damage":29,"enemies":"2 Thieves","floor":18,"turns":3},{"damage":17,"enemies":"3 Byrds","floor":19,"turns":2},{"damage":38,"enemies":"Snake Plant","floor":22,"turns":3},{"damage":34,"enemies":"Slavers","floor":24,"turns":1}],"seed_played":"7237476721984333917","potions_obtained":[{"floor":4,"key":"Regen Potion"},{"floor":11,"key":"Swift Potion"},{"floor":13,"key":"Poison Potion"},{"floor":14,"key":"Explosive Potion"}],"is_trial":false,"path_per_floor":["M","?","?","M","?","E","R","$","T","E","M","R","M","M","R","B",null,"M","M","$","?","M","R","E"],"character_chosen":"DEFECT","items_purchased":["Bag of Marbles","Go for the Eyes","Conserve Battery","Beam Cell","Blood Vial"],"campfire_rested":2,"item_purchase_floors":[8,8,8,8,20],"current_hp_per_floor":[81,74,74,67,67,43,43,43,43,34,27,27,27,15,39,25,82,60,43,43,43,7,31,0],"gold":368,"neow_bonus":"TEN_PERCENT_HP_BONUS","is_prod":false,"is_daily":false,"chose_seed":false,"campfire_upgraded":2,"win_rate":0,"timestamp":1565314915,"path_taken":["M","?","?","M","?","E","R","?","T","E","M","R","M","?","R","BOSS","M","?","$","?","?","R","E"],"build_version":"2019-07-17","purchased_purges":0,"victory":false,"max_hp_per_floor":[82,82,82,82,82,82,82,82,82,82,82,82,82,82,82,82,82,82,82,82,82,82,82,82],"card_choices":[{"not_picked":["Streamline","Barrage"],"picked":"Cold Snap","floor":1},{"not_picked":["Stack","Darkness"],"picked":"Lockon","floor":4},{"not_picked":["Beam Cell","Reboot"],"picked":"Lockon","floor":6},{"not_picked":["Darkness","Go for the Eyes","Sweeping Beam"],"picked":"Ball Lightning","floor":10},{"not_picked":["Reprogram+1","Compile Driver","Rebound"],"picked":"Barrage","floor":11},{"not_picked":["Ball Lightning","Steam+1","Compile Driver"],"picked":"Coolheaded+1","floor":13},{"not_picked":["Beam Cell","Barrage","Hello World"],"picked":"Self Repair","floor":14},{"not_picked":["Biased Cognition","Fission+1","Buffer"],"picked":"Rainbow+1","floor":16},{"not_picked":["Barrage+1","Ball Lightning","Cold Snap"],"picked":"Rainbow+1","floor":18},{"not_picked":["Barrage","Leap+1","Stack+1"],"picked":"Cold Snap+1","floor":19},{"not_picked":["Scrape+1","Stack+1","Reinforced Body+1"],"picked":"Coolheaded+1","floor":22}],"player_experience":113463,"relics_obtained":[{"floor":6,"key":"Question Card"},{"floor":9,"key":"Vajra"},{"floor":10,"key":"Toxic Egg 2"},{"floor":17,"key":"Bronze Scales"},{"floor":17,"key":"Mercury Hourglass"},{"floor":17,"key":"WingedGreaves"}],"event_choices":[{"cards_removed":["Strike_B"],"damage_healed":0,"gold_gain":0,"player_choice":"Card Removal","damage_taken":7,"max_hp_gain":0,"max_hp_loss":0,"event_name":"Golden Wing","floor":2,"gold_loss":0},{"damage_healed":0,"gold_gain":175,"player_choice":"AGREE","damage_taken":0,"max_hp_gain":0,"max_hp_loss":0,"event_name":"Liars Game","floor":3,"gold_loss":0,"cards_obtained":["Doubt"]},{"cards_removed":["Defend_B"],"damage_healed":0,"gold_gain":0,"player_choice":"Card Removal","damage_taken":0,"max_hp_gain":0,"max_hp_loss":0,"event_name":"The Cleric","floor":5,"gold_loss":50},{"damage_healed":0,"gold_gain":275,"player_choice":"Desecrate","damage_taken":0,"max_hp_gain":0,"max_hp_loss":0,"event_name":"Golden Shrine","floor":21,"gold_loss":0,"cards_obtained":["Regret"]}],"is_beta":false,"boss_relics":[{"not_picked":["Cursed Key","Ectoplasm"],"picked":"Calling Bell"}],"items_purged_floors":[],"is_endless":false,"potions_floor_spawned":[4,11,13,14],"killed_by":"Slavers","ascension_level":2}