{"gold_per_floor":[111,122,141,153,166,166,195,195,275,302,302,302,316,350,350,449,449,467,3,0,0,0,0,30,30,30,55,70,70,84,38,38,136,136,151,151,51,1050,1069,1097,1097,1097,1097,1097,1109,1109,1119,612,612,612,612,612,70,98,98],"floor_reached":55,"playtime":6148,"items_purged":["Strike_R","Strike_R","Strike_R","Strike_R"],"score":1078,"play_id":"22b88003-780a-4e66-9388-22e856e7cf0c","local_time":"20190803143144","is_ascension_mode":true,"campfire_choices":[{"data":"Carnage","floor":6.0,"key":"SMITH"},{"floor":8.0,"key":"REST"},{"floor":12.0,"key":"REST"},{"data":"Reaper","floor":15.0,"key":"SMITH"},{"data":"Infernal Blade","floor":23.0,"key":"SMITH"},{"data":"Whirlwind","floor":29.0,"key":"SMITH"},{"data":"Heavy Blade","floor":32.0,"key":"SMITH"},{"data":"Battle Trance","floor":41.0,"key":"SMITH"},{"floor":49.0,"key":"RECALL"},{"data":"Clothesline","floor":52.0,"key":"SMITH"}],"neow_cost":"TEN_PERCENT_HP_LOSS","seed_source_timestamp":0,"circlet_count":0,"master_deck":["Strike_R","Defend_R","Defend_R","Defend_R","Bash","Carnage+1","Infernal Blade+1","Twin Strike","Clothesline+1","Reaper+1","Inflame","Ghostly Armor","Iron Wave","Fire Breathing+1","Demon Form+1","Heavy Blade+1","Battle Trance+1","Metallicize+1","Whirlwind+1","Exhume+1","Havoc+1","Impervious+1","Flame Barrier+1","Shrug It Off+1","Offering+1","Shrug It Off+1","Warcry+1","Evolve+1","Shrug It Off+1"],"special_seed":0,"relics":["Burning Blood","Gambling Chip","Frozen Egg 2","Thread and Needle","Omamori","Mummified Hand","Sozu","Singing Bowl","Nilry\u0027s Codex","Nloth\u0027s Gift","Orichalcum","Mercury Hourglass","Toxic Egg 2","Coffee Dripper","Charon\u0027s Ashes","Strange Spoon","Bag of Preparation","Boot","Blood Vial","Red Skull"],"potions_floor_usage":[],"damage_taken":[{"damage":4.0,"enemies":"Jaw Worm","floor":1.0,"turns":4.0},{"damage":0.0,"enemies":"Small Slimes","floor":2.0,"turns":2.0},{"damage":1.0,"enemies":"Cultist","floor":3.0,"turns":3.0},{"damage":23.0,"enemies":"Lots of Slimes","floor":4.0,"turns":6.0},{"damage":34.0,"enemies":"Exordium Thugs","floor":5.0,"turns":6.0},{"damage":30.0,"enemies":"Lagavulin","floor":7.0,"turns":5.0},{"damage":18.0,"enemies":"Gremlin Nob","floor":10.0,"turns":4.0},{"damage":0.0,"enemies":"2 Fungi Beasts","floor":13.0,"turns":4.0},{"damage":23.0,"enemies":"Lagavulin","floor":14.0,"turns":6.0},{"damage":20.0,"enemies":"Slime Boss","floor":16.0,"turns":11.0},{"damage":31.0,"enemies":"3 Byrds","floor":18.0,"turns":5.0},{"damage":0.0,"enemies":"2 Thieves","floor":20.0,"turns":4.0},{"damage":36.0,"enemies":"Slavers","floor":24.0,"turns":5.0},{"damage":22.0,"enemies":"Book of Stabbing","floor":27.0,"turns":5.0},{"damage":0.0,"enemies":"Cultist and Chosen","floor":28.0,"turns":3.0},{"damage":0.0,"enemies":"3 Cultists","floor":30.0,"turns":4.0},{"damage":27.0,"enemies":"Champ","floor":33.0,"turns":7.0},{"damage":8.0,"enemies":"3 Darklings","floor":35.0,"turns":4.0},{"damage":4.0,"enemies":"Orb Walker","floor":39.0,"turns":3.0},{"damage":36.0,"enemies":"Nemesis","floor":40.0,"turns":5.0},{"damage":6.0,"enemies":"Spire Growth","floor":45.0,"turns":3.0},{"damage":20.0,"enemies":"Sphere and 2 Shapes","floor":47.0,"turns":4.0},{"damage":9.0,"enemies":"Awakened One","floor":50.0,"turns":9.0},{"damage":23.0,"enemies":"Shield and Spear","floor":54.0,"turns":3.0},{"damage":91,"enemies":"The Heart","floor":55,"turns":5}],"seed_played":"8711067325555352772","potions_obtained":[{"floor":5.0,"key":"Regen Potion"},{"floor":13.0,"key":"SpeedPotion"},{"floor":16.0,"key":"SpeedPotion"}],"is_trial":false,"path_per_floor":["M","M","M","M","M","R","E","R","T","E","?","R","M","E","R","B",null,"M","$","M","?","?","R","E","$","T","E","M","R","M","$","R","B",null,"M","?","$","?","M","E","R","?","T","?","M","?","M","$","R","B",null,"R","$","E","B"],"character_chosen":"IRONCLAD","items_purchased":["Battle Trance","Metallicize+1","Singing Bowl","Havoc+1","Strange Spoon","Bag of Preparation","Warcry+1","Evolve+1","Shrug It Off+1","Boot","Blood Vial"],"campfire_rested":2,"item_purchase_floors":[19,19,19,31,48,48,48,53,53,53,53],"current_hp_per_floor":[72,72,72,55,27,27,15,36,36,24,21,42,54,43,43,43,65,52,52,74,58,58,58,35,35,35,26,34,34,57,57,57,55,72,76,74,74,74,74,44,44,44,44,44,67,67,74,74,74,76,76,76,76,61,0],"gold":98,"neow_bonus":"ONE_RARE_RELIC","is_prod":false,"is_daily":false,"chose_seed":false,"campfire_upgraded":7,"win_rate":0,"timestamp":1564867904,"path_taken":["M","M","M","M","M","R","E","R","T","E","?","R","M","E","R","BOSS","M","$","M","?","?","R","E","$","T","E","?","R","?","?","R","BOSS","M","?","$","?","M","E","R","?","T","?","?","?","M","$","R","BOSS","R","$","E","BOSS"],"build_version":"2019-07-17","purchased_purges":4,"victory":false,"max_hp_per_floor":[72,72,72,72,72,72,72,72,72,72,72,72,72,72,72,72,72,72,72,74,74,74,74,74,74,74,74,76,76,78,78,78,78,78,78,74,74,74,74,74,74,74,74,74,76,76,76,76,76,76,76,76,76,78,78],"card_choices":[{"not_picked":["Wild Strike","Armaments"],"picked":"Carnage","floor":1.0},{"not_picked":["Thunderclap","Entrench"],"picked":"Infernal Blade","floor":2.0},{"not_picked":["Second Wind","Sentinel"],"picked":"Twin Strike","floor":3.0},{"not_picked":["True Grit","Sentinel"],"picked":"Clothesline","floor":4.0},{"not_picked":["Wild Strike","Power Through"],"picked":"Reaper","floor":5.0},{"not_picked":["Pommel Strike","Anger"],"picked":"Inflame","floor":7.0},{"not_picked":["Dropkick","Armaments"],"picked":"Ghostly Armor","floor":10.0},{"not_picked":["Thunderclap","Twin Strike"],"picked":"Iron Wave","floor":13.0},{"not_picked":["Cleave","Pommel Strike"],"picked":"Fire Breathing+1","floor":14.0},{"not_picked":["Feed","Juggernaut+1"],"picked":"Demon Form+1","floor":16.0},{"not_picked":["Reckless Charge","Sword Boomerang"],"picked":"Heavy Blade","floor":18.0},{"not_picked":["Reckless Charge","Pummel+1","Twin Strike+1"],"picked":"Singing Bowl","floor":20.0},{"not_picked":["Rupture+1","Bloodletting"],"picked":"Whirlwind","floor":24.0},{"not_picked":["Twin Strike","Carnage"],"picked":"Exhume","floor":27.0},{"not_picked":["Rage+1","Clash","Uppercut"],"picked":"Singing Bowl","floor":28.0},{"not_picked":["Thunderclap","Warcry+1","Wild Strike"],"picked":"Singing Bowl","floor":30.0},{"not_picked":["Brutality+1","Limit Break+1"],"picked":"Impervious+1","floor":33.0},{"not_picked":["Corruption+1","Anger+1"],"picked":"Flame Barrier+1","floor":35.0},{"not_picked":["Sword Boomerang","Twin Strike"],"picked":"Shrug It Off+1","floor":39.0},{"not_picked":["Intimidate+1","Limit Break+1"],"picked":"Offering+1","floor":40.0},{"not_picked":["Entrench+1","Infernal Blade+1","Havoc+1"],"picked":"Singing Bowl","floor":45.0},{"not_picked":["Anger","Exhume+1"],"picked":"Shrug It Off+1","floor":47.0},{"not_picked":["Sever Soul","Pommel Strike+1","Searing Blow+1"],"picked":"Singing Bowl","floor":54.0}],"player_experience":479595,"relics_obtained":[{"floor":7.0,"key":"Dodecahedron"},{"floor":9.0,"key":"Frozen Egg 2"},{"floor":10.0,"key":"Thread and Needle"},{"floor":14.0,"key":"Mummified Hand"},{"floor":21.0,"key":"Nilry\u0027s Codex"},{"floor":24.0,"key":"Orichalcum"},{"floor":26.0,"key":"Mercury Hourglass"},{"floor":27.0,"key":"Toxic Egg 2"},{"floor":40.0,"key":"Charon\u0027s Ashes"},{"floor":54.0,"key":"Red Skull"}],"event_choices":[{"damage_healed":0.0,"max_hp_gain":0.0,"max_hp_loss":0.0,"gold_gain":0.0,"event_name":"Scrap Ooze","player_choice":"Success","floor":11.0,"gold_loss":0.0,"damage_taken":3.0,"relics_obtained":["Omamori"]},{"damage_healed":0.0,"max_hp_gain":0.0,"max_hp_loss":0.0,"gold_gain":0.0,"event_name":"Cursed Tome","player_choice":"Obtained Book","floor":21.0,"gold_loss":0.0,"damage_taken":16.0},{"damage_healed":0.0,"max_hp_gain":0.0,"max_hp_loss":0.0,"gold_gain":0.0,"event_name":"N\u0027loth","player_choice":"Traded Relic","floor":22.0,"relics_lost":["Dodecahedron"],"gold_loss":0.0,"damage_taken":0.0,"relics_obtained":["Nloth\u0027s Gift"]},{"damage_healed":0.0,"max_hp_gain":0.0,"max_hp_loss":4.0,"gold_gain":0.0,"event_name":"Winding Halls","player_choice":"Max HP","floor":36.0,"gold_loss":0.0,"damage_taken":0.0},{"damage_healed":0.0,"max_hp_gain":0.0,"max_hp_loss":0.0,"gold_gain":999.0,"event_name":"MindBloom","player_choice":"Gold","floor":38.0,"gold_loss":0.0,"damage_taken":0.0,"cards_obtained":["Normality","Normality"]},{"cards_removed":["Defend_R"],"damage_healed":0.0,"max_hp_gain":0.0,"max_hp_loss":0.0,"gold_gain":0.0,"event_name":"Falling","player_choice":"Removed Skill","floor":42.0,"gold_loss":0.0,"damage_taken":0.0},{"damage_healed":0.0,"max_hp_gain":0.0,"max_hp_loss":0.0,"gold_gain":0.0,"event_name":"Tomb of Lord Red Mask","player_choice":"Ignored","floor":44.0,"gold_loss":0.0,"damage_taken":0.0},{"damage_healed":0.0,"max_hp_gain":0.0,"max_hp_loss":0.0,"gold_gain":0.0,"event_name":"SecretPortal","player_choice":"Ignored","floor":46.0,"gold_loss":0.0,"damage_taken":0.0}],"is_beta":false,"boss_relics":[{"not_picked":["Lizard Tail","Orrery"],"picked":"Sozu"},{"not_picked":["Mark of Pain","Tiny House"],"picked":"Coffee Dripper"}],"items_purged_floors":[19,37,48,53],"is_endless":false,"potions_floor_spawned":[5,13,16,18,27,28,30,35,47,54],"killed_by":"The Heart","ascension_level":9}