{"gold_per_floor":[12,25,45,45,45,45,88,88,88,107,128,152,195,216,216,337,337,355,61,75,75,75,108,151,151,151,182,207,232,232,250,250,380,380,399,524,537,567,35,69,69,408,408,408,451,476,511,534,534,534],"floor_reached":51,"playtime":6912,"items_purged":["Strike_G","Strike_G"],"score":1379,"play_id":"b8260e4c-0ab9-4651-b480-d9a7f03ac22b","local_time":"20190807151133","is_ascension_mode":true,"campfire_choices":[{"data":"Dagger Spray","floor":6.0,"key":"SMITH"},{"data":"Neutralize","floor":8.0,"key":"SMITH"},{"data":"Deadly Poison","floor":15.0,"key":"SMITH"},{"data":"Ghostly","floor":25.0,"key":"SMITH"},{"data":"Footwork","floor":30.0,"key":"SMITH"},{"data":"Noxious Fumes","floor":32.0,"key":"SMITH"},{"data":"Night Terror","floor":41,"key":"SMITH"},{"data":"Malaise","floor":44,"key":"SMITH"},{"data":"Caltrops","floor":49,"key":"SMITH"}],"neow_cost":"NO_GOLD","seed_source_timestamp":0,"circlet_count":0,"master_deck":["AscendersBane","Strike_G","Strike_G","Strike_G","Defend_G","Defend_G","Defend_G","Defend_G","Defend_G","Survivor","Neutralize+1","Dagger Spray+1","Leg Sweep","Deadly Poison+1","Endless Agony","Choke","Crippling Poison","Backstab","Corpse Explosion+1","Bullet Time+1","Cloak And Dagger","Noxious Fumes+1","Ghostly+1","Ghostly","Ghostly","Ghostly","Ghostly","Well Laid Plans","Footwork+1","Malaise+1","Blur","PiercingWail","Caltrops+1","Acrobatics","Night Terror+1","Doubt","Backflip","Envenom","Footwork+1"],"special_seed":0,"relics":["Ring of the Serpent","Golden Idol","Ornamental Fan","Darkstone Periapt","Omamori","Mercury Hourglass","Cursed Key","Snake Skull","Enchiridion","Pen Nib","Red Mask","Paper Crane","Lantern","Prayer Wheel","Tiny Chest","Torii","War Paint","Bronze Scales","Old Coin","Pear","Oddly Smooth Stone","Orichalcum"],"potions_floor_usage":[36,50],"damage_taken":[{"damage":0.0,"enemies":"2 Louse","floor":1.0,"turns":6.0},{"damage":3.0,"enemies":"Small Slimes","floor":2.0,"turns":4.0},{"damage":1.0,"enemies":"Cultist","floor":3.0,"turns":4.0},{"damage":16.0,"enemies":"3 Sentries","floor":7.0,"turns":9.0},{"damage":2.0,"enemies":"Exordium Thugs","floor":10.0,"turns":5.0},{"damage":4.0,"enemies":"Red Slaver","floor":11.0,"turns":6.0},{"damage":24.0,"enemies":"Gremlin Nob","floor":13.0,"turns":4.0},{"damage":0.0,"enemies":"Blue Slaver","floor":14.0,"turns":3.0},{"damage":11.0,"enemies":"Hexaghost","floor":16.0,"turns":8.0},{"damage":9.0,"enemies":"2 Thieves","floor":18.0,"turns":4.0},{"damage":9.0,"enemies":"Spheric Guardian","floor":20.0,"turns":4.0},{"damage":10.0,"enemies":"Book of Stabbing","floor":23.0,"turns":5.0},{"damage":0.0,"enemies":"Masked Bandits","floor":24.0,"turns":3.0},{"damage":0.0,"enemies":"Gremlin Leader","floor":27.0,"turns":6.0},{"damage":0.0,"enemies":"Cultist and Chosen","floor":28.0,"turns":5.0},{"damage":0.0,"enemies":"Snecko","floor":29.0,"turns":4.0},{"damage":0.0,"enemies":"Snake Plant","floor":31.0,"turns":5.0},{"damage":4.0,"enemies":"Collector","floor":33.0,"turns":9.0},{"damage":0,"enemies":"3 Darklings","floor":35,"turns":3},{"damage":0,"enemies":"Mind Bloom Boss Battle","floor":36,"turns":8},{"damage":0,"enemies":"Orb Walker","floor":37,"turns":4},{"damage":2,"enemies":"Giant Head","floor":40,"turns":11},{"damage":0,"enemies":"Nemesis","floor":42,"turns":9},{"damage":2,"enemies":"Reptomancer","floor":45,"turns":7},{"damage":0,"enemies":"3 Darklings","floor":46,"turns":3},{"damage":3,"enemies":"Nemesis","floor":47,"turns":7},{"damage":0,"enemies":"Jaw Worm Horde","floor":48,"turns":3},{"damage":1,"enemies":"Time Eater","floor":50,"turns":15}],"seed_played":"4955655544329819343","potions_obtained":[{"floor":1.0,"key":"Energy Potion"},{"floor":5.0,"key":"EssenceOfSteel"},{"floor":7.0,"key":"EntropicBrew"},{"floor":10.0,"key":"GhostInAJar"},{"floor":11.0,"key":"SkillPotion"},{"floor":16.0,"key":"Regen Potion"},{"floor":24.0,"key":"Strength Potion"},{"floor":35,"key":"EssenceOfSteel"},{"floor":37,"key":"Fire Potion"},{"floor":48,"key":"Block Potion"}],"is_trial":false,"path_per_floor":["M","M","M","?","?","R","E","R","T","M","M","T","E","M","R","B",null,"M","$","M","?","?","E","?","R","T","E","M","M","R","M","R","B",null,"M","?","M","T","$","E","R","E","T","R","E","M","E","M","R","B",null],"character_chosen":"THE_SILENT","items_purchased":["Noxious Fumes","Snake Skull","Torii","War Paint"],"campfire_rested":0,"item_purchase_floors":[19,19,39,39],"current_hp_per_floor":[77,74,73,73,73,73,57,57,57,55,51,51,27,27,27,16,63,54,54,45,39,23,27,27,27,27,27,27,27,27,27,27,23,35,35,35,35,35,35,33,33,33,49,49,47,47,44,44,44,43],"gold":534,"neow_bonus":"TWENTY_PERCENT_HP_BONUS","is_prod":false,"is_daily":false,"chose_seed":false,"campfire_upgraded":9,"win_rate":0,"timestamp":1565215893,"path_taken":["M","M","M","?","?","R","E","R","T","M","?","?","E","?","R","BOSS","M","$","M","?","?","E","?","R","T","E","M","?","R","M","R","BOSS","BOSS","M","?","M","?","$","E","R","E","T","R","E","M","E","?","R","BOSS"],"build_version":"2019-07-17","purchased_purges":2,"victory":true,"max_hp_per_floor":[84,84,84,78,78,78,78,78,78,78,78,78,78,78,78,78,78,78,78,78,39,39,39,39,39,39,39,39,39,39,39,39,39,39,39,39,39,39,39,39,39,39,55,55,55,55,55,55,55,55],"card_choices":[{"not_picked":["Tactician","Flying Knee"],"picked":"Dagger Spray","floor":1.0},{"not_picked":["Blur","Prepared"],"picked":"Leg Sweep","floor":2.0},{"not_picked":["Eviscerate","Crippling Poison"],"picked":"Deadly Poison","floor":3.0},{"not_picked":["Deflect","Tactician"],"picked":"Endless Agony","floor":7.0},{"not_picked":["Acrobatics","Flechettes"],"picked":"Choke","floor":10.0},{"not_picked":["Bane","Cloak And Dagger"],"picked":"Crippling Poison","floor":11.0},{"not_picked":["Sucker Punch","Heel Hook"],"picked":"Backstab","floor":13.0},{"not_picked":["Distraction","Skewer"],"picked":"Corpse Explosion","floor":14.0},{"not_picked":["Storm of Steel","Tools of the Trade"],"picked":"Bullet Time","floor":16.0},{"not_picked":["Heel Hook","Choke+1"],"picked":"Cloak And Dagger","floor":18.0},{"not_picked":["Underhanded Strike","Prepared","Skewer"],"picked":"SKIP","floor":20.0},{"not_picked":["Backflip+1","Prepared"],"picked":"Well Laid Plans","floor":23.0},{"not_picked":["All Out Attack","Grand Finale"],"picked":"Footwork","floor":27.0},{"not_picked":["Outmaneuver","Prepared","Slice"],"picked":"SKIP","floor":28.0},{"not_picked":["Slice","Leg Sweep","Well Laid Plans"],"picked":"SKIP","floor":29.0},{"not_picked":["Outmaneuver","Dagger Spray","Well Laid Plans+1"],"picked":"SKIP","floor":31.0},{"not_picked":["Phantasmal Killer","Tools of the Trade"],"picked":"Malaise","floor":33},{"not_picked":["Endless Agony","All Out Attack"],"picked":"Blur","floor":35},{"not_picked":["Prepared","Cloak And Dagger"],"picked":"PiercingWail","floor":36},{"not_picked":["Dagger Spray+1","Cloak And Dagger"],"picked":"Caltrops","floor":37},{"not_picked":["Bane","Dagger Throw"],"picked":"Acrobatics","floor":37},{"not_picked":["Bullet Time","Backflip"],"picked":"Night Terror","floor":40},{"not_picked":["Eviscerate+1","Quick Slash+1","Setup+1"],"picked":"SKIP","floor":42},{"not_picked":["Sucker Punch","Dagger Throw"],"picked":"Backflip","floor":45},{"not_picked":["Bane+1","Cloak And Dagger","Slice"],"picked":"SKIP","floor":46},{"not_picked":["Well Laid Plans","Underhanded Strike","Dagger Spray+1"],"picked":"SKIP","floor":46},{"not_picked":["Infinite Blades","Well Laid Plans"],"picked":"Envenom","floor":47},{"not_picked":["Poisoned Stab","Calculated Gamble"],"picked":"Footwork+1","floor":48},{"not_picked":["Outmaneuver","Dagger Throw","PiercingWail"],"picked":"SKIP","floor":48}],"player_experience":539211,"relics_obtained":[{"floor":7.0,"key":"Ornamental Fan"},{"floor":9.0,"key":"Darkstone Periapt"},{"floor":12.0,"key":"Omamori"},{"floor":13.0,"key":"Mercury Hourglass"},{"floor":22.0,"key":"Enchiridion"},{"floor":23.0,"key":"Pen Nib"},{"floor":24.0,"key":"Red Mask"},{"floor":26.0,"key":"Paper Crane"},{"floor":27.0,"key":"Lantern"},{"floor":36,"key":"Prayer Wheel"},{"floor":38,"key":"Tiny Chest"},{"floor":40,"key":"Bronze Scales"},{"floor":42,"key":"Old Coin"},{"floor":43,"key":"Pear"},{"floor":45,"key":"Oddly Smooth Stone"},{"floor":47,"key":"Orichalcum"}],"event_choices":[{"damage_healed":0.0,"max_hp_gain":0.0,"max_hp_loss":6.0,"gold_gain":0.0,"event_name":"Golden Idol","player_choice":"Lose Max HP","floor":4.0,"gold_loss":0.0,"damage_taken":0.0,"relics_obtained":["Golden Idol"]},{"damage_healed":0.0,"max_hp_gain":0.0,"max_hp_loss":0.0,"gold_gain":0.0,"event_name":"Lab","player_choice":"Got Potions","floor":5.0,"gold_loss":0.0,"damage_taken":0.0},{"damage_healed":0.0,"max_hp_gain":0.0,"max_hp_loss":39.0,"gold_gain":0.0,"event_name":"Ghosts","player_choice":"Became a Ghost","floor":21.0,"gold_loss":0.0,"damage_taken":0.0,"cards_obtained":["Ghostly","Ghostly","Ghostly","Ghostly","Ghostly"]},{"damage_healed":0.0,"max_hp_gain":0.0,"max_hp_loss":0.0,"gold_gain":0.0,"event_name":"Cursed Tome","player_choice":"Obtained Book","floor":22.0,"gold_loss":0.0,"damage_taken":16.0},{"damage_healed":0.0,"max_hp_gain":0.0,"max_hp_loss":0.0,"gold_gain":0.0,"event_name":"Masked Bandits","player_choice":"Fought Bandits","floor":24.0,"gold_loss":0.0,"damage_taken":0.0},{"damage_healed":0,"gold_gain":0,"player_choice":"Fight","damage_taken":0,"max_hp_gain":0,"max_hp_loss":0,"event_name":"MindBloom","floor":36,"gold_loss":0}],"is_beta":false,"boss_relics":[{"not_picked":["Pandora\u0027s Box","Busted Crown"],"picked":"Cursed Key"},{"not_picked":["Calling Bell","Orrery"],"picked":"Ring of the Serpent"}],"items_purged_floors":[19,39],"is_endless":false,"potions_floor_spawned":[1,7,10,11,14,16,18,20,24,27,35,37,42,47,48],"ascension_level":12}