{"gold_per_floor":[215,0,20,32,32,32,60,60,60,95,111,111,130,149,149,227,227,244,244,244,264,179,179,212,58,84,84,84,96,131,131,131,206,206,220,233,233,193,204,233,23,55,94,106,138,150,181,213,225,237],"floor_reached":51,"playtime":2597,"items_purged":["Strike_B"],"score":1428,"play_id":"f3d5c1d3-9562-437f-88ee-16f6f7d4499c","local_time":"20190703224848","is_ascension_mode":true,"campfire_choices":[{"data":"Zap","floor":6.0,"key":"SMITH"},{"data":"Ball Lightning","floor":8.0,"key":"SMITH"},{"data":"Doom and Gloom","floor":12.0,"key":"SMITH"},{"data":"Consume","floor":15.0,"key":"SMITH"},{"data":"Go for the Eyes","floor":23.0,"key":"SMITH"},{"floor":32.0,"key":"REST"},{"data":"Ghostly","floor":46,"key":"SMITH"},{"data":"Ghostly","floor":49,"key":"SMITH"}],"neow_cost":"NONE","seed_source_timestamp":1129897836640455,"circlet_count":0,"master_deck":["AscendersBane","Strike_B+1","Defend_B","Defend_B","Defend_B","Zap+1","Dualcast","Go for the Eyes+1","FTL","BootSequence","Compile Driver+1","Ball Lightning+1","Reinforced Body","Consume+1","Doom and Gloom+1","Coolheaded","Machine Learning","Conserve Battery","Echo Form","Genetic Algorithm","Glacier","Glacier","Capacitor","Ghostly+1","Ghostly+1","Ghostly","Ghostly","Ghostly","Defragment","Undo+1","Chaos+1","Amplify","Storm","Biased Cognition","Self Repair","Stack+1","Stack","Defragment","Leap+1","Defragment"],"special_seed":0,"relics":["Cracked Core","Oddly Smooth Stone","Mango","Prayer Wheel","Torii","Velvet Choker","Juzu Bracelet","Whetstone","Happy Flower","Turnip","Runic Pyramid","Blood Vial","ClockworkSouvenir","MawBank","PreservedInsect"],"potions_floor_usage":[40,50],"damage_taken":[{"damage":5.0,"enemies":"Small Slimes","floor":1.0,"turns":4.0},{"damage":0.0,"enemies":"Cultist","floor":3.0,"turns":3.0},{"damage":1.0,"enemies":"Jaw Worm","floor":4.0,"turns":3.0},{"damage":12.0,"enemies":"3 Sentries","floor":7.0,"turns":6.0},{"damage":0.0,"enemies":"Lagavulin","floor":10.0,"turns":5.0},{"damage":0.0,"enemies":"3 Louse","floor":11.0,"turns":3.0},{"damage":0.0,"enemies":"Blue Slaver","floor":13.0,"turns":3.0},{"damage":0.0,"enemies":"2 Fungi Beasts","floor":14.0,"turns":2.0},{"damage":9.0,"enemies":"The Guardian","floor":16.0,"turns":8.0},{"damage":16.0,"enemies":"3 Byrds","floor":18.0,"turns":4.0},{"damage":16.0,"enemies":"Shell Parasite","floor":21.0,"turns":6.0},{"damage":36.0,"enemies":"Gremlin Leader","floor":24.0,"turns":7.0},{"damage":0.0,"enemies":"Centurion and Healer","floor":29.0,"turns":7.0},{"damage":0.0,"enemies":"Book of Stabbing","floor":30.0,"turns":8.0},{"damage":13.0,"enemies":"Automaton","floor":33.0,"turns":15.0},{"damage":8.0,"enemies":"3 Darklings","floor":35.0,"turns":5.0},{"damage":0.0,"enemies":"3 Shapes","floor":36.0,"turns":6.0},{"damage":34.0,"enemies":"Transient","floor":39.0,"turns":5.0},{"damage":0,"enemies":"Reptomancer","floor":40,"turns":6},{"damage":0,"enemies":"Giant Head","floor":42,"turns":11},{"damage":3,"enemies":"Jaw Worm Horde","floor":45,"turns":5},{"damage":0,"enemies":"Maw","floor":47,"turns":8},{"damage":2,"enemies":"Sphere and 2 Shapes","floor":48,"turns":8},{"damage":10,"enemies":"Time Eater","floor":50,"turns":11}],"seed_played":"7360850110730183960","potions_obtained":[{"floor":3.0,"key":"SkillPotion"},{"floor":4.0,"key":"FearPotion"},{"floor":7.0,"key":"SpeedPotion"},{"floor":18.0,"key":"Weak Potion"},{"floor":24.0,"key":"SkillPotion"},{"floor":45,"key":"PowerPotion"}],"is_trial":false,"path_per_floor":["M","$","M","M","?","R","E","R","T","E","M","R","M","M","R","B",null,"M","?","?","M","?","R","E","$","T","$","?","M","E","?","R","B",null,"M","M","?","$","M","E","$","E","T","$","M","R","M","M","R","B",null],"character_chosen":"DEFECT","items_purchased":["Oddly Smooth Stone","FTL","Capacitor","Defragment","ClockworkSouvenir"],"campfire_rested":1,"item_purchase_floors":[2,2,25,38,41],"current_hp_per_floor":[63,63,63,62,62,62,64,64,64,64,64,64,64,64,64,55,81,65,65,65,49,49,49,13,13,13,13,13,13,13,13,26,13,36,28,35,35,35,8,15,15,31,31,31,44,44,44,44,44,41],"gold":249,"neow_bonus":"HUNDRED_GOLD","is_prod":false,"is_daily":false,"chose_seed":false,"campfire_upgraded":7,"win_rate":0,"timestamp":1562212128,"path_taken":["M","$","M","M","?","R","E","R","T","E","?","R","?","M","R","BOSS","M","?","?","M","?","R","E","$","T","?","?","M","E","?","R","BOSS","M","M","?","?","M","E","$","E","T","?","M","R","M","M","R","BOSS"],"build_version":"2019-07-01","purchased_purges":1,"victory":true,"max_hp_per_floor":[75,75,75,75,75,75,89,89,89,89,89,89,89,89,89,89,89,89,89,89,89,89,89,89,89,89,89,44,44,44,44,44,44,44,44,44,44,44,44,44,44,44,44,44,44,44,44,44,44,44],"card_choices":[{"not_picked":["Leap","Redo"],"picked":"Go for the Eyes","floor":1.0},{"not_picked":["Hologram","Cold Snap"],"picked":"BootSequence","floor":3.0},{"not_picked":["Gash","Auto Shields"],"picked":"Compile Driver","floor":4.0},{"not_picked":["Redo","Auto Shields"],"picked":"Ball Lightning","floor":7.0},{"not_picked":["Scrape","Go for the Eyes"],"picked":"Reinforced Body","floor":10.0},{"not_picked":["Fusion","Go for the Eyes"],"picked":"Consume","floor":11.0},{"not_picked":["Thunder Strike","Ball Lightning"],"picked":"Doom and Gloom","floor":11.0},{"not_picked":["Heatsinks","Hologram","Gash"],"picked":"SKIP","floor":13.0},{"not_picked":["Gash","Ball Lightning","Compile Driver"],"picked":"SKIP","floor":13.0},{"not_picked":["Rip and Tear","Ball Lightning"],"picked":"Coolheaded","floor":14.0},{"not_picked":["Ball Lightning","Streamline","Blizzard"],"picked":"SKIP","floor":14.0},{"not_picked":["Buffer","Reboot"],"picked":"Machine Learning","floor":16.0},{"not_picked":["Barrage","Hologram"],"picked":"Conserve Battery","floor":18.0},{"not_picked":["Redo","Rebound","Sweeping Beam"],"picked":"SKIP","floor":18.0},{"not_picked":["Blizzard+1","Lockon+1"],"picked":"Genetic Algorithm","floor":21.0},{"not_picked":["Redo","White Noise"],"picked":"Glacier","floor":21.0},{"not_picked":["Double Energy","Heatsinks"],"picked":"Glacier","floor":24.0},{"not_picked":["Beam Cell","Multi-Cast"],"picked":"Defragment","floor":29.0},{"not_picked":["Skim","Gash"],"picked":"Undo+1","floor":29.0},{"not_picked":["Turbo","Recycle"],"picked":"Chaos+1","floor":30.0},{"not_picked":["Rainbow","Reboot"],"picked":"Biased Cognition","floor":33.0},{"not_picked":["Compile Driver","Redo+1"],"picked":"Self Repair","floor":35.0},{"not_picked":["Hologram","Rip and Tear"],"picked":"Stack+1","floor":35.0},{"not_picked":["Reinforced Body","Sweeping Beam+1","Rebound"],"picked":"SKIP","floor":36.0},{"not_picked":["Redo+1","Compile Driver","Genetic Algorithm"],"picked":"SKIP","floor":36.0},{"not_picked":["Undo","Doom and Gloom"],"picked":"Leap+1","floor":39.0},{"not_picked":["Streamline","Gash","Sweeping Beam"],"picked":"SKIP","floor":39.0},{"not_picked":["Turbo","Storm","Thunder Strike"],"picked":"SKIP","floor":40},{"not_picked":["Beam Cell","Compile Driver+1","Rip and Tear"],"picked":"SKIP","floor":42},{"not_picked":["Stack","Ball Lightning"],"picked":"Defragment","floor":45},{"not_picked":["Reprogram+1","Turbo+1","Redo"],"picked":"SKIP","floor":45},{"not_picked":["Redo+1","Turbo+1","Steam"],"picked":"SKIP","floor":47},{"not_picked":["Hologram","Beam Cell","Redo"],"picked":"SKIP","floor":47},{"not_picked":["Go for the Eyes","Rebound","Streamline"],"picked":"SKIP","floor":48},{"not_picked":["Turbo","Compile Driver","Go for the Eyes"],"picked":"SKIP","floor":48}],"player_experience":331615,"relics_obtained":[{"floor":7.0,"key":"Mango"},{"floor":9.0,"key":"Prayer Wheel"},{"floor":10.0,"key":"Torii"},{"floor":24.0,"key":"Whetstone"},{"floor":26.0,"key":"Happy Flower"},{"floor":30.0,"key":"Turnip"},{"floor":40,"key":"Blood Vial"},{"floor":42,"key":"MawBank"},{"floor":43,"key":"PreservedInsect"}],"event_choices":[{"damage_healed":0.0,"max_hp_gain":0.0,"max_hp_loss":0.0,"gold_gain":0.0,"cards_transformed":["Strike_B"],"event_name":"Transmorgrifier","player_choice":"Transformed","floor":5.0,"gold_loss":0.0,"damage_taken":0.0,"cards_obtained":["Steam Power"]},{"damage_healed":0.0,"max_hp_gain":0.0,"max_hp_loss":0.0,"gold_gain":0.0,"event_name":"The Library","player_choice":"Read","floor":19.0,"gold_loss":0.0,"damage_taken":0.0,"cards_obtained":["Echo Form"]},{"damage_healed":0.0,"max_hp_gain":0.0,"max_hp_loss":0.0,"gold_gain":0.0,"event_name":"Vampires","player_choice":"Ignored","floor":20.0,"gold_loss":0.0,"damage_taken":0.0},{"damage_healed":0.0,"max_hp_gain":0.0,"max_hp_loss":0.0,"gold_gain":0.0,"event_name":"Addict","player_choice":"Obtained Relic","floor":22.0,"gold_loss":85.0,"damage_taken":0.0,"relics_obtained":["Juzu Bracelet"]},{"damage_healed":0.0,"max_hp_gain":0.0,"max_hp_loss":45.0,"gold_gain":0.0,"event_name":"Ghosts","player_choice":"Became a Ghost","floor":28.0,"gold_loss":0.0,"damage_taken":0.0,"cards_obtained":["Ghostly","Ghostly","Ghostly","Ghostly","Ghostly"]},{"damage_healed":0.0,"max_hp_gain":0.0,"max_hp_loss":0.0,"gold_gain":0.0,"cards_transformed":["Strike_B","Defend_B"],"event_name":"Drug Dealer","player_choice":"Became Test Subject","floor":31.0,"gold_loss":0.0,"damage_taken":0.0,"cards_obtained":["Amplify","Storm"]},{"damage_healed":0.0,"max_hp_gain":0.0,"max_hp_loss":0.0,"gold_gain":0.0,"cards_transformed":["Steam Power"],"event_name":"Transmorgrifier","player_choice":"Transformed","floor":37.0,"gold_loss":0.0,"damage_taken":0.0,"cards_obtained":["Stack"]}],"is_beta":false,"boss_relics":[{"not_picked":["Calling Bell","Runic Dome"],"picked":"Velvet Choker"},{"not_picked":["Busted Crown","Orrery"],"picked":"Runic Pyramid"}],"items_purged_floors":[25],"is_endless":false,"potions_floor_spawned":[3,4,7,18,24,30,35,36,45],"ascension_level":13}