{"gold_per_floor":[112,132,61,61,236,261,277,277,330,340,340],"floor_reached":11,"playtime":406,"items_purged":[],"score":77,"play_id":"ffa16243-c9c9-4cc9-b819-7f2567154b87","local_time":"20181118003536","is_ascension_mode":true,"campfire_choices":[{"floor":8,"key":"REST"}],"neow_cost":"TEN_PERCENT_HP_LOSS","seed_source_timestamp":343626237439219,"circlet_count":0,"master_deck":["Strike_R","Strike_R","Strike_R","Strike_R","Defend_R","Defend_R","Defend_R","Bash","Armaments","Inflame","Metallicize","Regret","Doubt","Rupture","Whirlwind","Heavy Blade"],"relics":["Burning Blood","Smiling Mask","Torii","Potion Belt"],"potions_floor_usage":[11,11],"damage_taken":[{"damage":2,"enemies":"Small Slimes","floor":1,"turns":5},{"damage":8,"enemies":"Jaw Worm","floor":2,"turns":3},{"damage":51,"enemies":"Gremlin Nob","floor":6,"turns":6},{"damage":15,"enemies":"Cultist","floor":7,"turns":5},{"damage":19,"enemies":"Exordium Wildlife","floor":10,"turns":5},{"damage":39,"enemies":"3 Sentries","floor":11,"turns":6}],"seed_played":"1905069898963385598","potions_obtained":[{"floor":2,"key":"Dexterity Potion"},{"floor":7,"key":"Ancient Potion"},{"floor":10,"key":"Regen Potion"}],"is_trial":false,"path_per_floor":["M","M","$","?","?","E","M","R","T","M","E"],"character_chosen":"IRONCLAD","items_purchased":["Metallicize"],"campfire_rested":1,"item_purchase_floors":[3],"current_hp_per_floor":[72,70,70,70,70,25,16,37,37,24,0],"gold":340,"neow_bonus":"REMOVE_TWO","is_prod":false,"is_daily":false,"chose_seed":false,"campfire_upgraded":0,"win_rate":0,"timestamp":1542519336,"path_taken":["M","M","$","?","?","E","M","R","T","M","E"],"build_version":"2018-11-15","purchased_purges":0,"victory":false,"max_hp_per_floor":[72,72,72,72,72,72,72,72,72,72,72],"card_choices":[{"not_picked":["Clothesline","Warcry"],"picked":"Armaments","floor":1},{"not_picked":["Second Wind","Blood for Blood"],"picked":"Inflame","floor":2},{"not_picked":["Clothesline","Corruption"],"picked":"Rupture","floor":6},{"not_picked":["Entrench","Anger"],"picked":"Whirlwind","floor":7},{"not_picked":["Infernal Blade","Wild Strike"],"picked":"Heavy Blade","floor":10}],"player_experience":127026,"relics_obtained":[{"floor":6,"key":"Torii"},{"floor":9,"key":"Potion Belt"}],"event_choices":[{"damage_healed":0,"gold_gain":0,"player_choice":"Box","damage_taken":0,"relics_obtained":["Smiling Mask"],"max_hp_gain":0,"max_hp_loss":0,"event_name":"Big Fish","floor":4,"gold_loss":0,"cards_obtained":["Regret"]},{"damage_healed":0,"gold_gain":175,"player_choice":"AGREE","damage_taken":0,"max_hp_gain":0,"max_hp_loss":0,"event_name":"Liars Game","floor":5,"gold_loss":0,"cards_obtained":["Doubt"]}],"is_beta":false,"boss_relics":[],"items_purged_floors":[],"is_endless":false,"potions_floor_spawned":[2,7,10],"killed_by":"3 Sentries","ascension_level":1}