{"gold_per_floor":[210,210,237,255,3,32,32,32,79,29,73,73,97,118,118,214,214,229,229,248,266,266,266,282,282,307,307,327,367,367,391,391,480,480,498,498,522,535,535,535,570,570,644,662,662,662],"floor_reached":46,"playtime":1757,"items_purged":["Strike_R"],"score":830,"play_id":"539b2bc5-5880-4413-bab4-a6a46596b193","local_time":"20190709220013","is_ascension_mode":true,"campfire_choices":[{"data":"Hemokinesis","floor":12,"key":"SMITH"},{"floor":15,"key":"REST"},{"data":"Inflame","floor":23,"key":"SMITH"},{"data":"Limit Break","floor":30,"key":"SMITH"},{"data":"Disarm","floor":32,"key":"SMITH"},{"data":"Brutality","floor":40,"key":"SMITH"},{"floor":45,"key":"RECALL"}],"neow_cost":"NONE","seed_source_timestamp":659932773474282,"circlet_count":0,"master_deck":["AscendersBane","Strike_R+1","Strike_R+1","Strike_R+1","Defend_R+1","Defend_R+1","Defend_R+1","Defend_R+1","Bash+1","Corruption","Shockwave","Inflame+1","Shrug It Off","Cleave","Hemokinesis+1","Shrug It Off","Reaper","Burning Pact","Armaments","Disarm+1","Limit Break+1","Rupture+1","Brutality+1","Sword Boomerang","Power Through","Clothesline","Sword Boomerang","Heavy Blade","Reaper"],"relics":["Burning Blood","Self Forming Clay","Bag of Marbles","Bottled Lightning","Golden Idol","Whetstone","Happy Flower","Coffee Dripper","Dodecahedron","Potion Belt","Vajra","Orrery","Singing Bowl"],"potions_floor_usage":[16,16,29,41,44],"damage_taken":[{"damage":4,"enemies":"Small Slimes","floor":1,"turns":4},{"damage":13,"enemies":"Jaw Worm","floor":4,"turns":4},{"damage":20,"enemies":"3 Sentries","floor":6,"turns":8},{"damage":28,"enemies":"Gremlin Nob","floor":11,"turns":4},{"damage":2,"enemies":"Cultist","floor":13,"turns":2},{"damage":3,"enemies":"Exordium Thugs","floor":14,"turns":5},{"damage":49,"enemies":"Slime Boss","floor":16,"turns":14},{"damage":13,"enemies":"Shell Parasite","floor":18,"turns":4},{"damage":17,"enemies":"2 Thieves","floor":20,"turns":4},{"damage":11,"enemies":"Cultist and Chosen","floor":21,"turns":6},{"damage":27,"enemies":"Centurion and Healer","floor":24,"turns":4},{"damage":2,"enemies":"Snecko","floor":28,"turns":4},{"damage":21,"enemies":"Gremlin Leader","floor":29,"turns":7},{"damage":14,"enemies":"Snake Plant","floor":31,"turns":5},{"damage":48,"enemies":"Champ","floor":33,"turns":12},{"damage":42,"enemies":"3 Shapes","floor":35,"turns":4},{"damage":15,"enemies":"Orb Walker","floor":37,"turns":5},{"damage":18,"enemies":"Sphere and 2 Shapes","floor":38,"turns":4},{"damage":11,"enemies":"Nemesis","floor":41,"turns":7},{"damage":75,"enemies":"Jaw Worm Horde","floor":44,"turns":6},{"damage":55,"enemies":"4 Shapes","floor":46,"turns":6}],"seed_played":"8039715758239341660","potions_obtained":[{"floor":4,"key":"Weak Potion"},{"floor":16,"key":"Dexterity Potion"},{"floor":19,"key":"PowerPotion"},{"floor":19,"key":"BloodPotion"},{"floor":31,"key":"Block Potion"},{"floor":41,"key":"FearPotion"}],"is_trial":false,"path_per_floor":["M","?","T","M","$","E","?","?","T","$","E","R","M","M","R","B",null,"M","?","M","M","T","R","M","?","T","?","M","E","R","M","R","B",null,"M","?","M","M","?","R","E","?","T","M","R","M"],"character_chosen":"IRONCLAD","items_purchased":["Inflame","Shrug It Off","Cleave","Fire Potion"],"campfire_rested":1,"item_purchase_floors":[5,5,5,10],"current_hp_per_floor":[74,71,71,64,64,50,43,43,43,43,21,21,25,28,50,7,57,59,59,48,61,61,61,57,57,57,57,73,74,74,74,74,46,67,43,43,49,37,37,37,54,54,54,27,27,0],"gold":662,"neow_bonus":"HUNDRED_GOLD","is_prod":false,"is_daily":false,"chose_seed":false,"campfire_upgraded":5,"win_rate":0,"timestamp":1562724013,"path_taken":["M","?","?","M","?","E","?","?","T","$","E","R","?","M","R","BOSS","M","?","M","?","?","R","M","?","T","?","M","E","R","M","R","BOSS","M","?","M","M","?","R","E","?","T","M","R","M"],"build_version":"2019-07-05","purchased_purges":1,"victory":false,"max_hp_per_floor":[80,80,80,80,80,80,80,74,74,74,74,74,74,74,74,74,74,74,74,74,74,74,74,74,74,74,74,74,74,74,74,74,74,74,74,74,74,74,74,74,76,76,76,78,78,78],"card_choices":[{"not_picked":["Havoc","Dual Wield"],"picked":"Corruption","floor":1},{"not_picked":["Warcry","Perfected Strike"],"picked":"Shockwave","floor":4},{"not_picked":["Blood for Blood","Body Slam"],"picked":"Hemokinesis","floor":6},{"not_picked":["Reckless Charge","Sword Boomerang"],"picked":"Shrug It Off","floor":11},{"not_picked":["Flex","Clash","Twin Strike"],"picked":"SKIP","floor":13},{"not_picked":["Clash","Flex","Iron Wave"],"picked":"SKIP","floor":14},{"not_picked":["Barricade","Dark Embrace"],"picked":"Reaper","floor":16},{"not_picked":["Cleave","Twin Strike","Heavy Blade"],"picked":"SKIP","floor":18},{"not_picked":["Evolve","Body Slam","Dual Wield"],"picked":"SKIP","floor":20},{"not_picked":["Perfected Strike","Cleave+1"],"picked":"Burning Pact","floor":21},{"not_picked":["Havoc","Warcry"],"picked":"Armaments","floor":24},{"not_picked":["Clothesline","Armaments"],"picked":"Limit Break","floor":28},{"not_picked":["Metallicize","Cleave"],"picked":"Rupture+1","floor":29},{"not_picked":["Infernal Blade","Clash","Flex"],"picked":"SKIP","floor":31},{"not_picked":["Limit Break","Feed"],"picked":"Brutality","floor":33},{"not_picked":["Metallicize","Reckless Charge"],"picked":"Sword Boomerang","floor":34},{"not_picked":["Clothesline","Perfected Strike"],"picked":"Sword Boomerang","floor":34},{"not_picked":["Body Slam","Carnage"],"picked":"Power Through","floor":34},{"not_picked":["Dual Wield+1","Warcry"],"picked":"Clothesline","floor":35},{"not_picked":["Headbutt","Burning Pact"],"picked":"Sword Boomerang","floor":37},{"not_picked":["Shrug It Off","Limit Break"],"picked":"Heavy Blade","floor":38},{"not_picked":["True Grit","Cleave+1","Shockwave"],"picked":"Singing Bowl","floor":41},{"not_picked":["Clothesline","Dropkick","Blood for Blood+1"],"picked":"Singing Bowl","floor":44}],"player_experience":670991,"relics_obtained":[{"floor":3,"key":"Bag of Marbles"},{"floor":6,"key":"Bottled Lightning"},{"floor":9,"key":"Whetstone"},{"floor":11,"key":"Happy Flower"},{"floor":22,"key":"Dodecahedron"},{"floor":26,"key":"Potion Belt"},{"floor":29,"key":"Vajra"},{"floor":41,"key":"Singing Bowl"}],"event_choices":[{"damage_healed":0,"gold_gain":0,"player_choice":"Success","damage_taken":3,"relics_obtained":["Self Forming Clay"],"max_hp_gain":0,"max_hp_loss":0,"event_name":"Scrap Ooze","floor":2,"gold_loss":0},{"cards_removed":["Strike_R"],"damage_healed":0,"gold_gain":0,"player_choice":"Card Removal","damage_taken":7,"max_hp_gain":0,"max_hp_loss":0,"event_name":"Golden Wing","floor":7,"gold_loss":0},{"damage_healed":0,"gold_gain":0,"player_choice":"Lose Max HP","damage_taken":0,"relics_obtained":["Golden Idol"],"max_hp_gain":0,"max_hp_loss":6,"event_name":"Golden Idol","floor":8,"gold_loss":0},{"damage_healed":0,"gold_gain":0,"player_choice":"Got Potions","damage_taken":0,"max_hp_gain":0,"max_hp_loss":0,"event_name":"Lab","floor":19,"gold_loss":0},{"damage_healed":0,"gold_gain":0,"player_choice":"Read","damage_taken":0,"max_hp_gain":0,"max_hp_loss":0,"event_name":"The Library","floor":25,"gold_loss":0,"cards_obtained":["Disarm"]},{"damage_healed":0,"gold_gain":0,"player_choice":"Simplicity","damage_taken":0,"max_hp_gain":0,"max_hp_loss":0,"event_name":"Back to Basics","floor":27,"gold_loss":0,"cards_upgraded":["Strike_R","Strike_R","Defend_R","Defend_R","Defend_R","Defend_R"]},{"cards_removed":["Sword Boomerang"],"damage_healed":0,"gold_gain":0,"player_choice":"Removed Attack","damage_taken":0,"max_hp_gain":0,"max_hp_loss":0,"event_name":"Falling","floor":36,"gold_loss":0},{"damage_healed":0,"gold_gain":0,"player_choice":"Ignored","damage_taken":0,"max_hp_gain":0,"max_hp_loss":0,"event_name":"Mysterious Sphere","floor":39,"gold_loss":0},{"damage_healed":0,"gold_gain":0,"player_choice":"Copied","damage_taken":0,"max_hp_gain":0,"max_hp_loss":0,"event_name":"Duplicator","floor":42,"gold_loss":0,"cards_obtained":["Reaper"]}],"is_beta":false,"boss_relics":[{"not_picked":["Runic Dome","Tiny House"],"picked":"Coffee Dripper"},{"not_picked":["Busted Crown","Black Star"],"picked":"Orrery"}],"items_purged_floors":[5],"is_endless":false,"potions_floor_spawned":[4,11,16,21,24,31,41],"killed_by":"4 Shapes","ascension_level":13}