{"gold_per_floor":[119,44,57,157,173,173,190,190,216,235,235,251,5,17,17,17],"floor_reached":16,"playtime":592,"items_purged":["Strike_B","Strike_B"],"score":103,"play_id":"c5c9a513-cdf4-423e-bd5d-ff71a506fd0b","local_time":"20190726193411","is_ascension_mode":true,"campfire_choices":[{"data":"Coolheaded","floor":6,"key":"SMITH"},{"data":"Zap","floor":8,"key":"SMITH"},{"data":"Steam Power","floor":11,"key":"SMITH"},{"data":"Self Repair","floor":15,"key":"SMITH"}],"neow_cost":"NONE","seed_source_timestamp":184812560537730,"circlet_count":0,"master_deck":["Strike_B","Strike_B","Defend_B","Defend_B","Defend_B","Defend_B","Zap+1","Dualcast","Coolheaded+1","Steam Power+1","Seek","Self Repair+1"],"relics":["Cracked Core","NeowsBlessing","Dream Catcher","Bronze Scales"],"potions_floor_usage":[16],"damage_taken":[{"damage":0,"enemies":"Cultist","floor":1,"turns":1},{"damage":0,"enemies":"2 Louse","floor":3,"turns":1},{"damage":0,"enemies":"Jaw Worm","floor":5,"turns":1},{"damage":14,"enemies":"Looter","floor":7,"turns":5},{"damage":9,"enemies":"Large Slime","floor":10,"turns":6},{"damage":1,"enemies":"Blue Slaver","floor":12,"turns":5},{"damage":0,"enemies":"Exordium Wildlife","floor":14,"turns":4},{"damage":58,"enemies":"Slime Boss","floor":16,"turns":11}],"seed_played":"-4045161463289265391","potions_obtained":[{"floor":3,"key":"Strength Potion"},{"floor":5,"key":"FearPotion"},{"floor":10,"key":"SkillPotion"},{"floor":12,"key":"Swift Potion"}],"is_trial":false,"path_per_floor":["M","$","M","?","M","R","M","R","T","M","R","M","$","M","R","B"],"character_chosen":"DEFECT","items_purchased":["Bronze Scales"],"campfire_rested":0,"item_purchase_floors":[13],"current_hp_per_floor":[75,75,75,75,75,75,61,61,61,52,52,51,51,58,58,0],"gold":17,"neow_bonus":"THREE_ENEMY_KILL","is_prod":false,"is_daily":false,"chose_seed":false,"campfire_upgraded":4,"win_rate":0,"timestamp":1564194851,"path_taken":["M","?","?","?","M","R","?","R","T","M","R","M","$","M","R","BOSS"],"build_version":"2019-07-17","purchased_purges":2,"victory":false,"max_hp_per_floor":[75,75,75,75,75,75,75,75,75,75,75,75,75,75,75,75],"card_choices":[{"not_picked":["Sweeping Beam","Tempest"],"picked":"Coolheaded","floor":1},{"not_picked":["Beam Cell","Streamline","Steam"],"picked":"SKIP","floor":3},{"not_picked":["Melter","Force Field"],"picked":"Steam Power","floor":5},{"not_picked":["Stack","Lockon"],"picked":"Seek","floor":7},{"not_picked":["Conserve Battery","Static Discharge","Barrage"],"picked":"SKIP","floor":10},{"not_picked":["Stack","Go for the Eyes"],"picked":"Self Repair","floor":12},{"not_picked":["Steam","Lockon","Conserve Battery"],"picked":"SKIP","floor":14}],"player_experience":225522,"relics_obtained":[{"floor":9,"key":"Dream Catcher"}],"event_choices":[{"damage_healed":0,"gold_gain":100,"player_choice":"Pray","damage_taken":0,"max_hp_gain":0,"max_hp_loss":0,"event_name":"Golden Shrine","floor":4,"gold_loss":0}],"is_beta":false,"boss_relics":[],"items_purged_floors":[2,13],"is_endless":false,"potions_floor_spawned":[3,5,10,12,14],"killed_by":"Slime Boss","ascension_level":2}