{"gold_per_floor":[212,103,118,130,146,146,178,188,188,113,263,277,277,287,287,358,358,377,377,377,11,21,21,21],"floor_reached":24,"playtime":1381,"items_purged":["Strike_G","Shame"],"score":396,"play_id":"54739e6d-709d-4f9d-b368-f2ba03f141c6","local_time":"20190819080514","is_ascension_mode":true,"campfire_choices":[{"data":"Infinite Blades","floor":6.0,"key":"SMITH"},{"floor":13.0,"key":"REST"},{"floor":15.0,"key":"REST"},{"data":"Well Laid Plans","floor":23,"key":"SMITH"}],"neow_cost":"NONE","seed_source_timestamp":192775069151300,"circlet_count":0,"master_deck":["AscendersBane","Strike_G","Strike_G","Strike_G","Strike_G","Defend_G","Defend_G","Defend_G","Defend_G","Defend_G","Survivor","Neutralize","Quick Slash","Infinite Blades+1","Dodge and Roll","Dagger Spray","Well Laid Plans+1","Terror","Doubt","Bullet Time","Noxious Fumes","Malaise","PiercingWail"],"special_seed":0,"relics":["Ring of the Snake","Bird Faced Urn","Ginger","Snecko Eye","Torii","Kunai"],"potions_floor_usage":[22],"damage_taken":[{"damage":0.0,"enemies":"Cultist","floor":1.0,"turns":4.0},{"damage":0.0,"enemies":"2 Louse","floor":3.0,"turns":3.0},{"damage":2.0,"enemies":"Jaw Worm","floor":4.0,"turns":5.0},{"damage":4.0,"enemies":"Blue Slaver","floor":5.0,"turns":5.0},{"damage":37.0,"enemies":"Lagavulin","floor":7.0,"turns":7.0},{"damage":0.0,"enemies":"2 Fungi Beasts","floor":8.0,"turns":4.0},{"damage":9.0,"enemies":"Red Slaver","floor":12.0,"turns":4.0},{"damage":4.0,"enemies":"Large Slime","floor":14.0,"turns":5.0},{"damage":53.0,"enemies":"Hexaghost","floor":16.0,"turns":10.0},{"damage":12.0,"enemies":"Spheric Guardian","floor":18.0,"turns":5.0},{"damage":3,"enemies":"3 Byrds","floor":22,"turns":4},{"damage":64,"enemies":"Slavers","floor":24,"turns":4}],"seed_played":"3320003602485953437","potions_obtained":[{"floor":5.0,"key":"Energy Potion"},{"floor":12.0,"key":"SteroidPotion"},{"floor":16.0,"key":"Poison Potion"},{"floor":18.0,"key":"PowerPotion"}],"is_trial":false,"path_per_floor":["M","$","M","M","M","R","E","M","T","$","?","M","R","M","R","B",null,"M","?","?","$","M","R","E"],"character_chosen":"THE_SILENT","items_purchased":["Infinite Blades","Dodge and Roll","Kunai"],"campfire_rested":2,"item_purchase_floors":[2,2,21],"current_hp_per_floor":[59,59,59,57,53,53,16,20,20,20,20,15,34,34,53,6,51,41,41,41,41,42,42,0],"gold":21,"neow_bonus":"HUNDRED_GOLD","is_prod":false,"is_daily":false,"chose_seed":false,"campfire_upgraded":2,"win_rate":0,"timestamp":1566194714,"path_taken":["M","$","M","M","M","R","E","M","T","?","?","M","R","M","R","BOSS","M","?","?","$","M","R","E"],"build_version":"2019-07-17","purchased_purges":2,"victory":false,"max_hp_per_floor":[66,66,66,66,66,66,66,66,66,66,66,66,66,66,66,66,66,66,66,66,66,66,66,66],"card_choices":[{"not_picked":["Cloak And Dagger","Underhanded Strike"],"picked":"Quick Slash","floor":1.0},{"not_picked":["Deflect","Cloak And Dagger"],"picked":"Dagger Spray","floor":3.0},{"not_picked":["Outmaneuver","Doppelganger"],"picked":"Well Laid Plans","floor":4.0},{"not_picked":["Backflip","Acrobatics","Deflect"],"picked":"SKIP","floor":5.0},{"not_picked":["Doppelganger","Quick Slash"],"picked":"Terror","floor":7.0},{"not_picked":["Outmaneuver","Quick Slash","Poisoned Stab"],"picked":"SKIP","floor":8.0},{"not_picked":["Underhanded Strike","Flying Knee"],"picked":"Bullet Time","floor":12.0},{"not_picked":["Distraction","Dagger Spray"],"picked":"Noxious Fumes","floor":14.0},{"not_picked":["Night Terror","Grand Finale"],"picked":"Malaise","floor":16.0},{"not_picked":["Flechettes+1","Dagger Throw"],"picked":"PiercingWail","floor":18.0},{"not_picked":["Endless Agony","Dagger Spray","Deflect"],"picked":"SKIP","floor":22}],"player_experience":1147344,"relics_obtained":[{"floor":7.0,"key":"Bird Faced Urn"},{"floor":9.0,"key":"Ginger"}],"event_choices":[{"damage_healed":0.0,"max_hp_gain":0.0,"max_hp_loss":0.0,"gold_gain":150.0,"event_name":"Liars Game","player_choice":"AGREE","floor":11.0,"gold_loss":0.0,"damage_taken":0.0,"cards_obtained":["Doubt"]},{"damage_healed":0.0,"max_hp_gain":0.0,"max_hp_loss":0.0,"gold_gain":0.0,"event_name":"Ghosts","player_choice":"Ignored","floor":19.0,"gold_loss":0.0,"damage_taken":0.0},{"damage_healed":0.0,"max_hp_gain":0.0,"max_hp_loss":0.0,"gold_gain":0.0,"event_name":"Addict","player_choice":"Stole Relic","floor":20.0,"gold_loss":0.0,"damage_taken":0.0,"relics_obtained":["Torii"],"cards_obtained":["Shame"]}],"is_beta":false,"boss_relics":[{"not_picked":["Eternal Feather","Black Star"],"picked":"Snecko Eye"}],"items_purged_floors":[10,21],"is_endless":false,"potions_floor_spawned":[5,12,16,18],"killed_by":"Slavers","ascension_level":20}