{"gold_per_floor":[209,222,25,42,57,85,45,45,45,74,74,86,86],"floor_reached":13,"playtime":445,"items_purged":[],"score":133,"play_id":"08f24edf-3686-4d31-b0d2-d2b20c7e3b3e","local_time":"20190607215805","is_ascension_mode":true,"campfire_choices":[{"floor":11,"key":"REST"}],"neow_cost":"NONE","seed_source_timestamp":132460612111106,"circlet_count":0,"master_deck":["Strike_B","Strike_B","Strike_B","Strike_B","Defend_B","Defend_B","Defend_B","Defend_B","Zap","Dualcast","Undo","Sunder","Coolheaded","Genetic Algorithm","Defragment","Seek","Chaos"],"relics":["Cracked Core","Anchor","Omamori","Question Card","Calipers"],"potions_floor_usage":[10,13],"damage_taken":[{"damage":1,"enemies":"Cultist","floor":1,"turns":4},{"damage":2,"enemies":"2 Louse","floor":2,"turns":3},{"damage":0,"enemies":"Jaw Worm","floor":4,"turns":3},{"damage":0,"enemies":"Exordium Wildlife","floor":5,"turns":2},{"damage":32,"enemies":"3 Sentries","floor":6,"turns":12},{"damage":28,"enemies":"Lagavulin","floor":10,"turns":9},{"damage":0,"enemies":"Blue Slaver","floor":12,"turns":3},{"damage":46,"enemies":"Gremlin Nob","floor":13,"turns":4}],"seed_played":"-3389069116761642954","potions_obtained":[{"floor":1,"key":"Dexterity Potion"},{"floor":4,"key":"SpeedPotion"},{"floor":12,"key":"Poison Potion"}],"is_trial":false,"path_per_floor":["M","M","$","M","M","E","?","$","T","E","R","M","E"],"character_chosen":"DEFECT","items_purchased":["Coolheaded","Anchor"],"campfire_rested":1,"item_purchase_floors":[3,3],"current_hp_per_floor":[67,65,65,65,65,33,33,33,33,5,27,27,0],"gold":86,"neow_bonus":"HUNDRED_GOLD","is_prod":false,"is_daily":false,"chose_seed":false,"campfire_upgraded":0,"win_rate":0,"timestamp":1559959085,"path_taken":["M","M","$","M","?","E","?","?","T","E","R","M","E"],"build_version":"2019-01-23","purchased_purges":0,"victory":false,"max_hp_per_floor":[75,75,75,75,75,75,75,75,75,75,75,75,75],"card_choices":[{"not_picked":["Rip and Tear","Leap"],"picked":"Undo","floor":1},{"not_picked":["Beam Cell","Redo"],"picked":"Sunder","floor":2},{"not_picked":["Streamline","Double Energy","Compile Driver"],"picked":"SKIP","floor":4},{"not_picked":["Barrage","Storm"],"picked":"Genetic Algorithm","floor":5},{"not_picked":["Redo","Reprogram"],"picked":"Defragment","floor":6},{"not_picked":["Aggregate","White Noise","Scrape"],"picked":"Seek","floor":10},{"not_picked":["Sweeping Beam","Stack","Redo"],"picked":"Chaos","floor":12}],"player_experience":595406,"relics_obtained":[{"floor":6,"key":"Omamori"},{"floor":9,"key":"Question Card"},{"floor":10,"key":"Calipers"}],"event_choices":[{"damage_healed":0,"gold_gain":0,"player_choice":"Left Gold","damage_taken":0,"max_hp_gain":0,"max_hp_loss":0,"event_name":"World of Goop","floor":7,"gold_loss":40}],"is_beta":false,"boss_relics":[],"items_purged_floors":[],"is_endless":false,"potions_floor_spawned":[1,4,12],"killed_by":"Gremlin Nob","ascension_level":8}