{"gold_per_floor":[113,126,46,58,58,58,78,78,78,78,113,113,129,129,129,222,222,243,121,144,144,159,159,9,9,9,36,36,55,66,93,93,164,164,177,197,252,39,139,139,171,171,198,198,211,211,211,225,225,225,225,225,225,2,33,33],"floor_reached":57,"playtime":5646,"items_purged":["Anger","Combust+1"],"score":2886,"play_id":"68c43d17-f1cc-48fd-be9d-813538cf6acf","local_time":"20190815165423","is_ascension_mode":true,"campfire_choices":[{"data":"Clothesline","floor":6,"key":"SMITH"},{"data":"Havoc","floor":8,"key":"SMITH"},{"data":"Bash","floor":10,"key":"SMITH"},{"data":"Combust","floor":12,"key":"SMITH"},{"floor":15,"key":"REST"},{"data":"Bludgeon","floor":23,"key":"SMITH"},{"data":"Dual Wield","floor":25,"key":"SMITH"},{"floor":28,"key":"REST"},{"data":"Feel No Pain","floor":32,"key":"SMITH"},{"data":"Armaments","floor":40,"key":"SMITH"},{"data":"Strike_R","floor":42,"key":"PURGE"},{"data":"Strike_R","floor":47,"key":"PURGE"},{"floor":49,"key":"RECALL"},{"data":"Strike_R","floor":53,"key":"PURGE"}],"neow_cost":"NONE","seed_source_timestamp":619158719495900,"circlet_count":0,"master_deck":["AscendersBane","Defend_R","Defend_R","Defend_R","Defend_R","Bash+1","Twin Strike","Feel No Pain+1","Clothesline+1","Havoc+1","Carnage","Bludgeon+1","Carnage+1","Disarm","Uppercut","Dual Wield+1","Power Through","Corruption","Metallicize","Impervious","Flame Barrier","Armaments+1","Dual Wield","Offering","Feel No Pain","Flame Barrier","The Bomb","Flame Barrier","Cold Snap"],"relics":["Empty Cage","Gambling Chip","Matryoshka","Pantograph","Bloody Idol","Snecko Eye","Mango","Ancient Tea Set","Calipers","Bronze Scales","Orrery","Peace Pipe","PrismaticShard","Du-Vu Doll","Dead Branch","Bag of Marbles","Turnip","Thread and Needle"],"potions_floor_usage":[4,13,31,36,37,56,56],"damage_taken":[{"damage":6,"enemies":"Jaw Worm","floor":1,"turns":8},{"damage":1,"enemies":"Cultist","floor":2,"turns":3},{"damage":7,"enemies":"Small Slimes","floor":4,"turns":3},{"damage":20,"enemies":"Exordium Wildlife","floor":7,"turns":5},{"damage":15,"enemies":"3 Sentries","floor":11,"turns":12},{"damage":1,"enemies":"2 Fungi Beasts","floor":13,"turns":3},{"damage":48,"enemies":"The Guardian","floor":16,"turns":12},{"damage":12,"enemies":"Chosen","floor":18,"turns":4},{"damage":11,"enemies":"Spheric Guardian","floor":20,"turns":3},{"damage":0,"enemies":"3 Cultists","floor":22,"turns":4},{"damage":22,"enemies":"Book of Stabbing","floor":27,"turns":4},{"damage":0,"enemies":"Centurion and Healer","floor":29,"turns":4},{"damage":0,"enemies":"Shelled Parasite and Fungi","floor":30,"turns":1},{"damage":15,"enemies":"Slavers","floor":31,"turns":3},{"damage":12,"enemies":"Automaton","floor":33,"turns":5},{"damage":8,"enemies":"3 Darklings","floor":35,"turns":3},{"damage":20,"enemies":"3 Shapes","floor":36,"turns":4},{"damage":6,"enemies":"2 Orb Walkers","floor":37,"turns":3},{"damage":6,"enemies":"Mind Bloom Boss Battle","floor":39,"turns":7},{"damage":18,"enemies":"Reptomancer","floor":41,"turns":5},{"damage":6,"enemies":"3 Darklings","floor":45,"turns":4},{"damage":0,"enemies":"Sphere and 2 Shapes","floor":48,"turns":3},{"damage":12,"enemies":"Donu and Deca","floor":50,"turns":5},{"damage":30,"enemies":"Awakened One","floor":51,"turns":5},{"damage":6,"enemies":"Shield and Spear","floor":55,"turns":2},{"damage":28,"enemies":"The Heart","floor":56,"turns":6}],"seed_played":"-8470818859235892186","potions_obtained":[{"floor":1,"key":"GamblersBrew"},{"floor":2,"key":"Ancient Potion"},{"floor":11,"key":"EssenceOfSteel"},{"floor":22,"key":"LiquidBronze"},{"floor":27,"key":"SteroidPotion"},{"floor":30,"key":"Fire Potion"},{"floor":31,"key":"PowerPotion"},{"floor":35,"key":"PowerPotion"},{"floor":39,"key":"PowerPotion"},{"floor":41,"key":"EntropicBrew"}],"is_trial":false,"path_per_floor":["M","M","$","M","?","R","M","R","T","R","E","R","M","?","R","B",null,"M","$","M","?","M","R","$","R","T","E","R","M","M","E","R","B",null,"M","M","?","$","?","R","E","R","T","T","M","?","R","M","R","B","B",null,"R","$","E","B",null],"character_chosen":"IRONCLAD","items_purchased":["Feel No Pain","Disarm","Uppercut","Corruption","PrismaticShard","Ancient Potion","Flame Barrier"],"campfire_rested":2,"item_purchase_floors":[3,19,19,24,38,54,54],"current_hp_per_floor":[62,61,61,54,54,54,34,34,34,34,19,19,18,18,38,15,55,43,43,32,32,37,37,37,37,51,34,58,63,68,58,58,75,80,77,62,61,61,81,81,68,68,73,73,72,72,72,77,77,70,52,75,75,75,74,54],"gold":33,"neow_bonus":"BOSS_RELIC","is_prod":false,"is_daily":false,"chose_seed":false,"campfire_upgraded":8,"win_rate":0,"timestamp":1565902463,"path_taken":["M","M","$","M","?","R","M","R","T","R","E","R","?","?","R","BOSS","M","$","M","?","M","R","$","R","T","E","R","M","M","E","R","BOSS","M","M","?","$","?","R","E","R","T","?","M","?","R","M","R","BOSS","BOSS","R","$","E","BOSS"],"build_version":"2019-07-17","purchased_purges":2,"victory":true,"max_hp_per_floor":[75,75,75,75,75,75,75,75,75,75,75,75,75,68,68,68,68,68,68,68,68,68,68,68,68,82,82,82,82,82,82,82,82,82,82,82,82,82,82,82,82,82,82,82,82,82,82,82,82,82,82,82,82,82,82,82],"card_choices":[{"not_picked":["Dual Wield","Ghostly Armor"],"picked":"Anger","floor":1},{"not_picked":["Armaments","Havoc"],"picked":"Twin Strike","floor":2},{"not_picked":["Dropkick","Pommel Strike"],"picked":"Clothesline","floor":4},{"not_picked":["Anger","Sword Boomerang"],"picked":"Havoc","floor":7},{"not_picked":["Blood for Blood","Flex"],"picked":"Combust","floor":11},{"not_picked":["Clothesline","Perfected Strike"],"picked":"Carnage","floor":13},{"not_picked":["Limit Break","Berserk"],"picked":"Bludgeon","floor":16},{"not_picked":["Hemokinesis","Rage"],"picked":"Carnage+1","floor":18},{"not_picked":["Anger","Body Slam"],"picked":"Dual Wield","floor":20},{"not_picked":["Uppercut","True Grit"],"picked":"Power Through","floor":22},{"not_picked":["Sever Soul","Rampage","Bloodletting"],"picked":"SKIP","floor":27},{"not_picked":["Inflame","Reckless Charge","Clothesline"],"picked":"SKIP","floor":29},{"not_picked":["Pummel","Headbutt+1"],"picked":"Metallicize","floor":30},{"not_picked":["Pommel Strike","Body Slam","Intimidate"],"picked":"SKIP","floor":31},{"not_picked":["Exhume","Offering"],"picked":"Impervious","floor":33},{"not_picked":["Headbutt","Armaments"],"picked":"Flame Barrier","floor":34},{"not_picked":["Headbutt","Perfected Strike"],"picked":"Armaments","floor":34},{"not_picked":["Whirlwind","Sentinel"],"picked":"Dual Wield","floor":34},{"not_picked":["Headbutt","Cleave","Carnage+1"],"picked":"SKIP","floor":35},{"not_picked":["Metallicize","Wild Strike"],"picked":"Offering","floor":36},{"not_picked":["Flex","Wild Strike"],"picked":"Feel No Pain","floor":37},{"not_picked":["Beam Cell","Feel No Pain"],"picked":"Flame Barrier","floor":39},{"not_picked":["Ball Lightning+1","Seeing Red","Stack+1"],"picked":"SKIP","floor":41},{"not_picked":["Heavy Blade","Infernal Blade","Cleave"],"picked":"SKIP","floor":45},{"not_picked":["Conserve Battery","Blur"],"picked":"The Bomb","floor":48},{"not_picked":["Eviscerate","Dodge and Roll"],"picked":"Cold Snap","floor":55}],"player_experience":2373472,"relics_obtained":[{"floor":9,"key":"Matryoshka"},{"floor":11,"key":"Pantograph"},{"floor":26,"key":"Mango"},{"floor":26,"key":"Ancient Tea Set"},{"floor":27,"key":"Calipers"},{"floor":31,"key":"Bronze Scales"},{"floor":37,"key":"Peace Pipe"},{"floor":39,"key":"Du-Vu Doll"},{"floor":41,"key":"Dead Branch"},{"floor":43,"key":"Bag of Marbles"},{"floor":44,"key":"Turnip"},{"floor":55,"key":"Thread and Needle"}],"event_choices":[{"damage_healed":0,"gold_gain":0,"player_choice":"Gave Potion","damage_taken":0,"relics_obtained":["Gambling Chip"],"max_hp_gain":0,"max_hp_loss":0,"event_name":"WeMeetAgain","floor":5,"gold_loss":0},{"damage_healed":0,"gold_gain":0,"player_choice":"Lose Max HP","damage_taken":0,"relics_obtained":["Golden Idol"],"max_hp_gain":0,"max_hp_loss":7,"event_name":"Golden Idol","floor":14,"gold_loss":0},{"damage_healed":0,"gold_gain":0,"player_choice":"Gave Idol","damage_taken":0,"relics_obtained":["Bloody Idol"],"max_hp_gain":0,"max_hp_loss":0,"event_name":"Forgotten Altar","floor":21,"relics_lost":["Golden Idol"],"gold_loss":0},{"damage_healed":0,"gold_gain":0,"player_choice":"Fight","damage_taken":0,"max_hp_gain":0,"max_hp_loss":0,"event_name":"Mysterious Sphere","floor":37,"gold_loss":0},{"damage_healed":0,"gold_gain":0,"player_choice":"Fight","damage_taken":0,"max_hp_gain":0,"max_hp_loss":0,"event_name":"MindBloom","floor":39,"gold_loss":0},{"damage_healed":0,"gold_gain":0,"player_choice":"Ignored","damage_taken":0,"max_hp_gain":0,"max_hp_loss":0,"event_name":"Tomb of Lord Red Mask","floor":46,"gold_loss":0}],"is_beta":false,"boss_relics":[{"not_picked":["Coffee Dripper","Velvet Choker"],"picked":"Snecko Eye"},{"not_picked":["Calling Bell","Eternal Feather"],"picked":"Orrery"}],"items_purged_floors":[24,54],"is_endless":false,"potions_floor_spawned":[1,2,11,22,27,30,31,35,39,41,48],"ascension_level":20}