{"gold_per_floor":[114,114,31,41,56,91,110,110,155,48,48,67,67,67,67,144,144,154,154,79,55,69,69,99,99,99,99,99,127,139,167,179,281,293,317,47,62,75,75,75,92,92,141,141,141],"floor_reached":45,"playtime":2344,"items_purged":["Strike_G","Strike_G"],"score":1227,"play_id":"689540ed-0bd2-4066-b1e4-1d468fdb4c09","local_time":"20190818121910","is_ascension_mode":true,"campfire_choices":[{"floor":8.0,"key":"REST"},{"floor":11.0,"key":"REST"},{"data":"Crippling Poison","floor":13.0,"key":"SMITH"},{"floor":15.0,"key":"REST"},{"floor":23.0,"key":"REST"},{"floor":25.0,"key":"REST"},{"floor":30.0,"key":"REST"},{"data":"Noxious Fumes","floor":32.0,"key":"SMITH"},{"floor":40.0,"key":"REST"},{"floor":42.0,"key":"REST"}],"neow_cost":"NONE","seed_source_timestamp":113654590876500,"circlet_count":0,"master_deck":["AscendersBane","Strike_G","Strike_G","Defend_G","Defend_G","Defend_G","Defend_G","Survivor","Backflip","Noxious Fumes+1","Crippling Poison+1","Well Laid Plans","Dodge and Roll+1","PiercingWail+1","Deadly Poison+1","Outmaneuver+1","Doppelganger+1","Neutralize","Venomology+1","Blade Dance+1","Prepared+1","Blur+1","Bouncing Flask+1","Prepared+1","Crippling Poison+1","Night Terror+1","PiercingWail+1","Panache+1","PiercingWail+1","Catalyst+1","Backstab","Regret","The Bomb+1","Good Instincts+1","The Bomb+1"],"special_seed":0,"relics":["Empty Cage","Toxic Egg 2","Oddly Smooth Stone","Omamori","Cursed Key","Frozen Egg 2","Ancient Tea Set","MawBank","Runic Pyramid","WarpedTongs","Anchor"],"potions_floor_usage":[45],"damage_taken":[{"damage":2.0,"enemies":"2 Louse","floor":1.0,"turns":4.0},{"damage":17.0,"enemies":"Cultist","floor":4.0,"turns":5.0},{"damage":10.0,"enemies":"Small Slimes","floor":5.0,"turns":4.0},{"damage":16.0,"enemies":"Gremlin Nob","floor":6.0,"turns":6.0},{"damage":8.0,"enemies":"Looter","floor":7.0,"turns":5.0},{"damage":10.0,"enemies":"Exordium Thugs","floor":12.0,"turns":6.0},{"damage":51.0,"enemies":"Slime Boss","floor":16.0,"turns":14.0},{"damage":18.0,"enemies":"Chosen","floor":18.0,"turns":6.0},{"damage":10.0,"enemies":"2 Thieves","floor":21.0,"turns":4.0},{"damage":12.0,"enemies":"Snake Plant","floor":22.0,"turns":6.0},{"damage":13.0,"enemies":"Slavers","floor":24.0,"turns":4.0},{"damage":6.0,"enemies":"Gremlin Leader","floor":29.0,"turns":7.0},{"damage":7.0,"enemies":"Snecko","floor":31.0,"turns":5.0},{"damage":25.0,"enemies":"Collector","floor":33.0,"turns":8.0},{"damage":8.0,"enemies":"3 Darklings","floor":35.0,"turns":4.0},{"damage":6.0,"enemies":"Orb Walker","floor":37.0,"turns":5.0},{"damage":0.0,"enemies":"Maw","floor":38.0,"turns":6.0},{"damage":16.0,"enemies":"Spire Growth","floor":41.0,"turns":6.0},{"damage":78,"enemies":"2 Orb Walkers","floor":45,"turns":5}],"seed_played":"4932480091676570378","potions_obtained":[{"floor":4.0,"key":"GhostInAJar"},{"floor":5.0,"key":"GhostInAJar"},{"floor":12.0,"key":"AttackPotion"},{"floor":16.0,"key":"Block Potion"},{"floor":35.0,"key":"SpeedPotion"},{"floor":38.0,"key":"Fire Potion"}],"is_trial":false,"path_per_floor":["M","?","$","M","M","E","M","R","T","?","R","M","R","?","R","B",null,"M","?","$","M","M","R","E","R","T","?","$","E","R","M","R","B",null,"M","$","M","M","?","R","M","R","T","?","?"],"character_chosen":"THE_SILENT","items_purchased":["Noxious Fumes","Panache+1"],"campfire_rested":8,"item_purchase_floors":[3,36],"current_hp_per_floor":[57,57,57,40,30,14,6,25,25,25,44,34,34,34,53,2,50,32,32,32,22,10,29,16,35,35,35,35,29,48,41,41,16,54,46,46,40,40,40,59,43,62,62,52,0],"gold":141,"neow_bonus":"BOSS_RELIC","is_prod":false,"is_daily":false,"chose_seed":false,"campfire_upgraded":2,"win_rate":0,"timestamp":1566123550,"path_taken":["M","?","$","?","M","E","M","R","T","?","R","?","R","?","R","BOSS","M","?","$","M","M","R","E","R","T","?","$","E","R","M","R","BOSS","BOSS","M","$","?","M","?","R","?","R","T","?","?"],"build_version":"2019-07-17","purchased_purges":2,"victory":false,"max_hp_per_floor":[66,66,66,66,66,66,66,66,66,66,66,66,66,66,66,66,66,66,66,66,66,66,66,66,66,66,66,66,66,66,66,66,66,66,66,66,66,66,66,66,66,66,66,66,66],"card_choices":[{"not_picked":["Dagger Throw","Expertise"],"picked":"Backflip","floor":1.0},{"not_picked":["Dagger Spray","Reflex"],"picked":"Crippling Poison","floor":4.0},{"not_picked":["Reflex","Eviscerate"],"picked":"Well Laid Plans","floor":5.0},{"not_picked":["Acrobatics","Slice"],"picked":"Dodge and Roll","floor":6.0},{"not_picked":["Deflect+1","All Out Attack"],"picked":"PiercingWail+1","floor":7.0},{"not_picked":["Flechettes","Outmaneuver+1"],"picked":"Deadly Poison+1","floor":12.0},{"not_picked":["Wraith Form v2","Phantasmal Killer+1"],"picked":"Venomology+1","floor":16.0},{"not_picked":["Underhanded Strike","Outmaneuver+1"],"picked":"Blade Dance+1","floor":18.0},{"not_picked":["Finisher","Acrobatics+1"],"picked":"Prepared+1","floor":21.0},{"not_picked":["Blade Dance+1","Underhanded Strike"],"picked":"Blur+1","floor":22.0},{"not_picked":["Deadly Poison+1","Escape Plan+1"],"picked":"Bouncing Flask+1","floor":24.0},{"not_picked":["Deflect+1","Acrobatics+1"],"picked":"Prepared+1","floor":29.0},{"not_picked":["Outmaneuver+1","Acrobatics+1"],"picked":"Crippling Poison+1","floor":31.0},{"not_picked":["Doppelganger+1","Bullet Time+1"],"picked":"Night Terror+1","floor":33.0},{"not_picked":["Bouncing Flask+1","Deadly Poison+1"],"picked":"PiercingWail+1","floor":35.0},{"not_picked":["Sucker Punch","Backflip+1"],"picked":"PiercingWail+1","floor":37.0},{"not_picked":["Flechettes","Dagger Spray"],"picked":"Catalyst+1","floor":38.0},{"not_picked":["Deflect+1","Backflip+1"],"picked":"Backstab","floor":41.0},{"not_picked":["Jack Of All Trades+1","Master of Strategy+1"],"picked":"The Bomb+1","floor":44},{"not_picked":["Discovery+1","Dramatic Entrance"],"picked":"Good Instincts+1","floor":44},{"not_picked":["Deep Breath+1","Metamorphosis+1"],"picked":"The Bomb+1","floor":44}],"player_experience":1117683,"relics_obtained":[{"floor":6.0,"key":"Toxic Egg 2"},{"floor":9.0,"key":"Oddly Smooth Stone"},{"floor":24.0,"key":"Frozen Egg 2"},{"floor":26.0,"key":"Ancient Tea Set"},{"floor":29.0,"key":"MawBank"},{"floor":43.0,"key":"Anchor"}],"event_choices":[{"cards_removed":["Defend_G"],"damage_healed":0.0,"max_hp_gain":0.0,"max_hp_loss":0.0,"gold_gain":0.0,"event_name":"Bonfire Elementals","player_choice":"Offered Basic","floor":2.0,"gold_loss":0.0,"damage_taken":0.0},{"damage_healed":0.0,"max_hp_gain":0.0,"max_hp_loss":0.0,"gold_gain":0.0,"event_name":"WeMeetAgain","player_choice":"Paid Gold","floor":10.0,"gold_loss":107.0,"damage_taken":0.0,"relics_obtained":["Omamori"]},{"damage_healed":0.0,"max_hp_gain":0.0,"max_hp_loss":0.0,"gold_gain":0.0,"event_name":"Match and Keep!","player_choice":"3 cards matched","floor":14.0,"gold_loss":0.0,"damage_taken":0.0,"cards_obtained":["Outmaneuver","Doppelganger","Neutralize"]},{"damage_healed":0.0,"max_hp_gain":0.0,"max_hp_loss":0.0,"gold_gain":0.0,"event_name":"Ghosts","player_choice":"Ignored","floor":19.0,"gold_loss":0.0,"damage_taken":0.0},{"damage_healed":0.0,"max_hp_gain":0.0,"max_hp_loss":0.0,"gold_gain":0.0,"event_name":"Lab","player_choice":"Got Potions","floor":27.0,"gold_loss":0.0,"damage_taken":0.0},{"damage_healed":0.0,"max_hp_gain":0.0,"max_hp_loss":0.0,"gold_gain":0.0,"event_name":"Accursed Blacksmith","player_choice":"Rummage","floor":39.0,"gold_loss":0.0,"damage_taken":0.0,"relics_obtained":["WarpedTongs"],"cards_obtained":["Pain"]},{"damage_healed":0,"gold_gain":0,"player_choice":"Memory 3","damage_taken":10,"max_hp_gain":0,"max_hp_loss":0,"event_name":"SensoryStone","floor":44,"gold_loss":0},{"damage_healed":0,"gold_gain":0,"player_choice":"Fight","damage_taken":0,"max_hp_gain":0,"max_hp_loss":0,"event_name":"Mysterious Sphere","floor":45,"gold_loss":0}],"is_beta":false,"boss_relics":[{"not_picked":["Calling Bell","Eternal Feather"],"picked":"Cursed Key"},{"not_picked":["Sozu","Philosopher\u0027s Stone"],"picked":"Runic Pyramid"}],"items_purged_floors":[20,36],"is_endless":false,"potions_floor_spawned":[4,5,12,16,22,24,35,38],"killed_by":"2 Orb Walkers","ascension_level":20}