{"gold_per_floor":[115,131,143,93,112,112,137,137,208,226,244,244,244,256,256,353,353,353],"floor_reached":18,"playtime":1002,"items_purged":[],"score":180,"play_id":"4bfedcd0-0cb9-49cb-9f44-e3a4a1fccd12","local_time":"20190724152139","is_ascension_mode":true,"campfire_choices":[{"data":"Zap","floor":6,"key":"SMITH"},{"data":"Hello World","floor":8,"key":"SMITH"},{"floor":12,"key":"REST"},{"floor":15,"key":"REST"}],"neow_cost":"NONE","seed_source_timestamp":94275491611007,"circlet_count":0,"master_deck":["Strike_B","Strike_B","Strike_B","Defend_B","Defend_B","Defend_B","Defend_B","Zap+1","Dualcast","Forethought","Ball Lightning","Redo","Hologram","Sweeping Beam","Hello World+1","Defragment","Melter","Good Instincts","Zap","Cold Snap","Multi-Cast"],"relics":["Cracked Core","Gambling Chip","Bottled Lightning","Snecko Eye"],"potions_floor_usage":[5,10,11],"damage_taken":[{"damage":2,"enemies":"2 Louse","floor":1,"turns":2},{"damage":1,"enemies":"Cultist","floor":2,"turns":3},{"damage":7,"enemies":"Small Slimes","floor":3,"turns":3},{"damage":16,"enemies":"3 Louse","floor":5,"turns":2},{"damage":26,"enemies":"Lagavulin","floor":7,"turns":5},{"damage":4,"enemies":"Looter","floor":10,"turns":2},{"damage":15,"enemies":"Exordium Thugs","floor":11,"turns":3},{"damage":16,"enemies":"2 Fungi Beasts","floor":14,"turns":3},{"damage":13,"enemies":"Hexaghost","floor":16,"turns":10},{"damage":8,"enemies":"Spheric Guardian","floor":18,"turns":3}],"seed_played":"-3333804271863168216","potions_obtained":[{"floor":2,"key":"SteroidPotion"},{"floor":3,"key":"EssenceOfSteel"},{"floor":7,"key":"Dexterity Potion"}],"is_trial":false,"path_per_floor":["M","M","M","?","M","R","E","R","T","M","M","R","?","M","R","B",null,"M"],"character_chosen":"DEFECT","items_purchased":[],"campfire_rested":2,"item_purchase_floors":[],"current_hp_per_floor":[73,72,65,65,49,49,23,23,23,19,4,26,26,10,32,19,75,67],"gold":353,"neow_bonus":"RANDOM_COLORLESS","is_prod":false,"is_daily":false,"chose_seed":false,"campfire_upgraded":2,"win_rate":0,"timestamp":1563999699,"path_taken":["M","M","M","?","M","R","E","R","T","M","M","R","?","M","R","BOSS","M"],"build_version":"2019-07-17","purchased_purges":0,"victory":false,"max_hp_per_floor":[75,75,75,75,75,75,75,75,75,75,75,75,75,75,75,75,75,75],"card_choices":[{"not_picked":["Force Field","Gash"],"picked":"Ball Lightning","floor":1},{"not_picked":["Stack","Compile Driver"],"picked":"Redo","floor":2},{"not_picked":["Machine Learning","Turbo"],"picked":"Hologram","floor":3},{"not_picked":["Beam Cell","Thunder Strike"],"picked":"Sweeping Beam","floor":5},{"not_picked":["Double Energy","Reboot"],"picked":"Hello World","floor":7},{"not_picked":["Sweeping Beam","Ball Lightning"],"picked":"Defragment","floor":10},{"not_picked":["Reprogram","Rebound"],"picked":"Melter","floor":11},{"not_picked":["Doom and Gloom","Rainbow"],"picked":"Cold Snap","floor":14},{"not_picked":["Machine Learning","Hyperbeam"],"picked":"Multi-Cast","floor":16}],"player_experience":87378,"relics_obtained":[{"floor":7,"key":"Gambling Chip"},{"floor":9,"key":"Bottled Lightning"}],"event_choices":[{"cards_removed":["Strike_B"],"damage_healed":0,"gold_gain":0,"player_choice":"Card Removal","damage_taken":0,"max_hp_gain":0,"max_hp_loss":0,"event_name":"The Cleric","floor":4,"gold_loss":50},{"damage_healed":0,"gold_gain":0,"player_choice":"2 cards matched","damage_taken":0,"max_hp_gain":0,"max_hp_loss":0,"event_name":"Match and Keep!","floor":13,"gold_loss":0,"cards_obtained":["Good Instincts","Zap"]}],"is_beta":false,"boss_relics":[{"not_picked":["Coffee Dripper","Tiny House"],"picked":"Snecko Eye"}],"items_purged_floors":[],"is_endless":false,"potions_floor_spawned":[2,3,7],"killed_by":"Spheric Guardian","ascension_level":2}