{"gold_per_floor":[114,64,64,64,78,104,159,189,189,199,124,151,167,177,177,278,278,291,291,191,210,85,120,139,139,164,175,194,222,232,252,252,350,350,365,384,384,16,34,67,67,100,100,100,100],"floor_reached":45,"playtime":3373,"items_purged":["Strike_R","Strike_R","Defend_R","Strike_R"],"score":671,"play_id":"794c1f25-a725-4a63-84a5-3cd687680d1b","local_time":"20190727152124","is_ascension_mode":true,"campfire_choices":[{"floor":15,"key":"REST"},{"data":"Flame Barrier","floor":25,"key":"SMITH"},{"data":"Heavy Blade","floor":32,"key":"SMITH"},{"data":"Offering","floor":41,"key":"SMITH"}],"neow_cost":"NONE","seed_source_timestamp":191241436775602,"circlet_count":0,"master_deck":["Strike_R+1","Strike_R+1","Defend_R","Defend_R","Bash+1","Flame Barrier+1","Inflame","Battle Trance","Carnage","Shrug It Off","Inflame","Impervious","Metallicize","Reaper","Spot Weakness","Heavy Blade+1","Feel No Pain","Inflame","Reaper","Offering+1","Impervious","Demon Form","Berserk","Impatience"],"relics":["Burning Blood","NeowsBlessing","StoneCalendar","Dream Catcher","Regal Pillow","Darkstone Periapt","Whetstone","Snecko Eye","FossilizedHelix","PreservedInsect","Self Forming Clay","Eternal Feather","Bottled Flame","Bag of Marbles","Mercury Hourglass"],"potions_floor_usage":[7,8,23,30],"damage_taken":[{"damage":0,"enemies":"Small Slimes","floor":1,"turns":1},{"damage":0,"enemies":"Jaw Worm","floor":5,"turns":1},{"damage":0,"enemies":"Gremlin Nob","floor":6,"turns":1},{"damage":27,"enemies":"Gremlin Nob","floor":7,"turns":4},{"damage":31,"enemies":"3 Sentries","floor":8,"turns":7},{"damage":6,"enemies":"Cultist","floor":10,"turns":3},{"damage":28,"enemies":"Gremlin Nob","floor":12,"turns":4},{"damage":5,"enemies":"3 Louse","floor":13,"turns":3},{"damage":0,"enemies":"2 Fungi Beasts","floor":14,"turns":4},{"damage":32,"enemies":"Slime Boss","floor":16,"turns":7},{"damage":0,"enemies":"Chosen","floor":18,"turns":3},{"damage":15,"enemies":"2 Thieves","floor":21,"turns":4},{"damage":39,"enemies":"Book of Stabbing","floor":23,"turns":6},{"damage":0,"enemies":"Cultist and Chosen","floor":24,"turns":4},{"damage":67,"enemies":"3 Cultists","floor":27,"turns":7},{"damage":0,"enemies":"Centurion and Healer","floor":28,"turns":5},{"damage":0,"enemies":"Gremlin Leader","floor":29,"turns":3},{"damage":27,"enemies":"Cultist and Chosen","floor":30,"turns":6},{"damage":19,"enemies":"3 Cultists","floor":31,"turns":6},{"damage":28,"enemies":"Champ","floor":33,"turns":7},{"damage":0,"enemies":"Orb Walker","floor":35,"turns":3},{"damage":13,"enemies":"3 Darklings","floor":36,"turns":5},{"damage":39,"enemies":"Maw","floor":39,"turns":8},{"damage":6,"enemies":"Giant Head","floor":40,"turns":6},{"damage":113,"enemies":"Reptomancer","floor":42,"turns":4},{"damage":15,"enemies":"Writhing Mass","floor":45,"turns":4}],"seed_played":"5243990064674824664","potions_obtained":[{"floor":1,"key":"EntropicBrew"},{"floor":12,"key":"SteroidPotion"},{"floor":23,"key":"Dexterity Potion"},{"floor":29,"key":"AttackPotion"},{"floor":30,"key":"FairyPotion"},{"floor":35,"key":"SpeedPotion"}],"is_trial":false,"path_per_floor":["M","?","?","$","M","E","?","E","T","M","$","E","M","M","R","B",null,"M","?","$","M","$","E","M","R","T","M","M","E","M","M","R","B",null,"M","M","?","$","M","E","R","E","T","?","M"],"character_chosen":"IRONCLAD","items_purchased":["Offering","Impervious"],"campfire_rested":1,"item_purchase_floors":[38,38],"current_hp_per_floor":[80,80,85,85,85,85,64,44,44,44,44,22,23,29,69,43,85,85,85,85,76,76,51,72,72,72,33,55,85,76,77,77,69,85,85,85,85,85,77,85,85,14,14,14,0],"gold":100,"neow_bonus":"THREE_ENEMY_KILL","is_prod":false,"is_daily":false,"chose_seed":false,"campfire_upgraded":3,"win_rate":0,"timestamp":1564266084,"path_taken":["M","?","?","$","M","E","?","E","T","M","$","E","M","M","R","BOSS","M","?","$","?","$","E","M","R","T","M","M","E","M","M","R","BOSS","M","M","?","$","M","E","R","E","T","?","M"],"build_version":"2019-07-17","purchased_purges":4,"victory":false,"max_hp_per_floor":[80,80,85,85,85,85,85,85,85,85,85,85,85,85,85,85,85,85,85,85,85,85,85,85,85,85,85,85,85,85,85,85,85,85,85,85,85,85,85,85,85,85,85,85,85],"card_choices":[{"not_picked":["Perfected Strike","Clothesline"],"picked":"Flame Barrier","floor":1},{"not_picked":["Iron Wave","Clash","Fire Breathing"],"picked":"SKIP","floor":5},{"not_picked":["Sword Boomerang","Headbutt"],"picked":"Inflame","floor":6},{"not_picked":["Heavy Blade","Headbutt"],"picked":"Battle Trance","floor":7},{"not_picked":["Hemokinesis","Twin Strike"],"picked":"Carnage","floor":8},{"not_picked":["Twin Strike","Cleave"],"picked":"Shrug It Off","floor":10},{"not_picked":["Battle Trance","Rupture"],"picked":"Inflame","floor":12},{"not_picked":["Shrug It Off","Uppercut"],"picked":"Impervious","floor":13},{"not_picked":["Warcry","Headbutt","Cleave"],"picked":"SKIP","floor":14},{"not_picked":["Power Through","Seeing Red"],"picked":"Metallicize","floor":15},{"not_picked":["Exhume","Dark Embrace"],"picked":"Reaper","floor":16},{"not_picked":["Wild Strike+1","Headbutt","Clash"],"picked":"SKIP","floor":18},{"not_picked":["Wild Strike+1","Pommel Strike","Cleave+1"],"picked":"SKIP","floor":21},{"not_picked":["Clothesline+1","Sword Boomerang"],"picked":"Spot Weakness","floor":23},{"not_picked":["Shrug It Off","Havoc+1","Battle Trance"],"picked":"SKIP","floor":24},{"not_picked":["Warcry","Power Through","Seeing Red"],"picked":"SKIP","floor":27},{"not_picked":["Anger","Pommel Strike"],"picked":"Heavy Blade","floor":28},{"not_picked":["True Grit","Thunderclap"],"picked":"Feel No Pain","floor":29},{"not_picked":["Demon Form","Spot Weakness"],"picked":"Inflame","floor":30},{"not_picked":["Corruption","Flex","True Grit"],"picked":"SKIP","floor":31},{"not_picked":["Barricade","Exhume"],"picked":"Reaper","floor":33},{"not_picked":["Perfected Strike","Pommel Strike"],"picked":"Metallicize","floor":35},{"not_picked":["Rage+1","Warcry+1","Iron Wave+1"],"picked":"SKIP","floor":36},{"not_picked":["Perfected Strike","Battle Trance"],"picked":"Demon Form","floor":39},{"not_picked":["Seeing Red","Wild Strike","Sever Soul+1"],"picked":"SKIP","floor":40},{"not_picked":["Pummel+1","Uppercut"],"picked":"Berserk","floor":42},{"not_picked":["Purity","PanicButton"],"picked":"Impatience","floor":44}],"player_experience":229799,"relics_obtained":[{"floor":6,"key":"StoneCalendar"},{"floor":8,"key":"Regal Pillow"},{"floor":9,"key":"Darkstone Periapt"},{"floor":12,"key":"Whetstone"},{"floor":23,"key":"FossilizedHelix"},{"floor":26,"key":"PreservedInsect"},{"floor":29,"key":"Self Forming Clay"},{"floor":40,"key":"Bottled Flame"},{"floor":42,"key":"Bag of Marbles"},{"floor":43,"key":"Mercury Hourglass"}],"event_choices":[{"cards_removed":["Defend_R"],"damage_healed":0,"gold_gain":0,"player_choice":"Card Removal","damage_taken":0,"max_hp_gain":0,"max_hp_loss":0,"event_name":"The Cleric","floor":2,"gold_loss":50},{"damage_healed":0,"gold_gain":0,"player_choice":"Donut","damage_taken":0,"max_hp_gain":5,"max_hp_loss":0,"event_name":"Big Fish","floor":3,"gold_loss":0},{"damage_healed":0,"gold_gain":0,"player_choice":"Searched \u00272\u0027 times","damage_taken":0,"relics_obtained":["Dream Catcher"],"max_hp_gain":0,"max_hp_loss":0,"event_name":"Dead Adventurer","floor":7,"gold_loss":0},{"damage_healed":0,"gold_gain":0,"player_choice":"Forge","damage_taken":0,"max_hp_gain":0,"max_hp_loss":0,"event_name":"Accursed Blacksmith","floor":19,"gold_loss":0,"cards_upgraded":["Bash"]},{"cards_removed":["Metallicize"],"damage_healed":0,"gold_gain":0,"player_choice":"Removed Power","damage_taken":0,"max_hp_gain":0,"max_hp_loss":0,"event_name":"Falling","floor":37,"gold_loss":0},{"damage_healed":0,"gold_gain":0,"player_choice":"Memory 1","damage_taken":0,"max_hp_gain":0,"max_hp_loss":0,"event_name":"SensoryStone","floor":44,"gold_loss":0}],"is_beta":false,"boss_relics":[{"not_picked":["Orrery","Mark of Pain"],"picked":"Snecko Eye"},{"not_picked":["White Beast Statue","Busted Crown"],"picked":"Eternal Feather"}],"items_purged_floors":[11,20,22,38],"is_endless":false,"potions_floor_spawned":[1,7,12,23,28,29,30,33,35,36,40],"killed_by":"Writhing Mass","ascension_level":2}