{"gold_per_floor":[115,115,136,136,157,157,190,190,240,279,293,311,341,20,20,148,148,172,87,212,227,152,191,207,207,207,207,243,243,243,259,259,380,380,395,463,796,113,113,113,139,139,139,165,184,194,194,207,207,207,207,207,58,90,90],"floor_reached":55,"playtime":2393,"items_purged":["Strike_R","Anger+1"],"score":1256,"play_id":"77a21a01-8116-4d4b-9783-0d065ec364fa","local_time":"20190601223916","is_ascension_mode":true,"campfire_choices":[{"data":"Armaments","floor":6,"key":"SMITH"},{"floor":8,"key":"REST"},{"data":"Disarm","floor":15,"key":"SMITH"},{"floor":25,"key":"REST"},{"floor":27,"key":"RECALL"},{"floor":29,"key":"REST"},{"floor":32,"key":"REST"},{"floor":40,"key":"REST"},{"floor":42,"key":"REST"},{"floor":47,"key":"REST"},{"floor":49,"key":"REST"},{"floor":52,"key":"REST"}],"neow_cost":"NONE","seed_source_timestamp":1554415295319167,"circlet_count":0,"master_deck":["AscendersBane","Strike_R+1","Strike_R","Strike_R","Defend_R","Defend_R","Defend_R","Defend_R+1","Bash+1","Clothesline+1","Cleave","Armaments+1","Uppercut","Carnage","Disarm+1","Immolate","Combust+1","Havoc+1","Inflame","Burning Pact+1","Inflame+1","Feed","Shrug It Off+1","Inflame+1","Inflame+1","Barricade+1","Disarm+1","Corruption+1","Burning Pact+1","Disarm+1","Flame Barrier+1","True Grit+1"],"relics":["Burning Blood","Orichalcum","Bag of Preparation","Kunai","Odd Mushroom","Pear","Fusion Hammer","Potion Belt","Mercury Hourglass","Prayer Wheel","Dodecahedron","Frozen Egg 2","The Courier","Snecko Eye","Mango","Toy Ornithopter","Toxic Egg 2","Strawberry","Whetstone","Ornamental Fan","Mummified Hand","Darkstone Periapt","War Paint","Art of War"],"potions_floor_usage":[20,36,55,55,55,55],"damage_taken":[{"damage":2,"enemies":"2 Louse","floor":1,"turns":3},{"damage":10,"enemies":"Small Slimes","floor":3,"turns":4},{"damage":10,"enemies":"Jaw Worm","floor":5,"turns":4},{"damage":40,"enemies":"Lagavulin","floor":7,"turns":6},{"damage":14,"enemies":"Gremlin Nob","floor":10,"turns":5},{"damage":8,"enemies":"2 Fungi Beasts","floor":11,"turns":3},{"damage":0,"enemies":"Large Slime","floor":12,"turns":4},{"damage":13,"enemies":"The Mushroom Lair","floor":13,"turns":4},{"damage":35,"enemies":"The Guardian","floor":16,"turns":18},{"damage":6,"enemies":"Shell Parasite","floor":18,"turns":5},{"damage":22,"enemies":"Colosseum Slavers","floor":20,"turns":3},{"damage":12,"enemies":"Colosseum Nobs","floor":20,"turns":4},{"damage":6,"enemies":"Spheric Guardian","floor":21,"turns":3},{"damage":17,"enemies":"Gremlin Leader","floor":23,"turns":4},{"damage":7,"enemies":"Snecko","floor":24,"turns":5},{"damage":15,"enemies":"Slavers","floor":28,"turns":3},{"damage":13,"enemies":"Shelled Parasite and Fungi","floor":31,"turns":4},{"damage":78,"enemies":"Automaton","floor":33,"turns":9},{"damage":9,"enemies":"Orb Walker","floor":35,"turns":4},{"damage":37,"enemies":"2 Orb Walkers","floor":36,"turns":4},{"damage":80,"enemies":"Nemesis","floor":41,"turns":11},{"damage":4,"enemies":"Reptomancer","floor":44,"turns":5},{"damage":1,"enemies":"3 Darklings","floor":45,"turns":2},{"damage":40,"enemies":"Spire Growth","floor":46,"turns":5},{"damage":5,"enemies":"Transient","floor":48,"turns":5},{"damage":76,"enemies":"Awakened One","floor":50,"turns":18},{"damage":84,"enemies":"Shield and Spear","floor":54,"turns":6},{"damage":92,"enemies":"The Heart","floor":55,"turns":9}],"seed_played":"1200903138506651330","potions_obtained":[{"floor":1,"key":"PowerPotion"},{"floor":5,"key":"BloodPotion"},{"floor":21,"key":"BloodPotion"},{"floor":23,"key":"Explosive Potion"},{"floor":28,"key":"AttackPotion"},{"floor":36,"key":"Weak Potion"},{"floor":54,"key":"EssenceOfSteel"}],"is_trial":false,"path_per_floor":["M","?","M","?","M","R","E","R","T","E","M","M","?","$","R","B",null,"M","?","?","M","?","E","M","R","T","R","E","R","?","M","R","B",null,"M","?","?","$","T","R","E","R","T","E","M","M","R","M","R","B",null,"R","$","E","B"],"character_chosen":"IRONCLAD","items_purchased":["Pear","Toy Ornithopter","Toxic Egg 2","Strawberry","Whetstone","Flame Barrier+1","War Paint"],"campfire_rested":9,"item_purchase_floors":[14,38,38,38,38,53,53],"current_hp_per_floor":[84,62,58,58,54,54,20,46,46,38,36,42,35,45,45,16,78,78,78,56,56,56,45,44,73,73,73,64,93,93,86,98,26,80,77,60,60,67,67,102,28,63,63,69,74,43,80,81,118,48,107,126,126,48,0],"gold":90,"neow_bonus":"TEN_PERCENT_HP_BONUS","is_prod":false,"is_daily":false,"chose_seed":false,"campfire_upgraded":2,"win_rate":0,"timestamp":1559443156,"path_taken":["M","?","M","?","M","R","E","R","T","E","M","M","?","?","R","BOSS","M","?","?","M","?","E","M","R","T","R","E","R","?","M","R","BOSS","M","?","?","?","?","R","E","R","T","E","M","M","R","?","R","BOSS","R","$","E","BOSS"],"build_version":"2019-01-23","purchased_purges":2,"victory":false,"max_hp_per_floor":[88,88,88,88,88,88,88,88,88,88,88,88,88,98,98,98,98,98,98,98,98,98,98,98,98,98,98,98,98,98,98,98,98,98,98,112,112,119,119,119,119,119,119,123,123,126,126,126,126,126,126,126,126,126,126],"card_choices":[{"not_picked":["Entrench","Body Slam"],"picked":"Clothesline","floor":1},{"not_picked":["True Grit","Thunderclap"],"picked":"Cleave","floor":3},{"not_picked":["Flex","Twin Strike"],"picked":"Armaments","floor":5},{"not_picked":["Warcry","Corruption","Sword Boomerang"],"picked":"SKIP","floor":7},{"not_picked":["Ghostly Armor","Dropkick"],"picked":"Uppercut","floor":10},{"not_picked":["Warcry","Blood for Blood"],"picked":"Carnage","floor":11},{"not_picked":["Pommel Strike","Feel No Pain"],"picked":"Disarm","floor":12},{"not_picked":["Offering","Fiend Fire"],"picked":"Immolate","floor":16},{"not_picked":["Sever Soul","Cleave"],"picked":"Combust+1","floor":18},{"not_picked":["Infernal Blade","Entrench+1"],"picked":"Havoc","floor":20},{"not_picked":["Heavy Blade+1","Havoc","Body Slam+1"],"picked":"SKIP","floor":21},{"not_picked":["Cleave","Twin Strike","Demon Form"],"picked":"SKIP","floor":21},{"not_picked":["Iron Wave","Searing Blow"],"picked":"Inflame","floor":23},{"not_picked":["True Grit","Clash+1"],"picked":"Burning Pact+1","floor":24},{"not_picked":["Havoc","Warcry+1","Wild Strike"],"picked":"SKIP","floor":24},{"not_picked":["Anger+1","Entrench"],"picked":"Inflame+1","floor":28},{"not_picked":["Entrench+1","Seeing Red"],"picked":"Anger+1","floor":31},{"not_picked":["Heavy Blade","Pommel Strike+1","Sentinel"],"picked":"SKIP","floor":31},{"not_picked":["Fiend Fire","Bludgeon"],"picked":"Feed","floor":33},{"not_picked":["Headbutt","Armaments"],"picked":"Shrug It Off+1","floor":35},{"not_picked":["Infernal Blade","Clash+1","Burning Pact"],"picked":"SKIP","floor":35},{"not_picked":["Pommel Strike","Thunderclap+1"],"picked":"Inflame+1","floor":41},{"not_picked":["Dropkick+1","Thunderclap+1"],"picked":"Inflame+1","floor":44},{"not_picked":["Headbutt+1","Warcry+1"],"picked":"Barricade+1","floor":45},{"not_picked":["Dual Wield+1","Shrug It Off+1"],"picked":"Disarm+1","floor":45},{"not_picked":["Flex+1","Intimidate+1"],"picked":"Corruption+1","floor":46},{"not_picked":["Evolve+1","Infernal Blade+1"],"picked":"Burning Pact+1","floor":46},{"not_picked":["Warcry+1","Shrug It Off+1"],"picked":"Disarm+1","floor":48},{"not_picked":["Warcry+1","Armaments+1","Intimidate+1"],"picked":"SKIP","floor":48},{"not_picked":["Sword Boomerang","Power Through+1"],"picked":"True Grit+1","floor":54}],"player_experience":563808,"relics_obtained":[{"floor":7,"key":"Orichalcum"},{"floor":9,"key":"Bag of Preparation"},{"floor":10,"key":"Kunai"},{"floor":13,"key":"Odd Mushroom"},{"floor":20,"key":"Mercury Hourglass"},{"floor":20,"key":"Prayer Wheel"},{"floor":23,"key":"Dodecahedron"},{"floor":26,"key":"Frozen Egg 2"},{"floor":28,"key":"The Courier"},{"floor":36,"key":"Mango"},{"floor":39,"key":"Ornamental Fan"},{"floor":41,"key":"Mummified Hand"},{"floor":44,"key":"Darkstone Periapt"},{"floor":54,"key":"Art of War"}],"event_choices":[{"damage_healed":0,"gold_gain":0,"player_choice":"Take Damage","damage_taken":22,"relics_obtained":["Golden Idol"],"max_hp_gain":0,"max_hp_loss":0,"event_name":"Golden Idol","floor":2,"gold_loss":0},{"damage_healed":0,"gold_gain":0,"player_choice":"Grow","damage_taken":0,"max_hp_gain":0,"max_hp_loss":0,"event_name":"Living Wall","floor":4,"gold_loss":0,"cards_upgraded":["Bash"]},{"damage_healed":0,"gold_gain":0,"player_choice":"Fought Mushrooms","damage_taken":0,"max_hp_gain":0,"max_hp_loss":0,"event_name":"Mushrooms","floor":13,"gold_loss":0},{"damage_healed":0,"gold_gain":0,"player_choice":"Obtained Relic","damage_taken":0,"relics_obtained":["Potion Belt"],"max_hp_gain":0,"max_hp_loss":0,"event_name":"Addict","floor":19,"gold_loss":85},{"damage_healed":0,"gold_gain":0,"player_choice":"Fight","damage_taken":0,"max_hp_gain":0,"max_hp_loss":0,"event_name":"Colosseum","floor":20,"gold_loss":0},{"damage_healed":0,"gold_gain":0,"player_choice":"Fought Nobs","damage_taken":0,"max_hp_gain":0,"max_hp_loss":0,"event_name":"Colosseum","floor":20,"gold_loss":0},{"cards_removed":["Strike_R"],"damage_healed":0,"gold_gain":0,"player_choice":"Gave Gold","damage_taken":0,"max_hp_gain":0,"max_hp_loss":0,"event_name":"Beggar","floor":22,"gold_loss":75},{"damage_healed":0,"gold_gain":0,"player_choice":"Ignored","damage_taken":0,"max_hp_gain":0,"max_hp_loss":0,"event_name":"Vampires","floor":30,"gold_loss":0},{"damage_healed":0,"gold_gain":0,"player_choice":"Fight","damage_taken":0,"max_hp_gain":0,"max_hp_loss":0,"event_name":"Mysterious Sphere","floor":36,"gold_loss":0},{"damage_healed":0,"gold_gain":333,"player_choice":"Gave Idol","damage_taken":0,"max_hp_gain":0,"max_hp_loss":0,"event_name":"The Moai Head","floor":37,"relics_lost":["Golden Idol"],"gold_loss":0}],"is_beta":false,"boss_relics":[{"not_picked":["Astrolabe","Black Star"],"picked":"Fusion Hammer"},{"not_picked":["Lizard Tail","Empty Cage"],"picked":"Snecko Eye"}],"items_purged_floors":[14,38],"is_endless":false,"potions_floor_spawned":[1,5,12,16,18,21,23,28,36,41,45,48,54],"killed_by":"The Heart","ascension_level":11}