{"gold_per_floor":[110,110,130,14,32,32,64,75,123,142,142,142,64,94,106,221,233,262,288,300,237,248,248],"floor_reached":23,"playtime":1670,"items_purged":["Writhe"],"score":322,"play_id":"2c2af954-1f66-4891-8a59-afce5d63240f","local_time":"20190708192115","is_ascension_mode":true,"campfire_choices":[{"data":"Bash","floor":6,"key":"SMITH"},{"data":"Metallicize","floor":15,"key":"SMITH"}],"neow_cost":"NONE","seed_source_timestamp":564080358208864,"circlet_count":0,"master_deck":["AscendersBane","Strike_R","Strike_R","Strike_R","Strike_R","Defend_R","Defend_R","Defend_R","Defend_R","Bash+1","Carnage","Hemokinesis","Metallicize+1","Clothesline","Corruption","Parasite","Inflame","Combust","Reaper","Shrug It Off","Anger+1"],"relics":["Burning Blood","NeowsBlessing","Letter Opener","Anchor","MawBank","Fusion Hammer","Mercury Hourglass"],"potions_floor_usage":[16,23,23],"damage_taken":[{"damage":0,"enemies":"Cultist","floor":1,"turns":1},{"damage":0,"enemies":"Small Slimes","floor":3,"turns":1},{"damage":0,"enemies":"2 Louse","floor":5,"turns":2},{"damage":37,"enemies":"Gremlin Nob","floor":7,"turns":5},{"damage":18,"enemies":"Blue Slaver","floor":8,"turns":3},{"damage":9,"enemies":"2 Fungi Beasts","floor":10,"turns":3},{"damage":34,"enemies":"3 Sentries","floor":14,"turns":11},{"damage":16,"enemies":"Slime Boss","floor":16,"turns":8},{"damage":2,"enemies":"Chosen","floor":18,"turns":4},{"damage":25,"enemies":"Spheric Guardian","floor":19,"turns":4},{"damage":39,"enemies":"Centurion and Healer","floor":22,"turns":6},{"damage":31,"enemies":"Slavers","floor":23,"turns":2}],"seed_played":"-5708572118392681441","potions_obtained":[{"floor":1,"key":"Weak Potion"},{"floor":3,"key":"Block Potion"},{"floor":16,"key":"FearPotion"}],"is_trial":false,"path_per_floor":["M","?","M","$","M","R","E","M","T","M","?","?","$","E","R","B",null,"M","M","?","$","M","E"],"character_chosen":"IRONCLAD","items_purchased":["Hemokinesis","Fire Potion","Inflame"],"campfire_rested":0,"item_purchase_floors":[4,4,13],"current_hp_per_floor":[78,78,80,80,80,80,49,37,37,34,54,59,59,31,31,21,69,73,54,54,54,29,0],"gold":248,"neow_bonus":"THREE_ENEMY_KILL","is_prod":false,"is_daily":false,"chose_seed":false,"campfire_upgraded":2,"win_rate":0,"timestamp":1562628075,"path_taken":["M","?","?","?","M","R","E","M","T","M","?","?","?","E","R","BOSS","M","M","?","$","M","E"],"build_version":"2019-07-05","purchased_purges":1,"victory":false,"max_hp_per_floor":[80,80,80,80,80,80,80,80,80,80,80,85,85,85,85,85,85,85,85,85,85,85,85],"card_choices":[{"not_picked":["Body Slam","Ghostly Armor"],"picked":"Carnage","floor":1},{"not_picked":["Twin Strike","Body Slam","Headbutt"],"picked":"SKIP","floor":3},{"not_picked":["Warcry","Havoc"],"picked":"Metallicize","floor":5},{"not_picked":["Dark Embrace","Heavy Blade"],"picked":"Clothesline","floor":7},{"not_picked":["Twin Strike","Blood for Blood"],"picked":"Corruption","floor":8},{"not_picked":["Sentinel","Armaments","Headbutt"],"picked":"SKIP","floor":10},{"not_picked":["Cleave","Heavy Blade"],"picked":"Combust","floor":14},{"not_picked":["Berserk","Brutality"],"picked":"Reaper","floor":16},{"not_picked":["Heavy Blade","Perfected Strike"],"picked":"Shrug It Off","floor":18},{"not_picked":["Wild Strike","Feel No Pain","Pommel Strike"],"picked":"SKIP","floor":19},{"not_picked":["Cleave","Clash"],"picked":"Anger+1","floor":22}],"player_experience":664990,"relics_obtained":[{"floor":7,"key":"Letter Opener"},{"floor":9,"key":"Anchor"},{"floor":14,"key":"MawBank"}],"event_choices":[{"cards_removed":["Strike_R"],"damage_healed":0,"gold_gain":0,"player_choice":"Offered Basic","damage_taken":0,"max_hp_gain":0,"max_hp_loss":0,"event_name":"Bonfire Elementals","floor":2,"gold_loss":0},{"damage_healed":20,"gold_gain":0,"player_choice":"Healed and dodged fight","damage_taken":0,"max_hp_gain":0,"max_hp_loss":0,"event_name":"Mushrooms","floor":11,"gold_loss":0,"cards_obtained":["Parasite"]},{"damage_healed":0,"gold_gain":0,"player_choice":"Donut","damage_taken":0,"max_hp_gain":5,"max_hp_loss":0,"event_name":"Big Fish","floor":12,"gold_loss":0},{"damage_healed":0,"gold_gain":0,"player_choice":"Opened","damage_taken":0,"relics_obtained":["Mercury Hourglass"],"max_hp_gain":0,"max_hp_loss":0,"event_name":"The Mausoleum","floor":20,"gold_loss":0,"cards_obtained":["Writhe"]}],"is_beta":false,"boss_relics":[{"not_picked":["Runic Cube","Black Blood"],"picked":"Fusion Hammer"}],"items_purged_floors":[21],"is_endless":false,"potions_floor_spawned":[1,3,16,18,19],"killed_by":"Slavers","ascension_level":12}