{"gold_per_floor":[99,99,99,70,70,70,70,70,70,70,70,70,70,70,70,70],"floor_reached":16,"playtime":1057,"items_purged":[],"score":137,"play_id":"f1acc820-6c00-4720-ab00-87a50b3c8ee1","local_time":"20190814044624","is_ascension_mode":false,"campfire_choices":[{"data":"Zap","floor":7,"key":"SMITH"},{"data":"Echo Form","floor":11,"key":"SMITH"},{"data":"Biased Cognition","floor":15,"key":"SMITH"}],"neow_cost":"NONE","seed_source_timestamp":1093496657351099,"circlet_count":0,"master_deck":["Strike_B","Strike_B","Strike_B","Strike_B","Defend_B","Defend_B","Defend_B","Defend_B","Zap+1","Dualcast","FTL","Echo Form+1","Glacier","Biased Cognition+1","Chill"],"relics":["Ectoplasm","Potion Belt","Happy Flower","Bag of Preparation","Regal Pillow","Calipers"],"potions_floor_usage":[],"damage_taken":[{"damage":2,"enemies":"Cultist","floor":1,"turns":5},{"damage":2,"enemies":"2 Louse","floor":2,"turns":2},{"damage":3,"enemies":"Small Slimes","floor":5,"turns":2},{"damage":24,"enemies":"3 Sentries","floor":6,"turns":10},{"damage":2,"enemies":"Blue Slaver","floor":8,"turns":4},{"damage":1,"enemies":"Exordium Wildlife","floor":12,"turns":3},{"damage":0,"enemies":"Lagavulin","floor":13,"turns":8},{"damage":5,"enemies":"3 Louse","floor":14,"turns":3},{"damage":0,"enemies":"The Guardian","floor":16,"turns":8}],"seed_played":"-7879737823721305373","potions_obtained":[{"floor":1,"key":"GamblersBrew"},{"floor":6,"key":"SteroidPotion"}],"is_trial":false,"path_per_floor":["M","M","T","?","M","E","R","M","T","?","R","M","E","M","R","B"],"character_chosen":"DEFECT","items_purchased":[],"campfire_rested":0,"item_purchase_floors":[],"current_hp_per_floor":[73,71,71,71,68,44,44,42,42,35,35,34,34,29,29,29],"gold":70,"neow_bonus":"BOSS_RELIC","is_prod":false,"is_daily":false,"chose_seed":false,"campfire_upgraded":3,"win_rate":0.0,"timestamp":1565783184,"path_taken":["M","M","?","?","M","E","R","M","T","?","R","?","E","M","R","BOSS"],"build_version":"2019-07-17","purchased_purges":0,"victory":false,"max_hp_per_floor":[75,75,75,75,75,75,75,75,75,75,75,75,75,75,75,75],"card_choices":[{"not_picked":["Compile Driver","Steam"],"picked":"FTL","floor":1},{"not_picked":["Consume","Rebound","Conserve Battery"],"picked":"SKIP","floor":2},{"not_picked":["Aggregate","Lockon","Conserve Battery"],"picked":"SKIP","floor":5},{"not_picked":["Hello World","Streamline","Storm"],"picked":"SKIP","floor":6},{"not_picked":["Blizzard","Self Repair"],"picked":"Echo Form","floor":8},{"not_picked":["Barrage","Lockon"],"picked":"Glacier","floor":12},{"not_picked":["Steam","Coolheaded"],"picked":"Biased Cognition","floor":13},{"not_picked":["Self Repair","Leap"],"picked":"Chill","floor":14}],"player_experience":100598,"relics_obtained":[{"floor":3,"key":"Potion Belt"},{"floor":6,"key":"Happy Flower"},{"floor":9,"key":"Bag of Preparation"},{"floor":13,"key":"Calipers"}],"event_choices":[{"damage_healed":0,"gold_gain":0,"player_choice":"Left Gold","damage_taken":0,"max_hp_gain":0,"max_hp_loss":0,"event_name":"World of Goop","floor":4,"gold_loss":29},{"damage_healed":0,"gold_gain":0,"player_choice":"Success","damage_taken":7,"relics_obtained":["Regal Pillow"],"max_hp_gain":0,"max_hp_loss":0,"event_name":"Scrap Ooze","floor":10,"gold_loss":0}],"is_beta":false,"boss_relics":[],"items_purged_floors":[],"is_endless":false,"potions_floor_spawned":[1,6],"killed_by":"The Guardian","ascension_level":0}