{"gold_per_floor":[111,38,58,6,21,55,68,68,92,92,107,182,196,29,29,125,125,143,143,143,60,80,80,80,80,80,80,97,108,119,48,48,48],"floor_reached":33,"playtime":3313,"items_purged":["Strike_B"],"score":321,"play_id":"6608c95f-81b7-4b89-bb39-873ccdb019c5","local_time":"20190818144426","is_ascension_mode":true,"campfire_choices":[{"floor":8,"key":"REST"},{"data":"Coolheaded","floor":10,"key":"SMITH"},{"data":"Capacitor","floor":15,"key":"SMITH"},{"data":"Glacier","floor":23,"key":"SMITH"},{"data":"Loop","floor":25,"key":"SMITH"},{"data":"Capacitor","floor":27,"key":"SMITH"},{"floor":32,"key":"REST"}],"neow_cost":"NONE","seed_source_timestamp":80770978804222,"circlet_count":0,"master_deck":["Strike_B+1","Strike_B+1","Strike_B+1","Defend_B+1","Defend_B+1","Defend_B+1","Defend_B+1","Zap","Dualcast","Self Repair","Capacitor+1","Coolheaded+1","Go for the Eyes","Barrage","Ball Lightning","Ball Lightning","Rainbow","Machine Learning","Glacier+1","Loop+1","Sunder","Cold Snap","Ball Lightning","Capacitor+1","Hologram+1","Coolheaded+1","Hologram","Heatsinks","Loop+1"],"special_seed":0,"relics":["Cracked Core","Dream Catcher","Smiling Mask","Strawberry","Tiny Chest","Orrery","Orichalcum","Question Card"],"potions_floor_usage":[7,16,18,29,30,30,33],"damage_taken":[{"damage":1,"enemies":"Cultist","floor":1,"turns":3},{"damage":2,"enemies":"2 Louse","floor":3,"turns":4},{"damage":2,"enemies":"Jaw Worm","floor":5,"turns":4},{"damage":32,"enemies":"Gremlin Nob","floor":6,"turns":5},{"damage":6,"enemies":"Large Slime","floor":7,"turns":6},{"damage":4,"enemies":"2 Fungi Beasts","floor":11,"turns":3},{"damage":0,"enemies":"Exordium Wildlife","floor":13,"turns":3},{"damage":26,"enemies":"The Guardian","floor":16,"turns":10},{"damage":12,"enemies":"Chosen","floor":18,"turns":4},{"damage":17,"enemies":"Spheric Guardian","floor":22,"turns":4},{"damage":24,"enemies":"Centurion and Healer","floor":28,"turns":9},{"damage":14,"enemies":"Cultist and Chosen","floor":29,"turns":5},{"damage":21,"enemies":"Snake Plant","floor":30,"turns":5},{"damage":75,"enemies":"Collector","floor":33,"turns":7}],"seed_played":"-3175040842292772360","potions_obtained":[{"floor":5,"key":"Fire Potion"},{"floor":7,"key":"LiquidBronze"},{"floor":11,"key":"Fire Potion"},{"floor":18,"key":"Energy Potion"},{"floor":28,"key":"AttackPotion"},{"floor":29,"key":"Regen Potion"},{"floor":30,"key":"AttackPotion"}],"is_trial":false,"path_per_floor":["M","$","M","$","M","E","M","R","T","R","M","?","M","$","R","B",null,"M","?","?","$","M","R","?","R","T","R","M","M","M","$","R","B"],"character_chosen":"DEFECT","items_purchased":["Capacitor","Go for the Eyes","Tiny Chest","Ball Lightning","Capacitor","Heatsinks"],"campfire_rested":2,"item_purchase_floors":[2,4,14,21,21,31],"current_hp_per_floor":[67,67,72,72,75,50,51,73,80,80,76,68,75,75,75,56,76,71,71,71,71,61,61,61,61,61,61,44,30,30,30,54,0],"gold":48,"neow_bonus":"RANDOM_COMMON_RELIC","is_prod":false,"is_daily":false,"chose_seed":false,"campfire_upgraded":5,"win_rate":0,"timestamp":1566135866,"path_taken":["M","?","M","$","?","E","M","R","T","R","M","?","?","$","R","BOSS","M","?","?","$","M","R","?","R","T","R","M","M","M","$","R","BOSS"],"build_version":"2019-07-17","purchased_purges":1,"victory":false,"max_hp_per_floor":[75,75,75,75,75,75,75,75,82,82,82,82,82,82,82,82,82,82,82,82,82,82,82,82,82,82,82,82,82,82,82,82,82],"card_choices":[{"not_picked":["Gash","Beam Cell"],"picked":"Self Repair","floor":1},{"not_picked":["Redo","Consume"],"picked":"Coolheaded","floor":3},{"not_picked":["Redo","Sweeping Beam","Beam Cell"],"picked":"SKIP","floor":5},{"not_picked":["Stack","Lockon"],"picked":"Barrage","floor":6},{"not_picked":["Reprogram","Hologram"],"picked":"Ball Lightning","floor":7},{"not_picked":["Gash","Barrage"],"picked":"Ball Lightning","floor":8},{"not_picked":["Scrape","Steam Power"],"picked":"Rainbow","floor":11},{"not_picked":["Hello World","Gash","Double Energy"],"picked":"SKIP","floor":13},{"not_picked":["Seek","Core Surge"],"picked":"Machine Learning","floor":16},{"not_picked":["Hologram","Barrage"],"picked":"Glacier","floor":17},{"not_picked":["Defragment","Consume"],"picked":"Loop","floor":17},{"not_picked":["Doom and Gloom","Rip and Tear"],"picked":"Sunder","floor":17},{"not_picked":["Reprogram","BootSequence"],"picked":"Cold Snap","floor":18},{"not_picked":["Streamline","Lockon+1"],"picked":"Hologram+1","floor":22},{"not_picked":["Barrage+1","Hologram","Chill+1"],"picked":"Coolheaded+1","floor":28},{"not_picked":["Conserve Battery","Stack+1","Streamline"],"picked":"Hologram","floor":29},{"not_picked":["Stack","Rebound","Capacitor","Steam Power+1"],"picked":"SKIP","floor":30},{"not_picked":["Barrage","Cold Snap","Streamline"],"picked":"Loop+1","floor":32}],"player_experience":413422,"relics_obtained":[{"floor":6,"key":"Smiling Mask"},{"floor":9,"key":"Strawberry"},{"floor":26,"key":"Question Card"}],"event_choices":[{"damage_healed":0,"gold_gain":75,"player_choice":"Touch","damage_taken":8,"max_hp_gain":0,"max_hp_loss":0,"event_name":"FaceTrader","floor":12,"gold_loss":0},{"damage_healed":0,"gold_gain":0,"player_choice":"Simplicity","damage_taken":0,"max_hp_gain":0,"max_hp_loss":0,"event_name":"Back to Basics","floor":19,"gold_loss":0,"cards_upgraded":["Strike_B","Strike_B","Strike_B","Defend_B","Defend_B","Defend_B","Defend_B"]},{"damage_healed":0,"gold_gain":0,"player_choice":"Ignored","damage_taken":0,"max_hp_gain":0,"max_hp_loss":0,"event_name":"Ghosts","floor":20,"gold_loss":0},{"damage_healed":0,"gold_gain":0,"player_choice":"Opened","damage_taken":0,"relics_obtained":["Orichalcum"],"max_hp_gain":0,"max_hp_loss":0,"event_name":"The Mausoleum","floor":24,"gold_loss":0}],"is_beta":false,"boss_relics":[{"not_picked":["Tiny House","Empty Cage"],"picked":"Orrery"}],"items_purged_floors":[14],"is_endless":false,"potions_floor_spawned":[5,7,11,18,28,29,30],"killed_by":"Collector","ascension_level":6}