{"gold_per_floor":[115,128,145,220,240,274,274,292,292,292,292],"floor_reached":11,"playtime":255,"items_purged":[],"score":79,"play_id":"0e87741e-d7ac-4c62-9960-d79ddb1da49a","local_time":"20181117223859","is_ascension_mode":true,"campfire_choices":[{"data":"Combust","floor":7,"key":"SMITH"},{"data":"Pommel Strike","floor":10,"key":"SMITH"}],"neow_cost":"NONE","seed_source_timestamp":336780135287281,"circlet_count":0,"master_deck":["Strike_R","Strike_R","Strike_R","Strike_R","Strike_R","Defend_R","Defend_R","Defend_R","Defend_R","Bash","Whirlwind","Sword Boomerang","Pommel Strike+1","Heavy Blade","Combust+1","Spot Weakness"],"relics":["Burning Blood","NeowsBlessing","Du-Vu Doll","Bottled Flame"],"potions_floor_usage":[11,11],"damage_taken":[{"damage":0,"enemies":"2 Louse","floor":1,"turns":1},{"damage":0,"enemies":"Jaw Worm","floor":2,"turns":1},{"damage":0,"enemies":"Small Slimes","floor":3,"turns":1},{"damage":20,"enemies":"Looter","floor":5,"turns":3},{"damage":28,"enemies":"Gremlin Nob","floor":6,"turns":4},{"damage":12,"enemies":"Blue Slaver","floor":8,"turns":4},{"damage":38,"enemies":"Lagavulin","floor":11,"turns":3}],"seed_played":"2073225164471653689","potions_obtained":[{"floor":1,"key":"Poison Potion"},{"floor":5,"key":"Fire Potion"}],"is_trial":false,"path_per_floor":["M","M","M","?","M","E","R","M","T","R","E"],"character_chosen":"IRONCLAD","items_purchased":[],"campfire_rested":0,"item_purchase_floors":[],"current_hp_per_floor":[80,80,80,69,55,33,33,27,27,27,0],"gold":292,"neow_bonus":"THREE_ENEMY_KILL","is_prod":false,"is_daily":false,"chose_seed":false,"campfire_upgraded":2,"win_rate":0,"timestamp":1542512339,"path_taken":["M","M","M","?","M","E","R","M","T","R","E"],"build_version":"2018-11-15","purchased_purges":0,"victory":false,"max_hp_per_floor":[80,80,80,80,80,80,80,80,80,80,80],"card_choices":[{"not_picked":["Shrug It Off","Wild Strike"],"picked":"Whirlwind","floor":1},{"not_picked":["Perfected Strike","Clash"],"picked":"Sword Boomerang","floor":2},{"not_picked":["Sentinel","Uppercut"],"picked":"Pommel Strike","floor":3},{"not_picked":["Bloodletting","Infernal Blade"],"picked":"Heavy Blade","floor":5},{"not_picked":["Clothesline","Entrench"],"picked":"Combust","floor":6},{"not_picked":["Intimidate","Anger"],"picked":"Spot Weakness","floor":8}],"player_experience":122866,"relics_obtained":[{"floor":6,"key":"Du-Vu Doll"},{"floor":9,"key":"Bottled Flame"}],"event_choices":[{"damage_healed":0,"gold_gain":75,"player_choice":"Gather Gold","damage_taken":11,"max_hp_gain":0,"max_hp_loss":0,"event_name":"World of Goop","floor":4,"gold_loss":0}],"is_beta":false,"boss_relics":[],"items_purged_floors":[],"is_endless":false,"potions_floor_spawned":[1,5],"killed_by":"Lagavulin","ascension_level":1}