{"gold_per_floor":[13,13,13,13,27,27,70,70,95,95,118,118,131,151,151,270,270,290,290,16,35,54,54,98,98,125,125,146,187,208,282,282,282],"floor_reached":33,"playtime":1014,"items_purged":["Pain"],"score":458,"play_id":"1bc9ec21-a15f-47f7-92be-51380178ee4e","local_time":"20190404194148","is_ascension_mode":true,"campfire_choices":[{"data":"Bash","floor":6,"key":"SMITH"},{"floor":8,"key":"REST"},{"data":"Anger","floor":15,"key":"SMITH"},{"data":"Inflame","floor":23,"key":"SMITH"},{"data":"Spot Weakness","floor":25,"key":"SMITH"},{"data":"Impervious","floor":27,"key":"SMITH"},{"data":"True Grit","floor":32,"key":"SMITH"}],"neow_cost":"NO_GOLD","seed_source_timestamp":1015524669573158,"circlet_count":0,"master_deck":["AscendersBane","Strike_R","Strike_R","Strike_R","Strike_R","Defend_R+1","Defend_R","Defend_R+1","Defend_R","Bash+1","Clothesline+1","Anger+1","Carnage","Spot Weakness+1","Impervious+1","Flame Barrier+1","Inflame+1","Headbutt","True Grit+1","Flame Barrier+1","Metallicize+1"],"relics":["Burning Blood","Torii","Golden Idol","Ginger","Shuriken","Self Forming Clay","Velvet Choker","WarpedTongs","Sling","Singing Bowl","War Paint","The Courier","Tiny Chest"],"potions_floor_usage":[24,28,30,33,33],"damage_taken":[{"damage":1,"enemies":"Cultist","floor":1,"turns":4},{"damage":8,"enemies":"Small Slimes","floor":5,"turns":3},{"damage":35,"enemies":"3 Sentries","floor":7,"turns":12},{"damage":0,"enemies":"2 Louse","floor":11,"turns":2},{"damage":2,"enemies":"Looter","floor":13,"turns":3},{"damage":8,"enemies":"3 Louse","floor":14,"turns":3},{"damage":25,"enemies":"Hexaghost","floor":16,"turns":8},{"damage":0,"enemies":"Chosen","floor":18,"turns":4},{"damage":11,"enemies":"3 Byrds","floor":21,"turns":5},{"damage":1,"enemies":"Cultist and Chosen","floor":22,"turns":6},{"damage":27,"enemies":"Book of Stabbing","floor":24,"turns":5},{"damage":13,"enemies":"Snecko","floor":28,"turns":4},{"damage":10,"enemies":"Gremlin Leader","floor":29,"turns":5},{"damage":7,"enemies":"Centurion and Healer","floor":30,"turns":5},{"damage":14,"enemies":"Book of Stabbing","floor":31,"turns":5},{"damage":53,"enemies":"Collector","floor":33,"turns":5}],"seed_played":"1708861133756312546","potions_obtained":[{"floor":5,"key":"BloodPotion"},{"floor":14,"key":"BloodPotion"},{"floor":16,"key":"Energy Potion"},{"floor":24,"key":"SneckoOil"},{"floor":28,"key":"FairyPotion"},{"floor":30,"key":"FearPotion"},{"floor":31,"key":"SkillPotion"}],"is_trial":false,"path_per_floor":["M","?","?","?","M","R","E","R","T","T","M","?","M","M","R","B",null,"M","?","$","M","M","R","E","R","T","R","M","E","M","E","R","B"],"character_chosen":"IRONCLAD","items_purchased":["Sling"],"campfire_rested":1,"item_purchase_floors":[20],"current_hp_per_floor":[77,57,57,50,48,48,19,43,43,43,49,46,50,48,48,29,67,73,73,73,68,73,73,60,60,60,60,53,51,50,42,42,0],"gold":282,"neow_bonus":"ONE_RARE_RELIC","is_prod":false,"is_daily":false,"chose_seed":false,"campfire_upgraded":6,"win_rate":0,"timestamp":1554421308,"path_taken":["M","?","?","?","M","R","E","R","T","?","M","?","M","M","R","BOSS","M","?","$","M","?","R","E","R","T","R","M","E","M","E","R","BOSS"],"build_version":"2019-01-23","purchased_purges":1,"victory":false,"max_hp_per_floor":[80,80,80,80,80,80,80,80,80,80,80,80,80,80,80,80,80,80,80,80,80,80,80,80,80,80,80,80,82,82,82,82,82],"card_choices":[{"not_picked":["Armaments","Rage"],"picked":"Clothesline","floor":1},{"not_picked":["Seeing Red","Ghostly Armor"],"picked":"Anger","floor":5},{"not_picked":["Sword Boomerang","Anger"],"picked":"Carnage","floor":7},{"not_picked":["Blood for Blood","Heavy Blade"],"picked":"Spot Weakness","floor":11},{"not_picked":["Anger","Body Slam","Wild Strike"],"picked":"SKIP","floor":13},{"not_picked":["Warcry","Wild Strike","Pummel"],"picked":"SKIP","floor":14},{"not_picked":["Juggernaut","Exhume"],"picked":"Impervious","floor":16},{"not_picked":["Rage","Headbutt"],"picked":"Flame Barrier+1","floor":18},{"not_picked":["Fire Breathing","Sword Boomerang","Hemokinesis+1"],"picked":"SKIP","floor":21},{"not_picked":["Twin Strike+1","Anger"],"picked":"Inflame","floor":22},{"not_picked":["Flex","Body Slam+1"],"picked":"Headbutt","floor":24},{"not_picked":["Body Slam","Clothesline"],"picked":"True Grit","floor":28},{"not_picked":["Anger","Wild Strike","Pommel Strike"],"picked":"Singing Bowl","floor":29},{"not_picked":["True Grit+1","Ghostly Armor"],"picked":"Flame Barrier+1","floor":30},{"not_picked":["Brutality","Dual Wield"],"picked":"Metallicize+1","floor":31}],"player_experience":369703,"relics_obtained":[{"floor":7,"key":"Ginger"},{"floor":10,"key":"Shuriken"},{"floor":24,"key":"Singing Bowl"},{"floor":26,"key":"War Paint"},{"floor":29,"key":"The Courier"},{"floor":31,"key":"Tiny Chest"}],"event_choices":[{"damage_healed":0,"gold_gain":0,"player_choice":"Take Damage","damage_taken":20,"relics_obtained":["Golden Idol"],"max_hp_gain":0,"max_hp_loss":0,"event_name":"Golden Idol","floor":2,"gold_loss":0},{"damage_healed":0,"gold_gain":0,"player_choice":"Grow","damage_taken":0,"max_hp_gain":0,"max_hp_loss":0,"event_name":"Living Wall","floor":3,"gold_loss":0,"cards_upgraded":["Clothesline"]},{"cards_removed":["Strike_R"],"damage_healed":0,"gold_gain":0,"player_choice":"Card Removal","damage_taken":7,"max_hp_gain":0,"max_hp_loss":0,"event_name":"Golden Wing","floor":4,"gold_loss":0},{"damage_healed":0,"gold_gain":0,"player_choice":"Success","damage_taken":3,"relics_obtained":["Self Forming Clay"],"max_hp_gain":0,"max_hp_loss":0,"event_name":"Scrap Ooze","floor":12,"gold_loss":0},{"damage_healed":0,"gold_gain":0,"player_choice":"Rummage","damage_taken":0,"relics_obtained":["WarpedTongs"],"max_hp_gain":0,"max_hp_loss":0,"event_name":"Accursed Blacksmith","floor":19,"gold_loss":0,"cards_obtained":["Pain"]}],"is_beta":false,"boss_relics":[{"not_picked":["Runic Cube","Astrolabe"],"picked":"Velvet Choker"}],"items_purged_floors":[20],"is_endless":false,"potions_floor_spawned":[5,14,16,22,24,28,30,31],"killed_by":"Collector","ascension_level":10}