{"gold_per_floor":[114,114,128,11,31,31,66,66,66,66,77,77,112,128,128,227,227,237,265,265,18,38,64,64,95,95,95,13,13,23,41,41,41],"floor_reached":33,"playtime":3618,"items_purged":[],"score":429,"play_id":"769c57dc-8a75-4843-872d-75089e659e26","local_time":"20190719184854","is_ascension_mode":true,"campfire_choices":[{"data":"Hemokinesis","floor":6.0,"key":"SMITH"},{"data":"Rupture","floor":8.0,"key":"SMITH"},{"data":"Bash","floor":10.0,"key":"SMITH"},{"data":"Cleave","floor":12.0,"key":"SMITH"},{"data":"Disarm","floor":15.0,"key":"SMITH"},{"data":"Armaments","floor":24.0,"key":"SMITH"},{"floor":27.0,"key":"REST"},{"data":"Feel No Pain","floor":29.0,"key":"SMITH"},{"data":"Flash of Steel","floor":32,"key":"SMITH"}],"neow_cost":"PERCENT_DAMAGE","seed_source_timestamp":0,"circlet_count":0,"master_deck":["Strike_R","Strike_R","Strike_R","Defend_R","Defend_R","Defend_R","Defend_R","Bash+1","Hemokinesis+1","Rupture+1","Twin Strike","Flash of Steel+1","Feel No Pain+1","Cleave+1","Offering","Clothesline","Disarm+1","Brutality","Armaments+1","Shockwave+1","Headbutt","Corruption+1","Shrug It Off+1"],"special_seed":0,"relics":["Burning Blood","Gremlin Horn","Smiling Mask","Dodecahedron","Sozu","Red Mask","Toxic Egg 2","Bag of Marbles","Happy Flower","Frozen Egg 2"],"potions_floor_usage":[],"damage_taken":[{"damage":5.0,"enemies":"Jaw Worm","floor":1.0,"turns":3.0},{"damage":4.0,"enemies":"Cultist","floor":3.0,"turns":5.0},{"damage":7.0,"enemies":"Small Slimes","floor":5.0,"turns":4.0},{"damage":14.0,"enemies":"Lagavulin","floor":7.0,"turns":7.0},{"damage":5.0,"enemies":"Blue Slaver","floor":11.0,"turns":2.0},{"damage":2.0,"enemies":"Gremlin Nob","floor":13.0,"turns":2.0},{"damage":8.0,"enemies":"Red Slaver","floor":14.0,"turns":1.0},{"damage":36.0,"enemies":"Hexaghost","floor":16.0,"turns":9.0},{"damage":22.0,"enemies":"2 Thieves","floor":18.0,"turns":4.0},{"damage":9.0,"enemies":"Masked Bandits","floor":19.0,"turns":4.0},{"damage":5.0,"enemies":"Chosen","floor":22.0,"turns":4.0},{"damage":11.0,"enemies":"Gremlin Leader","floor":23.0,"turns":6.0},{"damage":25.0,"enemies":"Slavers","floor":25.0,"turns":4.0},{"damage":2.0,"enemies":"Sentry and Sphere","floor":30.0,"turns":4.0},{"damage":4,"enemies":"3 Cultists","floor":31,"turns":5},{"damage":53,"enemies":"Collector","floor":33,"turns":5}],"seed_played":"-1796768217564660340","potions_obtained":[{"floor":1.0,"key":"Weak Potion"},{"floor":3.0,"key":"Explosive Potion"},{"floor":7.0,"key":"SpeedPotion"}],"is_trial":false,"path_per_floor":["M","?","M","$","M","R","E","R","T","R","M","R","E","M","R","B",null,"M","?","?","$","M","E","R","E","T","R","$","R","M","M","R","B"],"character_chosen":"IRONCLAD","items_purchased":["Flash of Steel","Feel No Pain","Toxic Egg 2","Corruption+1","Shrug It Off+1"],"campfire_rested":1,"item_purchase_floors":[4,4,21,28,28],"current_hp_per_floor":[52,80,80,80,79,79,71,71,71,71,72,72,76,74,74,44,71,55,52,37,37,38,33,33,14,14,39,39,39,43,45,45,0],"gold":41,"neow_bonus":"TRANSFORM_TWO_CARDS","is_prod":false,"is_daily":false,"chose_seed":false,"campfire_upgraded":8,"win_rate":0,"timestamp":1563587334,"path_taken":["M","?","M","$","M","R","E","R","T","R","M","R","E","M","R","BOSS","M","?","?","?","?","E","R","E","T","R","$","R","M","M","R","BOSS"],"build_version":"2019-07-17","purchased_purges":0,"victory":false,"max_hp_per_floor":[80,80,80,80,80,80,80,80,80,80,80,80,80,80,80,80,80,80,80,85,85,85,85,85,85,85,85,85,85,85,85,85,85],"card_choices":[{"not_picked":["Sentinel","Intimidate"],"picked":"Rupture","floor":1.0},{"not_picked":["Dropkick","Seeing Red"],"picked":"Twin Strike","floor":3.0},{"not_picked":["Flame Barrier","Wild Strike"],"picked":"Cleave","floor":5.0},{"not_picked":["Iron Wave","Corruption"],"picked":"Offering","floor":7.0},{"not_picked":["Rupture","Anger"],"picked":"Clothesline","floor":11.0},{"not_picked":["Carnage","Twin Strike"],"picked":"Disarm","floor":13.0},{"not_picked":["Havoc","Clash","Entrench"],"picked":"SKIP","floor":14.0},{"not_picked":["Feed","Exhume"],"picked":"Brutality","floor":16.0},{"not_picked":["Clash","Havoc"],"picked":"Armaments","floor":18.0},{"not_picked":["Spot Weakness","Rage"],"picked":"Shockwave+1","floor":19.0},{"not_picked":["Anger","Clothesline"],"picked":"Headbutt","floor":22.0},{"not_picked":["Thunderclap+1","Iron Wave","Twin Strike"],"picked":"SKIP","floor":23.0},{"not_picked":["Twin Strike","Clash","Pummel"],"picked":"SKIP","floor":25.0},{"not_picked":["Intimidate+1","Pommel Strike+1","Anger"],"picked":"SKIP","floor":30.0},{"not_picked":["Clash","Intimidate+1","Sword Boomerang"],"picked":"SKIP","floor":31}],"player_experience":331513,"relics_obtained":[{"floor":7.0,"key":"Gremlin Horn"},{"floor":9.0,"key":"Smiling Mask"},{"floor":13.0,"key":"Dodecahedron"},{"floor":19.0,"key":"Red Mask"},{"floor":23.0,"key":"Bag of Marbles"},{"floor":25.0,"key":"Happy Flower"},{"floor":26.0,"key":"Frozen Egg 2"}],"event_choices":[{"cards_removed":["Second Wind"],"damage_healed":28.0,"max_hp_gain":0.0,"max_hp_loss":0.0,"gold_gain":0.0,"event_name":"Bonfire Elementals","player_choice":"Offered Uncommon","floor":2.0,"gold_loss":0.0,"damage_taken":0.0},{"damage_healed":0.0,"max_hp_gain":0.0,"max_hp_loss":0.0,"gold_gain":0.0,"event_name":"Masked Bandits","player_choice":"Fought Bandits","floor":19.0,"gold_loss":0.0,"damage_taken":0.0},{"damage_healed":0.0,"max_hp_gain":5.0,"max_hp_loss":0.0,"gold_gain":0.0,"event_name":"Forgotten Altar","player_choice":"Shed Blood","floor":20.0,"gold_loss":0.0,"damage_taken":20.0}],"is_beta":false,"boss_relics":[{"not_picked":["Runic Pyramid","Pandora\u0027s Box"],"picked":"Sozu"}],"items_purged_floors":[],"is_endless":false,"potions_floor_spawned":[1,3,7,18,22,23,25],"killed_by":"Collector","ascension_level":7}