{"gold_per_floor":[113,132,132,42,42,73,89,112,112,147,165,165,241,16,16,110,110,125,40,40,64,83,83,102,102],"floor_reached":25,"playtime":1145,"items_purged":[],"score":476,"play_id":"03e46dad-e78b-4931-a32a-70232cc2b0e6","local_time":"20190815155938","is_ascension_mode":true,"campfire_choices":[{"floor":12.0,"key":"REST"},{"floor":15.0,"key":"REST"},{"floor":23.0,"key":"REST"}],"neow_cost":"NONE","seed_source_timestamp":25340729676000,"circlet_count":0,"master_deck":["AscendersBane","Strike_G","Strike_G","Defend_G","Defend_G","Defend_G","Defend_G","Defend_G","Survivor","Neutralize","Blade Dance","Flying Knee","Injury","Footwork","Regret","Infinite Blades","Flying Knee+1","Dagger Spray+1","Bullet Time","Dagger Throw+1","Blur","Backstab+1","Finisher+1","Prepared","Die Die Die+1","Venomology+1","Heel Hook+1","PiercingWail+1","All Out Attack+1","Dodge and Roll","Quick Slash+1","All Out Attack+1"],"special_seed":0,"relics":["Ring of the Snake","NeowsBlessing","Golden Idol","Mummified Hand","Molten Egg 2","Mercury Hourglass","Boot","Omamori","Astrolabe","PreservedInsect","WarpedTongs"],"potions_floor_usage":[24],"damage_taken":[{"damage":0.0,"enemies":"Small Slimes","floor":1.0,"turns":1.0},{"damage":0.0,"enemies":"Jaw Worm","floor":2.0,"turns":1.0},{"damage":0.0,"enemies":"3 Sentries","floor":6.0,"turns":1.0},{"damage":4.0,"enemies":"Cultist","floor":7.0,"turns":4.0},{"damage":15.0,"enemies":"Looter","floor":8.0,"turns":4.0},{"damage":32.0,"enemies":"Gremlin Nob","floor":10.0,"turns":4.0},{"damage":1.0,"enemies":"Exordium Wildlife","floor":11.0,"turns":3.0},{"damage":9.0,"enemies":"3 Sentries","floor":13.0,"turns":4.0},{"damage":20.0,"enemies":"Slime Boss","floor":16.0,"turns":8.0},{"damage":27.0,"enemies":"Shell Parasite","floor":18.0,"turns":6.0},{"damage":0.0,"enemies":"Chosen","floor":21.0,"turns":3.0},{"damage":16.0,"enemies":"Snake Plant","floor":22.0,"turns":2.0},{"damage":10,"enemies":"Cultist and Chosen","floor":24,"turns":5},{"damage":14,"enemies":"Shelled Parasite and Fungi","floor":25,"turns":2}],"seed_played":"9032231028370688822","potions_obtained":[{"floor":2.0,"key":"SteroidPotion"},{"floor":10.0,"key":"SkillPotion"},{"floor":11.0,"key":"Strength Potion"},{"floor":16.0,"key":"LiquidBronze"}],"is_trial":false,"path_per_floor":["M","M","?","$","?","E","M","M","T","E","M","R","?","$","R","B",null,"M","?","?","M","M","R","M","M"],"character_chosen":"THE_SILENT","items_purchased":["Footwork","Backstab+1","Finisher+1","Prepared"],"campfire_rested":3,"item_purchase_floors":[4,14,14,14],"current_hp_per_floor":[59,59,59,59,59,59,55,40,40,8,7,26,17,17,36,16,54,27,27,27,27,11,30,20,6],"gold":102,"neow_bonus":"THREE_ENEMY_KILL","is_prod":false,"is_daily":false,"chose_seed":false,"campfire_upgraded":0,"win_rate":0,"timestamp":1565877578,"path_taken":["M","M","?","$","?","E","M","M","T","E","M","R","?","$","R","BOSS","M","?","?","?","M","R","M","M"],"build_version":"2019-07-17","purchased_purges":0,"victory":false,"max_hp_per_floor":[66,66,66,66,66,66,66,66,66,66,66,66,66,66,66,66,66,66,66,66,66,66,66,66,66],"card_choices":[{"not_picked":["Prepared","Calculated Gamble"],"picked":"Blade Dance","floor":1.0},{"not_picked":["Endless Agony","Prepared"],"picked":"Flying Knee","floor":2.0},{"not_picked":["Well Laid Plans","Deflect"],"picked":"Infinite Blades","floor":6.0},{"not_picked":["Catalyst","Flechettes+1"],"picked":"Flying Knee+1","floor":7.0},{"not_picked":["Dagger Throw+1","Slice+1"],"picked":"Dagger Spray+1","floor":8.0},{"not_picked":["Finisher+1","Outmaneuver"],"picked":"Bullet Time","floor":10.0},{"not_picked":["Footwork","Prepared"],"picked":"Dagger Throw+1","floor":11.0},{"not_picked":["Cloak And Dagger","Flying Knee+1"],"picked":"Blur","floor":13.0},{"not_picked":["Bullet Time","Glass Knife+1"],"picked":"Die Die Die+1","floor":16.0},{"not_picked":["Acrobatics","Setup"],"picked":"All Out Attack+1","floor":18.0},{"not_picked":["Dagger Spray+1","Acrobatics"],"picked":"Dodge and Roll","floor":21.0},{"not_picked":["All Out Attack+1","Bane+1"],"picked":"Quick Slash+1","floor":22.0},{"not_picked":["Noxious Fumes+1","Deadly Poison"],"picked":"All Out Attack+1","floor":24}],"player_experience":1021901,"relics_obtained":[{"floor":6.0,"key":"Molten Egg 2"},{"floor":9.0,"key":"Mercury Hourglass"},{"floor":10.0,"key":"Boot"}],"event_choices":[{"damage_healed":0.0,"max_hp_gain":0.0,"max_hp_loss":0.0,"gold_gain":0.0,"event_name":"Golden Idol","player_choice":"Take Wound","floor":3.0,"gold_loss":0.0,"damage_taken":0.0,"relics_obtained":["Golden Idol"],"cards_obtained":["Injury"]},{"damage_healed":0.0,"max_hp_gain":0.0,"max_hp_loss":0.0,"gold_gain":0.0,"event_name":"Big Fish","player_choice":"Box","floor":5.0,"gold_loss":0.0,"damage_taken":0.0,"relics_obtained":["Mummified Hand"],"cards_obtained":["Regret"]},{"damage_healed":0.0,"max_hp_gain":0.0,"max_hp_loss":0.0,"gold_gain":0.0,"event_name":"Dead Adventurer","player_choice":"Searched \u00273\u0027 times","floor":13.0,"gold_loss":0.0,"damage_taken":0.0,"relics_obtained":["Omamori"]},{"damage_healed":0.0,"max_hp_gain":0.0,"max_hp_loss":0.0,"gold_gain":0.0,"event_name":"Addict","player_choice":"Obtained Relic","floor":19.0,"gold_loss":85.0,"damage_taken":0.0,"relics_obtained":["PreservedInsect"]},{"damage_healed":0.0,"max_hp_gain":0.0,"max_hp_loss":0.0,"gold_gain":0.0,"event_name":"Accursed Blacksmith","player_choice":"Rummage","floor":20.0,"gold_loss":0.0,"damage_taken":0.0,"relics_obtained":["WarpedTongs"],"cards_obtained":["Pain"]}],"is_beta":false,"boss_relics":[{"not_picked":["Runic Dome","Ring of the Serpent"],"picked":"Astrolabe"}],"items_purged_floors":[],"is_endless":false,"potions_floor_spawned":[2,10,11,16,21],"killed_by":"Shelled Parasite and Fungi","ascension_level":20}