{"gold_per_floor":[111,127,138,157,157,157,169,198,198,198,257,257,34,34,34,135,135,145,145,157,157,247,277,277,312,312,312,328,328,340,353,353,353],"floor_reached":33,"playtime":3077,"items_purged":["Strike_G"],"score":535,"play_id":"63ab1ab7-69eb-4fa2-86da-86876426ea86","local_time":"20190803220628","is_ascension_mode":true,"campfire_choices":[{"data":"After Image","floor":6.0,"key":"SMITH"},{"data":"Footwork","floor":10.0,"key":"SMITH"},{"data":"Neutralize","floor":12.0,"key":"SMITH"},{"floor":15.0,"key":"REST"},{"floor":24,"key":"REST"},{"floor":27,"key":"REST"},{"data":"Footwork","floor":29,"key":"SMITH"},{"floor":32,"key":"REST"}],"neow_cost":"TEN_PERCENT_HP_LOSS","seed_source_timestamp":0,"circlet_count":0,"master_deck":["AscendersBane","Strike_G","Strike_G","Defend_G","Defend_G","Defend_G","Defend_G","Defend_G","Survivor","Neutralize+1","Unload","Quick Slash","Noxious Fumes+1","Dagger Spray","All Out Attack","After Image+1","Footwork+1","Phantasmal Killer","Night Terror","PiercingWail","Grand Finale","Sucker Punch","RitualDagger","Footwork+1"],"special_seed":0,"relics":["Ring of the Snake","Potion Belt","Ornamental Fan","Tiny Chest","Bronze Scales","Sozu","Girya","Singing Bowl","Letter Opener"],"potions_floor_usage":[],"damage_taken":[{"damage":4.0,"enemies":"Small Slimes","floor":1.0,"turns":5.0},{"damage":0.0,"enemies":"Cultist","floor":2.0,"turns":5.0},{"damage":0.0,"enemies":"2 Louse","floor":3.0,"turns":2.0},{"damage":10.0,"enemies":"Looter","floor":4.0,"turns":4.0},{"damage":0.0,"enemies":"Large Slime","floor":7.0,"turns":4.0},{"damage":18.0,"enemies":"Lagavulin","floor":8.0,"turns":8.0},{"damage":17.0,"enemies":"Gremlin Nob","floor":11.0,"turns":5.0},{"damage":0.0,"enemies":"Slime Boss","floor":16.0,"turns":6.0},{"damage":4,"enemies":"Chosen","floor":18,"turns":5},{"damage":7,"enemies":"Shell Parasite","floor":20,"turns":5},{"damage":14,"enemies":"Book of Stabbing","floor":23,"turns":8},{"damage":29,"enemies":"Slavers","floor":25,"turns":5},{"damage":4,"enemies":"3 Cultists","floor":28,"turns":5},{"damage":18,"enemies":"Shelled Parasite and Fungi","floor":30,"turns":5},{"damage":8,"enemies":"Chosen and Byrds","floor":31,"turns":10},{"damage":57,"enemies":"Automaton","floor":33,"turns":12}],"seed_played":"-1773643412471280585","potions_obtained":[{"floor":1.0,"key":"Strength Potion"},{"floor":2.0,"key":"FairyPotion"},{"floor":8.0,"key":"GhostInAJar"}],"is_trial":false,"path_per_floor":["M","M","M","M","?","R","M","E","T","R","E","R","$","?","R","B",null,"M","?","M","?","?","E","R","E","T","R","M","R","M","M","R","B"],"character_chosen":"THE_SILENT","items_purchased":["Bronze Scales"],"campfire_rested":4,"item_purchase_floors":[13],"current_hp_per_floor":[59,59,59,49,49,49,49,31,31,31,14,14,14,14,32,32,55,51,51,44,38,26,12,30,3,3,22,20,20,4,8,29,0],"gold":353,"neow_bonus":"THREE_RARE_CARDS","is_prod":false,"is_daily":false,"chose_seed":false,"campfire_upgraded":4,"win_rate":0,"timestamp":1564895188,"path_taken":["M","M","M","M","?","R","?","E","T","R","E","R","$","?","R","BOSS","M","?","M","?","?","E","R","E","T","R","?","R","M","M","R","BOSS"],"build_version":"2019-07-17","purchased_purges":1,"victory":false,"max_hp_per_floor":[63,63,63,63,63,63,63,63,63,63,63,63,63,63,63,63,63,63,63,63,63,63,63,63,65,65,65,67,67,69,71,71,71],"card_choices":[{"not_picked":["Envenom","Storm of Steel"],"picked":"Unload","floor":0.0},{"not_picked":["Accuracy","Reflex"],"picked":"Quick Slash","floor":1.0},{"not_picked":["Dagger Spray","Underhanded Strike"],"picked":"Noxious Fumes","floor":2.0},{"not_picked":["PiercingWail","Dodge and Roll"],"picked":"Dagger Spray","floor":3.0},{"not_picked":["Quick Slash","Deflect"],"picked":"All Out Attack","floor":4.0},{"not_picked":["Prepared","Accuracy"],"picked":"Footwork","floor":7.0},{"not_picked":["Deflect","Doppelganger"],"picked":"Phantasmal Killer","floor":8.0},{"not_picked":["Distraction","Deflect","Bane"],"picked":"SKIP","floor":11.0},{"not_picked":["Bullet Time","Grand Finale"],"picked":"Night Terror","floor":16.0},{"not_picked":["Dodge and Roll","Quick Slash"],"picked":"PiercingWail","floor":18},{"not_picked":["Skewer","Riddle With Holes","Deflect"],"picked":"SKIP","floor":20},{"not_picked":["Infinite Blades","Prepared"],"picked":"Footwork","floor":23},{"not_picked":["Dagger Throw","Underhanded Strike","Envenom"],"picked":"Singing Bowl","floor":25},{"not_picked":["Heel Hook+1","Dodge and Roll","Slice+1"],"picked":"Singing Bowl","floor":28},{"not_picked":["Backflip","Flying Knee","Prepared+1"],"picked":"Singing Bowl","floor":30},{"not_picked":["Slice","Storm of Steel","Deadly Poison"],"picked":"Singing Bowl","floor":31}],"player_experience":485743,"relics_obtained":[{"floor":8.0,"key":"Potion Belt"},{"floor":9.0,"key":"Ornamental Fan"},{"floor":11.0,"key":"Tiny Chest"},{"floor":23,"key":"Girya"},{"floor":25,"key":"Singing Bowl"},{"floor":26,"key":"Letter Opener"}],"event_choices":[{"damage_healed":0.0,"max_hp_gain":0.0,"max_hp_loss":0.0,"gold_gain":0.0,"event_name":"Match and Keep!","player_choice":"1 cards matched","floor":5.0,"gold_loss":0.0,"damage_taken":0.0,"cards_obtained":["After Image"]},{"damage_healed":0.0,"max_hp_gain":0.0,"max_hp_loss":0.0,"gold_gain":0.0,"event_name":"Match and Keep!","player_choice":"1 cards matched","floor":5.0,"gold_loss":0.0,"damage_taken":0.0,"cards_obtained":["After Image"]},{"damage_healed":0.0,"max_hp_gain":0.0,"max_hp_loss":0.0,"gold_gain":0.0,"event_name":"Living Wall","player_choice":"Grow","floor":14.0,"gold_loss":0.0,"damage_taken":0.0,"cards_upgraded":["Noxious Fumes"]},{"damage_healed":0,"gold_gain":0,"cards_transformed":["Strike_G","Strike_G"],"player_choice":"Became Test Subject","damage_taken":0,"max_hp_gain":0,"max_hp_loss":0,"event_name":"Drug Dealer","floor":19,"gold_loss":0,"cards_obtained":["Grand Finale","Sucker Punch"]},{"damage_healed":0,"gold_gain":0,"player_choice":"Joined the Cult","damage_taken":6,"max_hp_gain":0,"max_hp_loss":0,"event_name":"Nest","floor":21,"gold_loss":0,"cards_obtained":["RitualDagger"]},{"damage_healed":0,"gold_gain":90,"player_choice":"GOLD ","damage_taken":12,"max_hp_gain":0,"max_hp_loss":0,"event_name":"Knowing Skull","floor":22,"potions_obtained":[],"gold_loss":0,"cards_obtained":[]}],"is_beta":false,"boss_relics":[{"not_picked":["Black Star","Fusion Hammer"],"picked":"Sozu"}],"items_purged_floors":[13],"is_endless":false,"potions_floor_spawned":[1,2,8,23,28,30],"killed_by":"Automaton","ascension_level":11}