{"gold_per_floor":[117,97,114,130,175,175,175,175,175,100,120,120,130,30,30,30],"floor_reached":16,"playtime":429,"items_purged":["Strike_R","Strike_R"],"score":99,"play_id":"9ca053f7-70af-49c8-a42f-05ed3c294930","local_time":"20190726184320","is_ascension_mode":true,"campfire_choices":[{"data":"Bloodletting","floor":6,"key":"SMITH"},{"data":"Wild Strike","floor":8,"key":"SMITH"},{"data":"Rampage","floor":12,"key":"SMITH"},{"floor":15,"key":"REST"}],"neow_cost":"NONE","seed_source_timestamp":182262710196275,"circlet_count":0,"master_deck":["Strike_R","Strike_R","Strike_R","Defend_R","Defend_R","Defend_R","Defend_R","Bash+1","Wild Strike+1","Bloodletting+1","Rampage+1","Reckless Charge"],"relics":["Burning Blood","NeowsBlessing","Boot","Paper Frog"],"potions_floor_usage":[16],"damage_taken":[{"damage":0,"enemies":"2 Louse","floor":1,"turns":1},{"damage":0,"enemies":"Cultist","floor":3,"turns":1},{"damage":0,"enemies":"Jaw Worm","floor":4,"turns":1},{"damage":12,"enemies":"Looter","floor":11,"turns":3},{"damage":41,"enemies":"Gremlin Gang","floor":13,"turns":5},{"damage":67,"enemies":"Slime Boss","floor":16,"turns":9}],"seed_played":"-7469081946788574750","potions_obtained":[{"floor":2,"key":"SteroidPotion"},{"floor":11,"key":"Ancient Potion"},{"floor":13,"key":"SkillPotion"}],"is_trial":false,"path_per_floor":["M","?","M","M","T","R","?","R","T","$","M","R","M","$","R","B"],"character_chosen":"IRONCLAD","items_purchased":[],"campfire_rested":1,"item_purchase_floors":[],"current_hp_per_floor":[80,80,80,80,80,80,80,80,80,80,74,74,39,39,63,0],"gold":30,"neow_bonus":"THREE_ENEMY_KILL","is_prod":false,"is_daily":false,"chose_seed":false,"campfire_upgraded":3,"win_rate":0,"timestamp":1564191800,"path_taken":["M","?","?","?","?","R","?","R","T","$","?","R","M","$","R","BOSS"],"build_version":"2019-07-17","purchased_purges":2,"victory":false,"max_hp_per_floor":[80,80,80,80,80,80,80,80,80,80,80,80,80,80,80,80],"card_choices":[{"not_picked":["Clash","Combust"],"picked":"Wild Strike","floor":1},{"not_picked":["Blood for Blood","Perfected Strike","Clothesline"],"picked":"SKIP","floor":3},{"not_picked":["Dropkick","Wild Strike"],"picked":"Bloodletting","floor":4},{"not_picked":["Body Slam","True Grit"],"picked":"Rampage","floor":11},{"not_picked":["Feel No Pain","Whirlwind"],"picked":"Reckless Charge","floor":13}],"player_experience":223079,"relics_obtained":[{"floor":5,"key":"Boot"},{"floor":9,"key":"Paper Frog"}],"event_choices":[{"damage_healed":0,"gold_gain":0,"player_choice":"Bought 1 Potion","damage_taken":0,"max_hp_gain":0,"max_hp_loss":0,"event_name":"The Woman in Blue","floor":2,"gold_loss":0},{"damage_healed":0,"gold_gain":0,"player_choice":"Upgraded","damage_taken":0,"max_hp_gain":0,"max_hp_loss":0,"event_name":"Upgrade Shrine","floor":7,"gold_loss":0,"cards_upgraded":["Bash"]}],"is_beta":false,"boss_relics":[],"items_purged_floors":[10,14],"is_endless":false,"potions_floor_spawned":[11,13],"killed_by":"Slime Boss","ascension_level":2}