{"gold_per_floor":[217,142,142,154,154,54,89,107,107,118,118,133,160,174,174,275,275,285,16,16,16,16,51,66,66,90,90,106,31,31,50,50,154,154,170,189,101,112,127,154,154,154],"floor_reached":42,"playtime":1184,"items_purged":["Strike_R","Strike_R","Reckless Charge","Writhe","Fiend Fire+1"],"score":458,"play_id":"9099293d-8272-4530-a901-ddd1d954bf13","local_time":"20190807230340","is_ascension_mode":false,"campfire_choices":[{"data":"Inflame","floor":11,"key":"SMITH"},{"data":"Fiend Fire","floor":15,"key":"SMITH"},{"data":"Uppercut","floor":25,"key":"SMITH"},{"data":"Reaper","floor":27,"key":"SMITH"},{"data":"Demon Form","floor":32,"key":"SMITH"},{"data":"Rampage","floor":41,"key":"SMITH"}],"neow_cost":"NONE","seed_source_timestamp":185092301950736,"circlet_count":0,"master_deck":["Bash+1","Inflame+1","Dropkick","Reaper+1","Uppercut+1","Impervious+1","Shockwave+1","Rampage+1","Exhume+1","Necronomicurse","Demon Form+1"],"relics":["Burning Blood","Torii","Self Forming Clay","Toxic Egg 2","Pandora\u0027s Box","Membership Card","Thread and Needle","Necronomicon","Boot","PreservedInsect","Champion Belt","Philosopher\u0027s Stone","Pantograph"],"potions_floor_usage":[7,13],"damage_taken":[{"damage":11,"enemies":"2 Louse","floor":1,"turns":3},{"damage":6,"enemies":"Cultist","floor":4,"turns":3},{"damage":36,"enemies":"Lagavulin","floor":7,"turns":5},{"damage":10,"enemies":"Small Slimes","floor":8,"turns":3},{"damage":2,"enemies":"Exordium Wildlife","floor":10,"turns":4},{"damage":9,"enemies":"Red Slaver","floor":12,"turns":3},{"damage":17,"enemies":"3 Sentries","floor":13,"turns":8},{"damage":2,"enemies":"Lots of Slimes","floor":14,"turns":4},{"damage":23,"enemies":"Hexaghost","floor":16,"turns":8},{"damage":2,"enemies":"Chosen","floor":18,"turns":3},{"damage":18,"enemies":"Book of Stabbing","floor":23,"turns":5},{"damage":6,"enemies":"Spheric Guardian","floor":24,"turns":3},{"damage":3,"enemies":"Centurion and Healer","floor":28,"turns":5},{"damage":1,"enemies":"Snecko","floor":31,"turns":3},{"damage":45,"enemies":"Automaton","floor":33,"turns":7},{"damage":8,"enemies":"Orb Walker","floor":35,"turns":2},{"damage":25,"enemies":"3 Darklings","floor":36,"turns":4},{"damage":35,"enemies":"Sphere and 2 Shapes","floor":38,"turns":4},{"damage":25,"enemies":"Jaw Worm Horde","floor":39,"turns":4},{"damage":26,"enemies":"Reptomancer","floor":40,"turns":4},{"damage":0,"enemies":"4 Shapes","floor":42,"turns":1}],"seed_played":"-6099577955435850784","potions_obtained":[{"floor":1,"key":"AttackPotion"},{"floor":8,"key":"LiquidBronze"},{"floor":10,"key":"BloodPotion"},{"floor":14,"key":"Swift Potion"},{"floor":24,"key":"PowerPotion"}],"is_trial":false,"path_per_floor":["M","$","?","M","?","$","E","M","T","M","R","M","E","M","R","B",null,"M","$","?","?","?","E","M","R","T","R","M","$","T","M","R","B",null,"M","M","$","M","M","E","R","M"],"character_chosen":"IRONCLAD","items_purchased":["Membership Card"],"campfire_rested":0,"item_purchase_floors":[19],"current_hp_per_floor":[75,75,75,75,75,75,45,41,41,45,45,42,31,35,35,18,80,80,80,80,80,64,72,72,72,72,72,80,80,80,80,80,80,80,80,75,75,80,80,80,80,80],"gold":154,"neow_bonus":"HUNDRED_GOLD","is_prod":false,"is_daily":false,"chose_seed":false,"campfire_upgraded":6,"win_rate":0,"timestamp":1565233420,"path_taken":["M","$","?","?","?","$","E","?","T","M","R","M","E","M","R","BOSS","M","$","?","?","?","E","?","R","T","R","M","$","?","?","R","BOSS","M","?","$","M","M","E","R","M"],"build_version":"2019-07-17","purchased_purges":5,"victory":false,"max_hp_per_floor":[80,80,80,80,80,80,80,80,80,80,80,80,80,80,80,80,80,80,80,80,80,80,80,80,80,80,80,80,80,80,80,80,80,80,80,80,80,80,80,80,80,80],"card_choices":[{"not_picked":["Pommel Strike","Combust"],"picked":"Inflame","floor":1},{"not_picked":["Shrug It Off","Feel No Pain","Clothesline"],"picked":"SKIP","floor":4},{"not_picked":["Iron Wave","Warcry","Juggernaut"],"picked":"SKIP","floor":7},{"not_picked":["Thunderclap","Evolve","Shrug It Off"],"picked":"SKIP","floor":8},{"not_picked":["Iron Wave","Twin Strike","Flex"],"picked":"SKIP","floor":10},{"not_picked":["Warcry","Twin Strike","Thunderclap"],"picked":"SKIP","floor":12},{"not_picked":["Wild Strike","Power Through","Intimidate"],"picked":"SKIP","floor":13},{"not_picked":["Perfected Strike","Entrench+1"],"picked":"Fiend Fire","floor":14},{"not_picked":["Fiend Fire","Double Tap+1"],"picked":"Reaper","floor":16},{"not_picked":["Armaments+1","Whirlwind","Sword Boomerang+1"],"picked":"SKIP","floor":18},{"not_picked":["Impervious+1","Flex+1","Sever Soul"],"picked":"SKIP","floor":23},{"not_picked":["Headbutt","Cleave+1","Heavy Blade"],"picked":"SKIP","floor":24},{"not_picked":["Havoc+1","Headbutt","True Grit+1"],"picked":"SKIP","floor":28},{"not_picked":["Warcry+1","Reckless Charge"],"picked":"Demon Form","floor":31},{"not_picked":["Clothesline","Anger+1","Sentinel+1"],"picked":"SKIP","floor":35},{"not_picked":["Hemokinesis","Perfected Strike+1","Wild Strike+1"],"picked":"SKIP","floor":36},{"not_picked":["Infernal Blade+1","Body Slam+1","True Grit+1"],"picked":"SKIP","floor":38},{"not_picked":["Feel No Pain","Twin Strike+1","Body Slam"],"picked":"SKIP","floor":39},{"not_picked":["Iron Wave+1","Combust+1","Armaments+1"],"picked":"SKIP","floor":40}],"player_experience":762682,"relics_obtained":[{"floor":7,"key":"Torii"},{"floor":9,"key":"Self Forming Clay"},{"floor":13,"key":"Toxic Egg 2"},{"floor":22,"key":"Necronomicon"},{"floor":23,"key":"Boot"},{"floor":26,"key":"PreservedInsect"},{"floor":30,"key":"Champion Belt"},{"floor":40,"key":"Pantograph"}],"event_choices":[{"damage_healed":0,"gold_gain":0,"player_choice":"Forge","damage_taken":0,"max_hp_gain":0,"max_hp_loss":0,"event_name":"Accursed Blacksmith","floor":3,"gold_loss":0,"cards_upgraded":["Bash"]},{"damage_healed":0,"gold_gain":0,"player_choice":"1 cards matched","damage_taken":0,"max_hp_gain":0,"max_hp_loss":0,"event_name":"Match and Keep!","floor":5,"gold_loss":0,"cards_obtained":["Dropkick"]},{"cards_removed":["Hemokinesis"],"damage_healed":0,"gold_gain":0,"player_choice":"Elegance","damage_taken":0,"max_hp_gain":0,"max_hp_loss":0,"event_name":"Back to Basics","floor":20,"gold_loss":0},{"damage_healed":0,"gold_gain":0,"player_choice":"Opened","damage_taken":0,"relics_obtained":["Thread and Needle"],"max_hp_gain":0,"max_hp_loss":0,"event_name":"The Mausoleum","floor":21,"gold_loss":0,"cards_obtained":["Writhe"]},{"damage_healed":0,"gold_gain":0,"player_choice":"Obtained Book","damage_taken":16,"max_hp_gain":0,"max_hp_loss":0,"event_name":"Cursed Tome","floor":22,"gold_loss":0}],"is_beta":false,"boss_relics":[{"not_picked":["Snecko Eye","Sozu"],"picked":"Pandora\u0027s Box"},{"not_picked":["Mark of Pain","Runic Dome"],"picked":"Philosopher\u0027s Stone"}],"items_purged_floors":[2,6,19,29,37],"is_endless":false,"potions_floor_spawned":[1,8,10,14,24,28,31,36],"killed_by":"4 Shapes","ascension_level":0}