{"gold_per_floor":[217,26,45,45,45,73,91,16,39,39,39,67,77,112,112,112],"floor_reached":16,"playtime":594,"items_purged":["Regret"],"score":136,"play_id":"ce18a2b6-782f-4ec3-89b6-2537ee9e442f","local_time":"20190306234802","is_ascension_mode":true,"campfire_choices":[{"floor":10,"key":"REST"},{"floor":15,"key":"REST"}],"neow_cost":"NONE","seed_source_timestamp":509383860126147,"circlet_count":0,"master_deck":["Strike_R","Strike_R","Strike_R","Strike_R","Strike_R","Defend_R","Defend_R","Defend_R","Bash","Metallicize","Havoc","Corruption","Armaments","True Grit","Parasite","Limit Break","Wild Strike"],"relics":["Burning Blood","Strawberry","Red Skull","Singing Bowl","PreservedInsect","Gremlin Horn"],"potions_floor_usage":[12,13,16,16],"damage_taken":[{"damage":6,"enemies":"Cultist","floor":1,"turns":3},{"damage":4,"enemies":"Jaw Worm","floor":3,"turns":5},{"damage":67,"enemies":"Lagavulin","floor":6,"turns":9},{"damage":2,"enemies":"2 Louse","floor":7,"turns":4},{"damage":56,"enemies":"Gremlin Nob","floor":12,"turns":6},{"damage":19,"enemies":"Exordium Wildlife","floor":13,"turns":5},{"damage":10,"enemies":"Lagavulin","floor":14,"turns":5},{"damage":51,"enemies":"Slime Boss","floor":16,"turns":9}],"seed_played":"4194090854513185528","potions_obtained":[{"floor":1,"key":"Dexterity Potion"},{"floor":6,"key":"Energy Potion"},{"floor":7,"key":"Regen Potion"},{"floor":13,"key":"Ancient Potion"}],"is_trial":false,"path_per_floor":["M","$","M","?","?","E","M","$","T","R","?","E","M","E","R","B"],"character_chosen":"IRONCLAD","items_purchased":["Strawberry","Havoc"],"campfire_rested":2,"item_purchase_floors":[2,2],"current_hp_per_floor":[80,87,87,80,80,19,23,23,23,49,70,34,21,19,45,0],"gold":112,"neow_bonus":"HUNDRED_GOLD","is_prod":false,"is_daily":false,"chose_seed":false,"campfire_upgraded":0,"win_rate":0,"timestamp":1551934082,"path_taken":["M","$","?","?","?","E","M","?","T","R","?","E","M","E","R","BOSS"],"build_version":"2019-01-23","purchased_purges":1,"victory":false,"max_hp_per_floor":[80,87,87,87,87,87,87,87,87,87,87,87,87,89,89,89],"card_choices":[{"not_picked":["Combust","Rampage"],"picked":"Metallicize","floor":1},{"not_picked":["Havoc","Bloodletting"],"picked":"Corruption","floor":3},{"not_picked":["Clash","Corruption"],"picked":"Armaments","floor":6},{"not_picked":["Clash","Reckless Charge"],"picked":"True Grit","floor":7},{"not_picked":["Reckless Charge","Sword Boomerang"],"picked":"Limit Break","floor":12},{"not_picked":["True Grit","Perfected Strike"],"picked":"Wild Strike","floor":13},{"not_picked":["Body Slam","Bloodletting","True Grit"],"picked":"Singing Bowl","floor":14}],"player_experience":300455,"relics_obtained":[{"floor":6,"key":"Singing Bowl"},{"floor":12,"key":"PreservedInsect"},{"floor":14,"key":"Gremlin Horn"}],"event_choices":[{"cards_removed":["Defend_R"],"damage_healed":0,"gold_gain":0,"player_choice":"Card Removal","damage_taken":7,"max_hp_gain":0,"max_hp_loss":0,"event_name":"Golden Wing","floor":4,"gold_loss":0},{"damage_healed":0,"gold_gain":0,"player_choice":"Box","damage_taken":0,"relics_obtained":["Red Skull"],"max_hp_gain":0,"max_hp_loss":0,"event_name":"Big Fish","floor":5,"gold_loss":0,"cards_obtained":["Regret"]},{"damage_healed":21,"gold_gain":0,"player_choice":"Healed and dodged fight","damage_taken":0,"max_hp_gain":0,"max_hp_loss":0,"event_name":"Mushrooms","floor":11,"gold_loss":0,"cards_obtained":["Parasite"]}],"is_beta":false,"boss_relics":[],"items_purged_floors":[8],"is_endless":false,"potions_floor_spawned":[1,6,7,13],"killed_by":"Slime Boss","ascension_level":3}