{"gold_per_floor":[113,13,27,51,61,61,78,78,102,117,117,189,80,99,99,200,200,220,44,61,161,10,10,10,10,10,21,21,21,21,21,21,121,121,133,145,145,224,236,248,278,325,360,372,23,33,33,43,43,43],"floor_reached":50,"playtime":13236,"items_purged":["Strike_G"],"score":458,"play_id":"1e85c7d9-bc22-4c91-9c74-4ab558f4020b","local_time":"20190627011912","is_ascension_mode":false,"campfire_choices":[{"data":"Neutralize","floor":6.0,"key":"SMITH"},{"data":"Outmaneuver","floor":8.0,"key":"SMITH"},{"data":"Footwork","floor":11.0,"key":"SMITH"},{"data":"Well Laid Plans","floor":15.0,"key":"SMITH"},{"floor":23.0,"key":"REST"},{"floor":25.0,"key":"REST"},{"data":"Envenom","floor":28.0,"key":"SMITH"},{"floor":32.0,"key":"REST"},{"floor":40.0,"key":"RECALL"},{"floor":44.0,"key":"REST"},{"data":"Outmaneuver","floor":47.0,"key":"SMITH"},{"floor":49.0,"key":"REST"}],"neow_cost":"NONE","seed_source_timestamp":0,"circlet_count":0,"master_deck":["Defend_G","Defend_G","Defend_G","Defend_G","Defend_G","Strike_G","Survivor","Neutralize+1","Predator","Sucker Punch","Poisoned Stab","Quick Slash","Outmaneuver+1","Footwork+1","Well Laid Plans+1","Leg Sweep","Malaise","Deadly Poison+1","Dagger Spray","Prepared+1","Sucker Punch","Envenom+1","Terror+1","Bullet Time","Poisoned Stab+1","Deadly Poison","Endless Agony+1","Expertise+1","Outmaneuver+1","Outmaneuver","Prepared+1"],"special_seed":0,"relics":["Ring of the Snake","Centennial Puzzle","Empty Cage","Happy Flower","Gambling Chip","Matryoshka","Gremlin Horn","Kunai","Eternal Feather","MawBank","Mummified Hand","Blood Vial","Dream Catcher","Bag of Preparation","Ice Cream"],"potions_floor_usage":[50,50,50],"damage_taken":[{"damage":0.0,"enemies":"Cultist","floor":1.0,"turns":5.0},{"damage":0.0,"enemies":"2 Louse","floor":3.0,"turns":2.0},{"damage":0.0,"enemies":"Small Slimes","floor":5.0,"turns":3.0},{"damage":4.0,"enemies":"Blue Slaver","floor":7.0,"turns":4.0},{"damage":12.0,"enemies":"Exordium Wildlife","floor":10.0,"turns":8.0},{"damage":0.0,"enemies":"3 Louse","floor":14.0,"turns":4.0},{"damage":9.0,"enemies":"Slime Boss","floor":16.0,"turns":15.0},{"damage":24.0,"enemies":"3 Byrds","floor":18.0,"turns":13.0},{"damage":0.0,"enemies":"Chosen","floor":20.0,"turns":6.0},{"damage":3.0,"enemies":"Colosseum Slavers","floor":21.0,"turns":7.0},{"damage":32.0,"enemies":"Colosseum Nobs","floor":21.0,"turns":6.0},{"damage":2.0,"enemies":"Snake Plant","floor":27.0,"turns":7.0},{"damage":29.0,"enemies":"Champ","floor":33.0,"turns":11.0},{"damage":1.0,"enemies":"Orb Walker","floor":35.0,"turns":5.0},{"damage":24.0,"enemies":"3 Shapes","floor":36.0,"turns":7.0},{"damage":12.0,"enemies":"Transient","floor":41.0,"turns":5.0},{"damage":53.0,"enemies":"Giant Head","floor":42.0,"turns":8.0},{"damage":3.0,"enemies":"Maw","floor":46.0,"turns":6.0},{"damage":30.0,"enemies":"3 Darklings","floor":48.0,"turns":5.0},{"damage":87,"enemies":"Time Eater","floor":50,"turns":10}],"seed_played":"-4302246638861908871","potions_obtained":[{"floor":1.0,"key":"SteroidPotion"},{"floor":7.0,"key":"Fire Potion"},{"floor":16.0,"key":"PowerPotion"},{"floor":18.0,"key":"AttackPotion"},{"floor":21.0,"key":"SteroidPotion"},{"floor":30.0,"key":"Fruit Juice"},{"floor":30.0,"key":"Strength Potion"},{"floor":30.0,"key":"Strength Potion"},{"floor":33.0,"key":"Strength Potion"},{"floor":36.0,"key":"LiquidBronze"},{"floor":41.0,"key":"Strength Potion"},{"floor":46.0,"key":"AttackPotion"},{"floor":48.0,"key":"Strength Potion"}],"is_trial":false,"path_per_floor":["M","$","M","T","M","R","M","R","T","M","R","?","$","M","R","B",null,"M","$","M","?","$","R","?","R","T","M","R","$","?","$","R","B",null,"M","M","$","T","?","R","M","E","T","R","$","M","R","M","R","B"],"character_chosen":"THE_SILENT","items_purchased":["Sucker Punch","Well Laid Plans","Leg Sweep","Happy Flower","Dagger Spray","Envenom","Ice Cream","Outmaneuver"],"campfire_rested":5,"item_purchase_floors":[2,13,13,19,19,22,45,45],"current_hp_per_floor":[70,70,70,70,70,70,66,66,66,54,54,54,54,54,54,45,70,46,46,46,11,11,32,32,53,53,51,51,51,56,56,75,46,75,74,50,50,50,50,65,55,4,4,41,41,40,55,27,67,0],"gold":43,"neow_bonus":"REMOVE_CARD","is_prod":false,"is_daily":false,"chose_seed":false,"campfire_upgraded":6,"win_rate":1,"timestamp":1561591152,"path_taken":["M","$","M","?","M","R","M","R","T","M","R","?","$","M","R","BOSS","M","$","M","?","$","R","?","R","T","M","R","?","?","$","R","BOSS","M","M","$","?","?","R","M","E","T","R","$","?","R","M","R","BOSS"],"build_version":"2019-01-23","purchased_purges":1,"victory":false,"max_hp_per_floor":[70,70,70,70,70,70,70,70,70,70,70,70,70,70,70,70,70,70,70,70,70,70,70,70,70,70,70,70,70,75,75,75,75,75,75,75,75,75,75,75,75,75,75,75,75,75,75,75,75,75],"card_choices":[{"not_picked":["Expertise","Finisher"],"picked":"Predator","floor":1.0},{"not_picked":["Flying Knee","Crippling Poison"],"picked":"Poisoned Stab","floor":3.0},{"not_picked":["Dagger Spray","Prepared"],"picked":"Quick Slash","floor":5.0},{"not_picked":["Prepared","Quick Slash"],"picked":"Outmaneuver","floor":7.0},{"not_picked":["Blade Dance","Phantasmal Killer"],"picked":"Footwork","floor":10.0},{"not_picked":["Outmaneuver","Tactician","Reflex"],"picked":"SKIP","floor":14.0},{"not_picked":["Doppelganger","Venomology"],"picked":"Malaise","floor":16.0},{"not_picked":["PiercingWail","Dagger Throw"],"picked":"Deadly Poison+1","floor":18.0},{"not_picked":["Infinite Blades","Reflex+1"],"picked":"Prepared+1","floor":20.0},{"not_picked":["Blade Dance","Finisher"],"picked":"Sucker Punch","floor":21.0},{"not_picked":["Backflip","Quick Slash+1"],"picked":"Terror+1","floor":27.0},{"not_picked":["Malaise","Night Terror"],"picked":"Bullet Time","floor":33.0},{"not_picked":["Slice","Terror"],"picked":"Poisoned Stab+1","floor":35.0},{"not_picked":["Dodge and Roll+1","All Out Attack+1"],"picked":"Deadly Poison","floor":36.0},{"not_picked":["Prepared+1","Sucker Punch"],"picked":"Endless Agony+1","floor":41.0},{"not_picked":["Acrobatics+1","Deflect","Quick Slash+1"],"picked":"SKIP","floor":42.0},{"not_picked":["Footwork","Tactician+1"],"picked":"Expertise+1","floor":44.0},{"not_picked":["Dagger Throw+1","Distraction","Quick Slash"],"picked":"SKIP","floor":46.0},{"not_picked":["Underhanded Strike","Blade Dance"],"picked":"Outmaneuver","floor":48.0},{"not_picked":["Predator","Tools of the Trade"],"picked":"Prepared+1","floor":49.0}],"player_experience":75903,"relics_obtained":[{"floor":9.0,"key":"Centennial Puzzle"},{"floor":21.0,"key":"Gambling Chip"},{"floor":21.0,"key":"Matryoshka"},{"floor":26.0,"key":"Gremlin Horn"},{"floor":26.0,"key":"Kunai"},{"floor":38.0,"key":"MawBank"},{"floor":38.0,"key":"Mummified Hand"},{"floor":39.0,"key":"Blood Vial"},{"floor":42.0,"key":"Dream Catcher"},{"floor":43.0,"key":"Bag of Preparation"}],"event_choices":[{"damage_healed":0.0,"max_hp_gain":0.0,"max_hp_loss":0.0,"gold_gain":72.0,"event_name":"Golden Wing","player_choice":"Gained Gold","floor":12.0,"gold_loss":0.0,"damage_taken":0.0},{"damage_healed":0.0,"max_hp_gain":0.0,"max_hp_loss":0.0,"gold_gain":0.0,"event_name":"Colosseum","player_choice":"Fight","floor":21.0,"gold_loss":0.0,"damage_taken":0.0},{"damage_healed":0.0,"max_hp_gain":0.0,"max_hp_loss":0.0,"gold_gain":0.0,"event_name":"Colosseum","player_choice":"Fought Nobs","floor":21.0,"gold_loss":0.0,"damage_taken":0.0},{"damage_healed":0.0,"max_hp_gain":0.0,"max_hp_loss":0.0,"gold_gain":0.0,"event_name":"Vampires","player_choice":"Ignored","floor":24.0,"gold_loss":0.0,"damage_taken":0.0},{"damage_healed":0.0,"max_hp_gain":0.0,"max_hp_loss":0.0,"gold_gain":0.0,"event_name":"Lab","player_choice":"Got Potions","floor":30.0,"gold_loss":0.0,"damage_taken":0.0},{"damage_healed":0.0,"max_hp_gain":0.0,"max_hp_loss":0.0,"gold_gain":0.0,"event_name":"Wheel of Change","player_choice":"Relic","floor":39.0,"gold_loss":0.0,"damage_taken":0.0}],"is_beta":false,"boss_relics":[{"not_picked":["Runic Dome","Cursed Key"],"picked":"Empty Cage"},{"not_picked":["Philosopher\u0027s Stone","Runic Pyramid"],"picked":"Eternal Feather"}],"items_purged_floors":[2],"is_endless":false,"potions_floor_spawned":[1,7,16,18,21,33,36,41,46,48],"killed_by":"Time Eater","ascension_level":0}