{"gold_per_floor":[117,41,41,56,69,69,102,129,153,153,153,228,243,35,35,132,132,151,151,78,94,107,107,138,138,164,197,197,232,232,232,232,330,330,340,340,355,93,93,93,108,108,131,131,142,0,17,29,29,29],"floor_reached":50,"playtime":2546,"items_purged":["Doubt"],"score":571,"play_id":"58ae48b2-4d80-4880-bc23-985f388c984e","local_time":"20190601150241","is_ascension_mode":true,"campfire_choices":[{"floor":6,"key":"RECALL"},{"data":"Neutralize","floor":10,"key":"SMITH"},{"floor":15,"key":"REST"},{"data":"Burst","floor":23,"key":"SMITH"},{"data":"Noxious Fumes","floor":25,"key":"SMITH"},{"floor":28,"key":"REST"},{"data":"Footwork","floor":32,"key":"SMITH"},{"data":"Noxious Fumes","floor":40,"key":"SMITH"},{"floor":42,"key":"REST"},{"floor":44,"key":"REST"},{"floor":49,"key":"REST"}],"neow_cost":"NONE","seed_source_timestamp":50264491324504,"circlet_count":0,"master_deck":["Defend_G+1","Defend_G+1","Defend_G+1","Defend_G+1","Defend_G+1","Strike_G+1","Strike_G+1","Strike_G+1","Strike_G+1","Survivor+1","Neutralize+1","Burst+1","Poisoned Stab+1","Noxious Fumes+1","Footwork+1","Dagger Spray+1","Cloak And Dagger+1","Riddle With Holes+1","Escape Plan+1","Bullet Time+1","Backflip+1","Necronomicurse","Corpse Explosion+1","Sucker Punch+1","Crippling Poison+1","Flying Knee+1","Terror+1","Glass Knife+1","Decay","Parasite","Noxious Fumes+1","Dodge and Roll+1","Bouncing Flask+1","Parasite","PiercingWail+1"],"relics":["Ring of the Snake","Ancient Tea Set","Odd Mushroom","Anchor","TwistedFunnel","Sozu","Necronomicon","Bag of Preparation","Shuriken","Tingsha","Snake Skull","Calling Bell","Potion Belt","Mercury Hourglass","Mango","Mark of the Bloom","Art of War","War Paint","Red Mask"],"potions_floor_usage":[7,50],"damage_taken":[{"damage":3,"enemies":"Jaw Worm","floor":1,"turns":4},{"damage":4,"enemies":"2 Louse","floor":4,"turns":3},{"damage":3,"enemies":"Small Slimes","floor":5,"turns":4},{"damage":15,"enemies":"Gremlin Nob","floor":7,"turns":6},{"damage":15,"enemies":"The Mushroom Lair","floor":8,"turns":5},{"damage":0,"enemies":"Blue Slaver","floor":13,"turns":3},{"damage":29,"enemies":"Slime Boss","floor":16,"turns":11},{"damage":0,"enemies":"2 Thieves","floor":18,"turns":5},{"damage":0,"enemies":"3 Byrds","floor":21,"turns":3},{"damage":0,"enemies":"Snecko","floor":22,"turns":4},{"damage":10,"enemies":"Slavers","floor":24,"turns":3},{"damage":8,"enemies":"Gremlin Leader","floor":27,"turns":5},{"damage":4,"enemies":"Slavers","floor":29,"turns":2},{"damage":37,"enemies":"Collector","floor":33,"turns":7},{"damage":0,"enemies":"Orb Walker","floor":35,"turns":2},{"damage":0,"enemies":"3 Shapes","floor":37,"turns":3},{"damage":14,"enemies":"Maw","floor":41,"turns":4},{"damage":0,"enemies":"Jaw Worm Horde","floor":45,"turns":3},{"damage":6,"enemies":"Writhing Mass","floor":47,"turns":4},{"damage":0,"enemies":"3 Darklings","floor":48,"turns":1},{"damage":74,"enemies":"Awakened One","floor":50,"turns":10}],"seed_played":"6231037746215879456","potions_obtained":[{"floor":4,"key":"Block Potion"},{"floor":16,"key":"Ancient Potion"}],"is_trial":false,"path_per_floor":["M","$","?","M","M","R","E","?","T","R","?","?","M","$","R","B",null,"M","?","$","M","M","R","E","R","T","E","R","E","?","?","R","B",null,"M","?","M","$","?","R","M","R","T","R","M","?","M","M","R","B"],"character_chosen":"THE_SILENT","items_purchased":["Noxious Fumes","TwistedFunnel","Corpse Explosion","Art of War","Noxious Fumes"],"campfire_rested":5,"item_purchase_floors":[2,14,20,38,38],"current_hp_per_floor":[67,67,67,63,60,60,45,30,30,30,23,12,12,12,33,4,70,70,54,54,54,54,54,44,44,44,36,57,53,53,53,53,16,84,84,84,84,84,84,84,70,70,70,70,70,70,64,64,64,0],"gold":29,"neow_bonus":"ONE_RANDOM_RARE_CARD","is_prod":false,"is_daily":false,"chose_seed":false,"campfire_upgraded":5,"win_rate":0,"timestamp":1559419361,"path_taken":["M","$","?","M","M","R","E","?","T","R","?","?","M","?","R","BOSS","M","?","$","M","M","R","E","R","T","E","R","E","?","?","R","BOSS","M","?","M","$","?","R","M","R","T","R","M","?","M","M","R","BOSS"],"build_version":"2019-01-23","purchased_purges":1,"victory":false,"max_hp_per_floor":[70,70,70,70,70,70,70,70,70,70,70,70,70,70,70,70,70,70,70,70,70,70,70,70,70,70,70,70,70,70,70,70,70,84,84,84,84,84,84,84,84,84,84,84,84,84,84,84,84,84],"card_choices":[{"not_picked":["Slice","Blade Dance"],"picked":"Poisoned Stab","floor":1},{"not_picked":["Tactician","Sucker Punch"],"picked":"Footwork","floor":4},{"not_picked":["Prepared","Sucker Punch"],"picked":"Dagger Spray","floor":5},{"not_picked":["A Thousand Cuts","Prepared"],"picked":"Cloak And Dagger","floor":7},{"not_picked":["Eviscerate","Slice"],"picked":"Riddle With Holes","floor":8},{"not_picked":["Prepared","Acrobatics"],"picked":"Escape Plan","floor":13},{"not_picked":["Burst","After Image"],"picked":"Bullet Time","floor":16},{"not_picked":["Accuracy","Poisoned Stab"],"picked":"Backflip+1","floor":18},{"not_picked":["Acrobatics","Backflip"],"picked":"Sucker Punch+1","floor":21},{"not_picked":["Blade Dance","Acrobatics"],"picked":"Crippling Poison+1","floor":22},{"not_picked":["A Thousand Cuts","Sucker Punch+1","Predator+1"],"picked":"SKIP","floor":24},{"not_picked":["Underhanded Strike","Outmaneuver"],"picked":"Flying Knee+1","floor":27},{"not_picked":["Flying Knee","Tactician"],"picked":"Terror+1","floor":29},{"not_picked":["Wraith Form v2","Burst"],"picked":"Glass Knife","floor":33},{"not_picked":["Dagger Spray+1","Dodge and Roll","Quick Slash+1"],"picked":"SKIP","floor":35},{"not_picked":["Dash+1","Slice","Acrobatics"],"picked":"SKIP","floor":37},{"not_picked":["Underhanded Strike+1","Sucker Punch"],"picked":"Dodge and Roll+1","floor":41},{"not_picked":["Dash+1","Riddle With Holes"],"picked":"Bouncing Flask+1","floor":45},{"not_picked":["Blade Dance+1","Heel Hook","Expertise"],"picked":"SKIP","floor":47},{"not_picked":["Prepared","Quick Slash"],"picked":"PiercingWail+1","floor":48}],"player_experience":56622,"relics_obtained":[{"floor":7,"key":"Ancient Tea Set"},{"floor":8,"key":"Odd Mushroom"},{"floor":9,"key":"Anchor"},{"floor":19,"key":"Necronomicon"},{"floor":24,"key":"Bag of Preparation"},{"floor":27,"key":"Shuriken"},{"floor":29,"key":"Tingsha"},{"floor":34,"key":"Potion Belt"},{"floor":34,"key":"Mercury Hourglass"},{"floor":34,"key":"Mango"},{"floor":43,"key":"War Paint"}],"event_choices":[{"damage_healed":0,"gold_gain":0,"player_choice":"Leave","damage_taken":0,"max_hp_gain":0,"max_hp_loss":0,"event_name":"The Cleric","floor":3,"gold_loss":0},{"damage_healed":0,"gold_gain":0,"player_choice":"Fought Mushrooms","damage_taken":0,"max_hp_gain":0,"max_hp_loss":0,"event_name":"Mushrooms","floor":8,"gold_loss":0},{"cards_removed":["Strike_G"],"damage_healed":0,"gold_gain":0,"player_choice":"Card Removal","damage_taken":7,"max_hp_gain":0,"max_hp_loss":0,"event_name":"Golden Wing","floor":11,"gold_loss":0},{"damage_healed":0,"gold_gain":75,"player_choice":"Gather Gold","damage_taken":11,"max_hp_gain":0,"max_hp_loss":0,"event_name":"World of Goop","floor":12,"gold_loss":0},{"damage_healed":0,"gold_gain":0,"player_choice":"Obtained Book","damage_taken":16,"max_hp_gain":0,"max_hp_loss":0,"event_name":"Cursed Tome","floor":19,"gold_loss":0},{"damage_healed":0,"gold_gain":0,"player_choice":"Opened","damage_taken":0,"relics_obtained":["Snake Skull"],"max_hp_gain":0,"max_hp_loss":0,"event_name":"The Mausoleum","floor":30,"gold_loss":0},{"damage_healed":0,"gold_gain":0,"player_choice":"Ignored","damage_taken":0,"max_hp_gain":0,"max_hp_loss":0,"event_name":"Ghosts","floor":31,"gold_loss":0},{"damage_healed":0,"gold_gain":0,"player_choice":"Upgrade","damage_taken":0,"relics_obtained":["Mark of the Bloom"],"max_hp_gain":0,"max_hp_loss":0,"event_name":"MindBloom","floor":36,"gold_loss":0,"cards_upgraded":["Defend_G","Defend_G","Defend_G","Defend_G","Defend_G","Strike_G","Strike_G","Strike_G","Strike_G","Survivor","Poisoned Stab","Dagger Spray","Cloak And Dagger","Riddle With Holes","Escape Plan","Bullet Time","Corpse Explosion","Glass Knife"]},{"damage_healed":0,"gold_gain":0,"player_choice":"Ignored","damage_taken":0,"max_hp_gain":0,"max_hp_loss":0,"event_name":"Mysterious Sphere","floor":39,"gold_loss":0},{"damage_healed":0,"gold_gain":0,"player_choice":"Paid","damage_taken":0,"relics_obtained":["Red Mask"],"max_hp_gain":0,"max_hp_loss":0,"event_name":"Tomb of Lord Red Mask","floor":46,"gold_loss":142}],"is_beta":false,"boss_relics":[{"not_picked":["Fusion Hammer","HoveringKite"],"picked":"Sozu"},{"not_picked":["Tiny House","Snecko Eye"],"picked":"Calling Bell"}],"items_purged_floors":[38],"is_endless":false,"potions_floor_spawned":[4,16,21,22,24,33,37,45,48],"killed_by":"Awakened One","ascension_level":2}