{"gold_per_floor":[109,184,200,213,228,228,256,256,280,280,298,298,298,322,322,445,445,463,447,447,462,475,475,475,475,475,475,506,506,605,623,623,754,754,767,767,677,690,709,709,162,162,215,215,215],"floor_reached":45,"playtime":2817,"items_purged":["Clash"],"score":458,"play_id":"e0228784-6a0f-42cf-8af9-bb4f5b08f68c","local_time":"20181228151137","is_ascension_mode":false,"campfire_choices":[{"floor":6,"key":"REST"},{"floor":8,"key":"RECALL"},{"floor":15,"key":"REST"},{"floor":23,"key":"REST"},{"floor":25,"key":"REST"},{"floor":27,"key":"REST"},{"floor":29,"key":"REST"},{"data":"Demon Form","floor":32,"key":"SMITH"},{"data":"Battle Trance","floor":40,"key":"SMITH"},{"data":"Shockwave","floor":42,"key":"SMITH"},{"data":"Ghostly Armor","floor":44,"key":"SMITH"}],"neow_cost":"PERCENT_DAMAGE","seed_source_timestamp":437161089835774,"circlet_count":0,"master_deck":["Defend_R","Defend_R","Defend_R","Defend_R+1","Bash","Anger","Barricade","Ghostly Armor+1","Demon Form+1","Clothesline+1","Bite","Bite","Bite","Bite","Bite","Havoc","Warcry","True Grit+1","Shockwave+1","Disarm+1","Battle Trance+1","Apotheosis"],"relics":["Burning Blood","Ancient Tea Set","Oddly Smooth Stone","Golden Idol","Snecko Eye","Red Mask","Black Star","StoneCalendar","Orichalcum"],"potions_floor_usage":[7,16,24,24,45],"damage_taken":[{"damage":6,"enemies":"Jaw Worm","floor":1,"turns":5},{"damage":1,"enemies":"2 Louse","floor":3,"turns":3},{"damage":5,"enemies":"Small Slimes","floor":4,"turns":4},{"damage":10,"enemies":"2 Fungi Beasts","floor":5,"turns":4},{"damage":16,"enemies":"Lagavulin","floor":7,"turns":7},{"damage":6,"enemies":"3 Louse","floor":11,"turns":2},{"damage":10,"enemies":"Looter","floor":14,"turns":4},{"damage":52,"enemies":"The Guardian","floor":16,"turns":14},{"damage":16,"enemies":"Spheric Guardian","floor":18,"turns":5},{"damage":28,"enemies":"2 Thieves","floor":19,"turns":4},{"damage":21,"enemies":"Snake Plant","floor":21,"turns":5},{"damage":51,"enemies":"Sentry and Sphere","floor":22,"turns":7},{"damage":54,"enemies":"Gremlin Leader","floor":24,"turns":8},{"damage":50,"enemies":"Masked Bandits","floor":28,"turns":5},{"damage":13,"enemies":"Centurion and Healer","floor":31,"turns":7},{"damage":18,"enemies":"Champ","floor":33,"turns":12},{"damage":26,"enemies":"Orb Walker","floor":35,"turns":6},{"damage":29,"enemies":"3 Shapes","floor":38,"turns":7},{"damage":2,"enemies":"Maw","floor":39,"turns":8},{"damage":77,"enemies":"Reptomancer","floor":45,"turns":2}],"seed_played":"6719377340194859801","potions_obtained":[{"floor":5,"key":"SkillPotion"},{"floor":7,"key":"SmokeBomb"},{"floor":11,"key":"GamblersBrew"},{"floor":16,"key":"Ancient Potion"},{"floor":19,"key":"SkillPotion"},{"floor":31,"key":"SteroidPotion"},{"floor":33,"key":"Ancient Potion"},{"floor":38,"key":"SpeedPotion"}],"is_trial":false,"path_per_floor":["M","?","M","M","M","R","E","R","T","?","M","?","?","M","R","B",null,"M","M","?","M","M","R","E","R","T","R","?","R","?","M","R","B",null,"M","?","?","M","M","R","$","R","T","R","E"],"character_chosen":"IRONCLAD","items_purchased":["Apotheosis","StoneCalendar"],"campfire_rested":6,"item_purchase_floors":[41,41],"current_hp_per_floor":[72,61,66,67,63,91,81,81,81,86,86,61,61,57,87,41,101,91,69,69,68,33,54,24,45,45,66,36,57,57,58,58,61,70,56,56,56,49,67,67,67,67,67,67,0],"gold":215,"neow_bonus":"TWENTY_PERCENT_HP_BONUS","is_prod":false,"is_daily":false,"chose_seed":false,"campfire_upgraded":4,"win_rate":0,"timestamp":1545988297,"path_taken":["M","?","M","M","M","R","E","R","T","?","M","?","?","M","R","BOSS","M","M","?","M","M","R","E","R","T","R","?","R","?","?","R","BOSS","M","?","?","?","M","R","$","R","T","R","E"],"build_version":"2018-12-20","purchased_purges":1,"victory":false,"max_hp_per_floor":[96,96,96,96,96,96,96,96,96,101,101,101,101,101,101,101,101,101,101,70,70,70,70,70,70,70,70,70,70,70,70,70,70,70,70,70,70,70,70,70,70,70,70,70,70],"card_choices":[{"not_picked":["Clothesline","Disarm"],"picked":"Anger","floor":1},{"not_picked":["Headbutt","Evolve"],"picked":"Barricade","floor":3},{"not_picked":["Pummel","Shrug It Off"],"picked":"Wild Strike","floor":4},{"not_picked":["Uppercut","Searing Blow"],"picked":"Clash","floor":5},{"not_picked":["Twin Strike","Exhume","Battle Trance"],"picked":"SKIP","floor":7},{"not_picked":["Rupture","Heavy Blade"],"picked":"Ghostly Armor","floor":11},{"not_picked":["Flex","Entrench","Clash"],"picked":"SKIP","floor":14},{"not_picked":["Fiend Fire","Juggernaut"],"picked":"Demon Form","floor":16},{"not_picked":["Reckless Charge+1","Flex","Sever Soul+1"],"picked":"SKIP","floor":18},{"not_picked":["Headbutt","Fiend Fire"],"picked":"Clothesline+1","floor":19},{"not_picked":["Rupture","Headbutt"],"picked":"Havoc","floor":21},{"not_picked":["Clash","Pommel Strike+1"],"picked":"Warcry","floor":22},{"not_picked":["Flex+1","Anger"],"picked":"True Grit+1","floor":28},{"not_picked":["Havoc","Perfected Strike","Wild Strike"],"picked":"SKIP","floor":31},{"not_picked":["Juggernaut","Barricade"],"picked":"Limit Break","floor":33},{"not_picked":["Second Wind","True Grit"],"picked":"Shockwave","floor":35},{"not_picked":["Hemokinesis","Pommel Strike+1"],"picked":"Disarm+1","floor":38},{"not_picked":["Shrug It Off+1","Power Through+1"],"picked":"Battle Trance","floor":39}],"player_experience":429869,"relics_obtained":[{"floor":7,"key":"Ancient Tea Set"},{"floor":9,"key":"Oddly Smooth Stone"},{"floor":28,"key":"Red Mask"},{"floor":43,"key":"Orichalcum"}],"event_choices":[{"damage_healed":0,"gold_gain":75,"player_choice":"Gather Gold","damage_taken":11,"max_hp_gain":0,"max_hp_loss":0,"event_name":"World of Goop","floor":2,"gold_loss":0},{"damage_healed":0,"gold_gain":0,"player_choice":"Donut","damage_taken":0,"max_hp_gain":5,"max_hp_loss":0,"event_name":"Big Fish","floor":10,"gold_loss":0},{"damage_healed":0,"gold_gain":0,"player_choice":"Take Damage","damage_taken":25,"relics_obtained":["Golden Idol"],"max_hp_gain":0,"max_hp_loss":0,"event_name":"Golden Idol","floor":12,"gold_loss":0},{"damage_healed":0,"gold_gain":0,"player_choice":"Ignored","damage_taken":0,"max_hp_gain":0,"max_hp_loss":0,"event_name":"Liars Game","floor":13,"gold_loss":0},{"damage_healed":0,"gold_gain":0,"player_choice":"Became a vampire","damage_taken":0,"max_hp_gain":0,"max_hp_loss":31,"event_name":"Vampires","floor":20,"gold_loss":0,"cards_obtained":["Bite","Bite","Bite","Bite","Bite"]},{"damage_healed":0,"gold_gain":0,"player_choice":"Fought Bandits","damage_taken":0,"max_hp_gain":0,"max_hp_loss":0,"event_name":"Masked Bandits","floor":28,"gold_loss":0},{"damage_healed":0,"gold_gain":99,"player_choice":"Stole From Cult","damage_taken":0,"max_hp_gain":0,"max_hp_loss":0,"event_name":"Nest","floor":30,"gold_loss":0},{"cards_removed":["Limit Break"],"damage_healed":0,"gold_gain":0,"player_choice":"Removed Skill","damage_taken":0,"max_hp_gain":0,"max_hp_loss":0,"event_name":"Falling","floor":36,"gold_loss":0},{"cards_removed":["Wild Strike"],"damage_healed":0,"gold_gain":0,"player_choice":"Upgrade and Remove","damage_taken":0,"max_hp_gain":0,"max_hp_loss":0,"event_name":"Designer","floor":37,"gold_loss":90,"cards_upgraded":["Defend_R"]}],"is_beta":false,"boss_relics":[{"not_picked":["White Beast Statue","Black Blood"],"picked":"Snecko Eye"},{"not_picked":["Mark of Pain","Cursed Key"],"picked":"Black Star"}],"items_purged_floors":[41],"is_endless":false,"potions_floor_spawned":[5,7,11,16,19,24,31,33,38],"killed_by":"Reptomancer","ascension_level":0}