{"gold_per_floor":[118,43,43,58,76,105,105,120,143,143,171,181,181,214,214,293,293,308,318,119,119,44,76,93,93,120,120,149,169,188,26,26,105,105,121,136,136,36,51,51,61,92,117,117],"floor_reached":44,"playtime":4500,"items_purged":["Defend_B","Pain"],"score":996,"play_id":"Baalorlord-16b686cd","local_time":"20190807173901","is_ascension_mode":true,"campfire_choices":[{"data":"Defragment","floor":7,"key":"SMITH"},{"data":"Loop","floor":10,"key":"SMITH"},{"data":"Go for the Eyes","floor":15,"key":"SMITH"},{"data":"Fission","floor":25,"key":"SMITH"},{"floor":27,"key":"REST"},{"data":"Coolheaded","floor":32,"key":"SMITH"},{"floor":40,"key":"RECALL"}],"neow_cost":"NONE","seed_source_timestamp":113490308566200,"circlet_count":0,"master_deck":["AscendersBane","Defend_B","Defend_B","Zap","Dualcast","Go for the Eyes+1","Defragment+1","Cold Snap","Ball Lightning","Steam","Loop+1","Electrodynamics","Cold Snap","Sweeping Beam","Hologram","Electrodynamics","Ball Lightning","Fission+1","Fusion+1","Consume+1","Stack+1","Dark Shackles","Coolheaded","Chill","Static Discharge","Conserve Battery+1","Self Repair+1","Coolheaded+1","Biased Cognition","Defragment+1","Stack+1"],"relics":["Orrery","Centennial Puzzle","Ancient Tea Set","Lantern","Happy Flower","Potion Belt","Astrolabe","Blood Vial","Oddly Smooth Stone","PreservedInsect","Philosopher\u0027s Stone","WarpedTongs","Juzu Bracelet","Bag of Marbles"],"potions_floor_usage":[14,18,23,28,33,33,36,39,41,42,44],"damage_taken":[{"damage":0,"enemies":"2 Louse","floor":1,"turns":3},{"damage":0,"enemies":"Cultist","floor":4,"turns":4},{"damage":0,"enemies":"Small Slimes","floor":5,"turns":2},{"damage":4,"enemies":"Lagavulin","floor":6,"turns":9},{"damage":12,"enemies":"Gremlin Gang","floor":8,"turns":4},{"damage":3,"enemies":"3 Sentries","floor":11,"turns":3},{"damage":1,"enemies":"Blue Slaver","floor":12,"turns":3},{"damage":4,"enemies":"Gremlin Nob","floor":14,"turns":3},{"damage":16,"enemies":"Hexaghost","floor":16,"turns":8},{"damage":0,"enemies":"Shell Parasite","floor":18,"turns":5},{"damage":18,"enemies":"Chosen","floor":19,"turns":4},{"damage":10,"enemies":"Book of Stabbing","floor":23,"turns":4},{"damage":5,"enemies":"Snake Plant","floor":24,"turns":5},{"damage":19,"enemies":"Slavers","floor":28,"turns":2},{"damage":0,"enemies":"Sentry and Sphere","floor":29,"turns":7},{"damage":12,"enemies":"Shelled Parasite and Fungi","floor":30,"turns":5},{"damage":7,"enemies":"Automaton","floor":33,"turns":11},{"damage":19,"enemies":"3 Shapes","floor":35,"turns":3},{"damage":4,"enemies":"3 Darklings","floor":36,"turns":3},{"damage":10,"enemies":"Writhing Mass","floor":39,"turns":7},{"damage":30,"enemies":"Spire Growth","floor":41,"turns":5},{"damage":6,"enemies":"Giant Head","floor":42,"turns":6},{"damage":56,"enemies":"Reptomancer","floor":44,"turns":2}],"seed_played":"-8572927306469534829","potions_obtained":[{"floor":8,"key":"SteroidPotion"},{"floor":11,"key":"Block Potion"},{"floor":16,"key":"Poison Potion"},{"floor":23,"key":"PowerPotion"},{"floor":24,"key":"Weak Potion"},{"floor":28,"key":"Block Potion"},{"floor":30,"key":"FearPotion"},{"floor":33,"key":"EssenceOfSteel"},{"floor":36,"key":"LiquidBronze"},{"floor":39,"key":"PowerPotion"},{"floor":42,"key":"Ancient Potion"}],"is_trial":false,"path_per_floor":["M","?","?","M","M","E","R","M","T","R","E","M","?","E","R","B",null,"M","M","$","?","$","E","M","R","T","R","E","M","M","$","R","B",null,"M","M","?","$","M","R","M","E","T","E"],"character_chosen":"DEFECT","items_purchased":["Dark Shackles","Fire Potion","Coolheaded","PreservedInsect"],"campfire_rested":1,"item_purchase_floors":[20,20,20,31],"current_hp_per_floor":[64,64,57,57,57,53,53,41,41,41,38,37,37,33,33,17,58,58,40,40,40,40,30,27,27,27,48,31,33,33,33,33,38,63,56,64,64,64,66,66,48,54,54,0],"gold":117,"neow_bonus":"BOSS_RELIC","is_prod":false,"is_daily":false,"chose_seed":false,"campfire_upgraded":5,"win_rate":0,"timestamp":1565213941,"path_taken":["M","?","?","M","M","E","R","M","T","R","E","M","?","E","R","BOSS","M","M","$","?","$","E","M","R","T","R","E","M","M","$","R","BOSS","M","M","?","$","?","R","M","E","T","E"],"build_version":"2019-07-17","purchased_purges":2,"victory":false,"max_hp_per_floor":[71,71,71,71,71,71,71,71,71,71,71,71,71,71,71,71,71,71,71,71,71,71,71,71,71,71,71,71,71,71,71,71,71,71,71,71,71,71,71,71,71,71,71,71],"card_choices":[{"not_picked":["Storm","Scrape"],"picked":"Go for the Eyes","floor":0},{"not_picked":["Scrape","Fusion"],"picked":"Defragment","floor":0},{"not_picked":["Barrage","Consume"],"picked":"Cold Snap","floor":0},{"not_picked":["Sweeping Beam","Reinforced Body"],"picked":"Ball Lightning","floor":0},{"not_picked":["Beam Cell","Steam Power"],"picked":"Steam","floor":0},{"not_picked":["Auto Shields","Turbo"],"picked":"Loop","floor":1},{"not_picked":["Melter","Stack"],"picked":"Electrodynamics","floor":4},{"not_picked":["Rebound","Scrape"],"picked":"Cold Snap","floor":5},{"not_picked":["Gash","Redo"],"picked":"Sweeping Beam","floor":6},{"not_picked":["Beam Cell","Double Energy"],"picked":"Hologram","floor":8},{"not_picked":["Turbo","Darkness"],"picked":"Electrodynamics","floor":11},{"not_picked":["Compile Driver","Sweeping Beam"],"picked":"Ball Lightning","floor":12},{"not_picked":["Aggregate","Doom and Gloom","Cold Snap"],"picked":"SKIP","floor":14},{"not_picked":["Machine Learning","Multi-Cast"],"picked":"Fission","floor":16},{"not_picked":["Barrage","Sweeping Beam","Go for the Eyes"],"picked":"SKIP","floor":18},{"not_picked":["Hologram","Turbo","Fusion+1"],"picked":"SKIP","floor":19},{"not_picked":["Streamline","Reboot"],"picked":"Chill","floor":23},{"not_picked":["Aggregate","Turbo"],"picked":"Static Discharge","floor":24},{"not_picked":["Ball Lightning","Loop"],"picked":"Conserve Battery+1","floor":28},{"not_picked":["Beam Cell","Barrage"],"picked":"Self Repair+1","floor":29},{"not_picked":["Steam","Turbo"],"picked":"Coolheaded","floor":30},{"not_picked":["Multi-Cast","Meteor Strike"],"picked":"Biased Cognition","floor":33},{"not_picked":["Stack","Leap"],"picked":"Defragment+1","floor":35},{"not_picked":["Redo","Barrage+1","Rebound"],"picked":"SKIP","floor":36},{"not_picked":["Reprogram","Hello World","Conserve Battery"],"picked":"SKIP","floor":39},{"not_picked":["Defragment","Redo"],"picked":"Stack+1","floor":41},{"not_picked":["Fusion+1","Static Discharge","Sweeping Beam"],"picked":"SKIP","floor":42},{"not_picked":["Fusion+1","Static Discharge","Sweeping Beam"],"picked":"SKIP","floor":42}],"player_experience":2324759,"relics_obtained":[{"floor":6,"key":"Centennial Puzzle"},{"floor":9,"key":"Ancient Tea Set"},{"floor":11,"key":"Lantern"},{"floor":13,"key":"Happy Flower"},{"floor":14,"key":"Potion Belt"},{"floor":23,"key":"Blood Vial"},{"floor":28,"key":"Oddly Smooth Stone"},{"floor":42,"key":"Juzu Bracelet"},{"floor":43,"key":"Bag of Marbles"}],"event_choices":[{"cards_removed":["Strike_B"],"damage_healed":0,"gold_gain":0,"player_choice":"Card Removal","damage_taken":0,"max_hp_gain":0,"max_hp_loss":0,"event_name":"The Cleric","floor":2,"gold_loss":75},{"cards_removed":["Defend_B"],"damage_healed":0,"gold_gain":0,"player_choice":"Card Removal","damage_taken":7,"max_hp_gain":0,"max_hp_loss":0,"event_name":"Golden Wing","floor":3,"gold_loss":0},{"damage_healed":0,"gold_gain":0,"player_choice":"Relic","damage_taken":0,"max_hp_gain":0,"max_hp_loss":0,"event_name":"Wheel of Change","floor":13,"gold_loss":0},{"damage_healed":0,"gold_gain":0,"player_choice":"Ignored","damage_taken":0,"max_hp_gain":0,"max_hp_loss":0,"event_name":"Beggar","floor":21,"gold_loss":0},{"damage_healed":0,"gold_gain":0,"player_choice":"Rummage","damage_taken":0,"relics_obtained":["WarpedTongs"],"max_hp_gain":0,"max_hp_loss":0,"event_name":"Accursed Blacksmith","floor":37,"gold_loss":0,"cards_obtained":["Pain"]}],"is_beta":false,"boss_relics":[{"not_picked":["Coffee Dripper","Cursed Key"],"picked":"Astrolabe"},{"not_picked":["Busted Crown","Sozu"],"picked":"Philosopher\u0027s Stone"}],"items_purged_floors":[22,38],"is_endless":false,"potions_floor_spawned":[8,11,12,16,23,24,28,30,33,36,39,42],"killed_by":"Reptomancer","ascension_level":20}