{"gold_per_floor":[112,92,110,285,61,117,117,147,228,247,273,273,285,285,285,380,380,400,400,141,141,18,53,71,99,99,99],"floor_reached":27,"playtime":997,"items_purged":["Doubt","Strike_G"],"score":482,"play_id":"6a16d4dc-14d1-4552-912c-0365705e748c","local_time":"20190713095656","is_ascension_mode":true,"campfire_choices":[{"data":"Leg Sweep","floor":7,"key":"SMITH"},{"floor":12,"key":"REST"},{"floor":15,"key":"REST"}],"neow_cost":"NONE","seed_source_timestamp":38229203475232,"circlet_count":0,"master_deck":["AscendersBane","Strike_G","Defend_G","Defend_G","Defend_G","Defend_G","Defend_G","Survivor","Neutralize","Dagger Spray","Blade Dance","Leg Sweep+1","Noxious Fumes","Poisoned Stab","Dodge and Roll","Slice+1","Glass Knife+1","Burst","Footwork+1","Predator+1","Slice+1","Wraith Form v2","Noxious Fumes","Dodge and Roll","Deadly Poison","PiercingWail","Bouncing Flask"],"relics":["Ring of the Snake","NeowsBlessing","Tiny Chest","Ginger","Molten Egg 2","Art of War","Bloody Idol","Astrolabe","Sundial","Pantograph","Bag of Preparation"],"potions_floor_usage":[23,25],"damage_taken":[{"damage":0,"enemies":"Small Slimes","floor":1,"turns":1},{"damage":0,"enemies":"Cultist","floor":3,"turns":1},{"damage":0,"enemies":"3 Sentries","floor":6,"turns":1},{"damage":18,"enemies":"Lagavulin","floor":8,"turns":9},{"damage":0,"enemies":"2 Louse","floor":10,"turns":3},{"damage":18,"enemies":"3 Sentries","floor":11,"turns":8},{"damage":11,"enemies":"Large Slime","floor":13,"turns":5},{"damage":48,"enemies":"Slime Boss","floor":16,"turns":12},{"damage":30,"enemies":"3 Byrds","floor":18,"turns":5},{"damage":41,"enemies":"Slavers","floor":23,"turns":7},{"damage":12,"enemies":"Shell Parasite","floor":24,"turns":7},{"damage":26,"enemies":"Book of Stabbing","floor":25,"turns":9},{"damage":20,"enemies":"Snecko","floor":27,"turns":3}],"seed_played":"-4089998985461878368","potions_obtained":[{"floor":2,"key":"AttackPotion"},{"floor":3,"key":"Energy Potion"},{"floor":25,"key":"Poison Potion"}],"is_trial":false,"path_per_floor":["M","?","M","?","$","E","R","E","T","M","E","R","M","?","R","B",null,"M","?","$","?","$","E","M","E","T","M"],"character_chosen":"THE_SILENT","items_purchased":["Leg Sweep","Noxious Fumes","Wraith Form v2","Noxious Fumes","Dodge and Roll"],"campfire_rested":2,"item_purchase_floors":[5,5,20,22,22],"current_hp_per_floor":[63,63,63,63,63,63,63,45,45,45,27,48,37,37,56,8,51,21,75,75,75,75,39,32,11,11,0],"gold":99,"neow_bonus":"THREE_ENEMY_KILL","is_prod":false,"is_daily":false,"chose_seed":false,"campfire_upgraded":1,"win_rate":0,"timestamp":1563026216,"path_taken":["M","?","?","?","$","E","R","E","T","M","E","R","M","?","R","BOSS","M","?","?","?","?","E","M","E","T","M"],"build_version":"2019-07-05","purchased_purges":2,"victory":false,"max_hp_per_floor":[70,70,70,70,70,70,70,70,70,70,70,70,70,65,65,65,65,65,75,75,75,75,75,75,75,75,75],"card_choices":[{"not_picked":["Acrobatics","Dodge and Roll"],"picked":"Dagger Spray","floor":1},{"not_picked":["Setup","Accuracy"],"picked":"Blade Dance","floor":3},{"not_picked":["Acrobatics","Finisher"],"picked":"Poisoned Stab","floor":6},{"not_picked":["Terror","Sucker Punch"],"picked":"Dodge and Roll","floor":8},{"not_picked":["Reflex","Backflip"],"picked":"Slice+1","floor":10},{"not_picked":["Dagger Spray+1","Blade Dance"],"picked":"Glass Knife+1","floor":11},{"not_picked":["Blur","Sucker Punch+1","Deflect"],"picked":"SKIP","floor":13},{"not_picked":["Unload+1","Glass Knife+1"],"picked":"Burst","floor":16},{"not_picked":["Underhanded Strike+1","Dash+1"],"picked":"Slice+1","floor":18},{"not_picked":["Flying Knee+1","Choke+1"],"picked":"Deadly Poison","floor":23},{"not_picked":["Bane+1","Predator+1"],"picked":"PiercingWail","floor":24},{"not_picked":["Cloak And Dagger","Noxious Fumes"],"picked":"Bouncing Flask","floor":25}],"player_experience":690291,"relics_obtained":[{"floor":6,"key":"Tiny Chest"},{"floor":8,"key":"Ginger"},{"floor":9,"key":"Molten Egg 2"},{"floor":11,"key":"Art of War"},{"floor":23,"key":"Sundial"},{"floor":25,"key":"Pantograph"},{"floor":26,"key":"Bag of Preparation"}],"event_choices":[{"damage_healed":0,"gold_gain":0,"player_choice":"Bought 1 Potion","damage_taken":0,"max_hp_gain":0,"max_hp_loss":0,"event_name":"The Woman in Blue","floor":2,"gold_loss":0},{"damage_healed":0,"gold_gain":175,"player_choice":"AGREE","damage_taken":0,"max_hp_gain":0,"max_hp_loss":0,"event_name":"Liars Game","floor":4,"gold_loss":0,"cards_obtained":["Doubt"]},{"damage_healed":0,"gold_gain":0,"player_choice":"Lose Max HP","damage_taken":0,"relics_obtained":["Golden Idol"],"max_hp_gain":0,"max_hp_loss":5,"event_name":"Golden Idol","floor":14,"gold_loss":0},{"cards_removed":["Storm of Steel"],"damage_healed":44,"gold_gain":0,"player_choice":"Offered Rare","damage_taken":0,"max_hp_gain":10,"max_hp_loss":0,"event_name":"Bonfire Elementals","floor":19,"gold_loss":0},{"damage_healed":0,"gold_gain":0,"player_choice":"Gave Idol","damage_taken":0,"relics_obtained":["Bloody Idol"],"max_hp_gain":0,"max_hp_loss":0,"event_name":"Forgotten Altar","floor":21,"relics_lost":["Golden Idol"],"gold_loss":0}],"is_beta":false,"boss_relics":[{"not_picked":["Black Star","Calling Bell"],"picked":"Astrolabe"}],"items_purged_floors":[5,20],"is_endless":false,"potions_floor_spawned":[3,6,11,25],"killed_by":"Snecko","ascension_level":13}