{"gold_per_floor":[112,112,124,124,49,78,94,123,168,187,204,216,244,256,256,352,402,422,422,440,452,464,464],"floor_reached":23,"playtime":916,"items_purged":["Pain"],"score":363,"play_id":"7a13cbec-0505-49f4-a80a-5ebbde78c540","local_time":"20190507225008","is_ascension_mode":true,"campfire_choices":[{"data":"Flame Barrier","floor":15,"key":"SMITH"}],"neow_cost":"NONE","seed_source_timestamp":1814102997165422,"circlet_count":0,"master_deck":["AscendersBane","Strike_R","Strike_R","Strike_R","Strike_R","Strike_R","Defend_R","Defend_R","Defend_R","Defend_R","Bash+1","Cleave","Heavy Blade","Shrug It Off","Havoc","Flame Barrier+1","Immolate","Thunderclap","Clothesline","Immolate","Feed","Burning Pact","Inflame","Corruption","Dark Embrace"],"relics":["Burning Blood","NeowsBlessing","WarpedTongs","Dodecahedron","Bronze Scales","Centennial Puzzle","Du-Vu Doll","Nloth\u0027s Gift"],"potions_floor_usage":[13],"damage_taken":[{"damage":0,"enemies":"Jaw Worm","floor":1,"turns":1},{"damage":0,"enemies":"Cultist","floor":3,"turns":1},{"damage":0,"enemies":"3 Sentries","floor":6,"turns":2},{"damage":3,"enemies":"Small Slimes","floor":7,"turns":3},{"damage":20,"enemies":"Gremlin Nob","floor":8,"turns":4},{"damage":6,"enemies":"Looter","floor":10,"turns":3},{"damage":0,"enemies":"2 Fungi Beasts","floor":11,"turns":1},{"damage":0,"enemies":"Large Slime","floor":12,"turns":5},{"damage":30,"enemies":"3 Sentries","floor":13,"turns":5},{"damage":10,"enemies":"Exordium Wildlife","floor":14,"turns":3},{"damage":44,"enemies":"The Guardian","floor":16,"turns":12},{"damage":28,"enemies":"Spheric Guardian","floor":18,"turns":5},{"damage":3,"enemies":"Chosen","floor":20,"turns":4},{"damage":24,"enemies":"Snake Plant","floor":21,"turns":2},{"damage":13,"enemies":"3 Cultists","floor":22,"turns":4},{"damage":29,"enemies":"Slavers","floor":23,"turns":1}],"seed_played":"478583592507660093","potions_obtained":[{"floor":4,"key":"Ancient Potion"},{"floor":4,"key":"SkillPotion"},{"floor":6,"key":"FearPotion"},{"floor":14,"key":"Fire Potion"}],"is_trial":false,"path_per_floor":["M","?","M","?","$","E","M","E","T","M","M","M","E","M","R","B",null,"M","?","M","M","M","E"],"character_chosen":"IRONCLAD","items_purchased":[],"campfire_rested":0,"item_purchase_floors":[],"current_hp_per_floor":[78,78,80,80,80,80,80,66,66,66,72,78,54,50,50,12,68,46,46,52,34,27,0],"gold":464,"neow_bonus":"THREE_ENEMY_KILL","is_prod":false,"is_daily":false,"chose_seed":false,"campfire_upgraded":1,"win_rate":0,"timestamp":1557283808,"path_taken":["M","?","?","?","$","E","M","E","T","?","M","M","E","M","R","BOSS","M","?","M","?","M","E"],"build_version":"2019-01-23","purchased_purges":1,"victory":false,"max_hp_per_floor":[80,80,80,80,80,80,80,80,80,80,80,80,80,80,80,80,85,85,85,88,88,88,88],"card_choices":[{"not_picked":["Flex","Body Slam"],"picked":"Cleave","floor":1},{"not_picked":["Perfected Strike","Pummel"],"picked":"Heavy Blade","floor":3},{"not_picked":["Twin Strike","Clothesline"],"picked":"Shrug It Off","floor":6},{"not_picked":["Rampage","Twin Strike"],"picked":"Havoc","floor":7},{"not_picked":["Pommel Strike","Warcry"],"picked":"Flame Barrier","floor":8},{"not_picked":["True Grit","Iron Wave"],"picked":"Immolate","floor":10},{"not_picked":["Blood for Blood","Combust"],"picked":"Thunderclap","floor":11},{"not_picked":["Rage","Infernal Blade","Perfected Strike"],"picked":"SKIP","floor":12},{"not_picked":["Wild Strike","Ghostly Armor"],"picked":"Clothesline","floor":13},{"not_picked":["Body Slam","Power Through"],"picked":"Immolate","floor":14},{"not_picked":["Fiend Fire","Demon Form"],"picked":"Feed","floor":16},{"not_picked":["Entrench","Flex"],"picked":"Burning Pact","floor":18},{"not_picked":["Rampage","Iron Wave"],"picked":"Inflame","floor":20},{"not_picked":["Feel No Pain","Perfected Strike"],"picked":"Corruption","floor":21},{"not_picked":["Body Slam","Sword Boomerang"],"picked":"Dark Embrace","floor":22}],"player_experience":390085,"relics_obtained":[{"floor":6,"key":"Dodecahedron"},{"floor":8,"key":"Bronze Scales"},{"floor":9,"key":"Centennial Puzzle"},{"floor":13,"key":"Du-Vu Doll"}],"event_choices":[{"damage_healed":0,"gold_gain":0,"player_choice":"Rummage","damage_taken":0,"relics_obtained":["WarpedTongs"],"max_hp_gain":0,"max_hp_loss":0,"event_name":"Accursed Blacksmith","floor":2,"gold_loss":0,"cards_obtained":["Pain"]},{"damage_healed":0,"gold_gain":0,"player_choice":"Got Potions","damage_taken":0,"max_hp_gain":0,"max_hp_loss":0,"event_name":"Lab","floor":4,"gold_loss":0},{"damage_healed":0,"gold_gain":0,"player_choice":"Traded Relic","damage_taken":0,"relics_obtained":["Nloth\u0027s Gift"],"max_hp_gain":0,"max_hp_loss":0,"event_name":"N\u0027loth","floor":19,"relics_lost":["Tiny House"],"gold_loss":0}],"is_beta":false,"boss_relics":[{"not_picked":["Lizard Tail","White Beast Statue"],"picked":"Tiny House"}],"items_purged_floors":[5],"is_endless":false,"potions_floor_spawned":[6,7,10,14,18],"killed_by":"Slavers","ascension_level":10}