{"gold_per_floor":[147,173,173,173,173,173,212,212,239,280,43,43,77,92,92,211,274,295,8,24,24,24,24,55,76,76,94,113,138,178,1,1,122,122,136,136,104,118,143,143,0,31,112,112,112,148,164,464,464,464],"floor_reached":51,"playtime":3259,"items_purged":[],"score":1149,"play_id":"9fd838bf-57be-46cd-94c4-089db968cf75","local_time":"20190624180006","is_ascension_mode":true,"campfire_choices":[{"data":"Zap","floor":6,"key":"SMITH"},{"data":"Go for the Eyes","floor":8,"key":"SMITH"},{"data":"Seek","floor":12,"key":"SMITH"},{"data":"Capacitor","floor":15,"key":"SMITH"},{"data":"Darkness","floor":23,"key":"SMITH"},{"floor":32,"key":"REST"},{"data":"Defragment","floor":40,"key":"SMITH"},{"data":"Coolheaded","floor":45,"key":"SMITH"},{"data":"Buffer","floor":49,"key":"SMITH"}],"neow_cost":"NONE","seed_source_timestamp":334440816548932,"circlet_count":0,"master_deck":["AscendersBane","Strike_B","Strike_B","Strike_B","Defend_B","Defend_B","Defend_B+1","Defend_B+1","Zap+1","Dualcast+1","Ball Lightning","Go for the Eyes+1","Seek+1","Capacitor+1","Leap","Rainbow","Undo","Turbo","Self Repair","Darkness+1","Compile Driver","Electrodynamics","Coolheaded+1","Hologram+1","FTL+1","BootSequence","Buffer+1","Defragment+1","Reinforced Body","Writhe","Recycle+1","Seek+1","Writhe"],"relics":["Cracked Core","Tiny Chest","Oddly Smooth Stone","Golden Idol","Meat on the Bone","The Courier","War Paint","Bag of Preparation","Dead Branch","Potion Belt","Tiny House","Calipers","Bird Faced Urn","Regal Pillow","Singing Bowl","Unceasing Top","Bronze Scales","Cursed Key","Red Mask","Mummified Hand","Toxic Egg 2","Old Coin"],"potions_floor_usage":[7,24,27,30,46,50,50],"damage_taken":[{"damage":11,"enemies":"Cultist","floor":1,"turns":4},{"damage":22,"enemies":"Lagavulin","floor":7,"turns":5},{"damage":13,"enemies":"3 Sentries","floor":10,"turns":6},{"damage":15,"enemies":"Lagavulin","floor":13,"turns":6},{"damage":0,"enemies":"2 Louse","floor":14,"turns":2},{"damage":35,"enemies":"The Guardian","floor":16,"turns":9},{"damage":18,"enemies":"3 Byrds","floor":18,"turns":6},{"damage":0,"enemies":"Spheric Guardian","floor":20,"turns":3},{"damage":27,"enemies":"Book of Stabbing","floor":24,"turns":6},{"damage":7,"enemies":"Snake Plant","floor":25,"turns":4},{"damage":10,"enemies":"Sentry and Sphere","floor":27,"turns":4},{"damage":5,"enemies":"Centurion and Healer","floor":28,"turns":8},{"damage":10,"enemies":"3 Cultists","floor":29,"turns":5},{"damage":36,"enemies":"Slavers","floor":30,"turns":5},{"damage":40,"enemies":"Collector","floor":33,"turns":10},{"damage":2,"enemies":"Orb Walker","floor":35,"turns":4},{"damage":8,"enemies":"3 Darklings","floor":38,"turns":2},{"damage":25,"enemies":"Spire Growth","floor":39,"turns":6},{"damage":24,"enemies":"Reptomancer","floor":42,"turns":9},{"damage":58,"enemies":"Nemesis","floor":46,"turns":9},{"damage":22,"enemies":"4 Shapes","floor":47,"turns":4},{"damage":34,"enemies":"Donu and Deca","floor":50,"turns":10}],"seed_played":"-8410139835072040187","potions_obtained":[{"floor":1,"key":"Strength Potion"},{"floor":17,"key":"Dexterity Potion"},{"floor":25,"key":"GamblersBrew"},{"floor":29,"key":"Ancient Potion"},{"floor":30,"key":"Ancient Potion"},{"floor":33,"key":"PowerPotion"},{"floor":42,"key":"Regen Potion"},{"floor":47,"key":"Fire Potion"}],"is_trial":false,"path_per_floor":["M","T","?","?","T","R","E","R","T","E","$","R","E","M","R","B",null,"M","$","M","T","?","R","E","M","T","M","M","M","E","$","R","B",null,"M","$","$","M","M","R","?","E","T","$","R","E","M","T","R","B",null],"character_chosen":"DEFECT","items_purchased":["Dead Branch","Calipers","PowerPotion","Bronze Scales","BootSequence","Defragment"],"campfire_rested":1,"item_purchase_floors":[11,19,19,31,31,37],"current_hp_per_floor":[57,57,39,64,64,64,42,42,42,41,41,41,38,38,38,15,65,47,47,47,47,47,47,49,44,44,52,60,63,43,43,82,53,75,81,81,81,84,71,71,71,68,68,68,68,62,57,57,57,58],"gold":464,"neow_bonus":"RANDOM_COMMON_RELIC","is_prod":false,"is_daily":false,"chose_seed":false,"campfire_upgraded":8,"win_rate":0,"timestamp":1561417206,"path_taken":["M","?","?","?","?","R","E","R","T","E","?","R","E","M","R","BOSS","M","$","M","?","?","R","E","M","T","?","M","M","E","$","R","BOSS","M","?","$","M","M","R","?","E","T","?","R","E","M","?","R","BOSS"],"build_version":"2019-01-23","purchased_purges":0,"victory":true,"max_hp_per_floor":[75,75,75,75,75,75,75,75,75,75,75,75,75,75,75,75,80,80,80,80,80,80,80,80,80,80,82,82,82,82,82,82,82,82,84,84,84,84,86,86,86,88,88,88,88,88,88,88,88,88],"card_choices":[{"not_picked":["Hello World","Streamline"],"picked":"Ball Lightning","floor":1},{"not_picked":["Hologram","Rip and Tear"],"picked":"Go for the Eyes","floor":7},{"not_picked":["Gash","Compile Driver"],"picked":"Seek","floor":10},{"not_picked":["Sweeping Beam","Hologram"],"picked":"Capacitor","floor":13},{"not_picked":["Steam","Redo"],"picked":"Leap","floor":14},{"not_picked":["Machine Learning","Multi-Cast"],"picked":"Rainbow","floor":16},{"not_picked":["Self Repair","Streamline"],"picked":"Undo","floor":17},{"not_picked":["Sweeping Beam","Rebound"],"picked":"Turbo","floor":18},{"not_picked":["Barrage","Cold Snap+1"],"picked":"Self Repair","floor":20},{"not_picked":["Hologram","Barrage"],"picked":"Compile Driver","floor":24},{"not_picked":["Loop","Storm"],"picked":"Electrodynamics","floor":25},{"not_picked":["Beam Cell","Sweeping Beam","Hologram"],"picked":"Singing Bowl","floor":27},{"not_picked":["Ball Lightning","Lockon"],"picked":"Coolheaded","floor":28},{"not_picked":["Stack","Leap"],"picked":"Hologram+1","floor":29},{"not_picked":["Recycle","Auto Shields"],"picked":"FTL+1","floor":30},{"not_picked":["Hyperbeam","Reboot"],"picked":"Buffer","floor":33},{"not_picked":["Conserve Battery","Stack+1","Blizzard"],"picked":"Singing Bowl","floor":35},{"not_picked":["Steam","Barrage+1"],"picked":"Reinforced Body","floor":38},{"not_picked":["Scrape","Steam","Gash"],"picked":"Singing Bowl","floor":39},{"not_picked":["Consume","Ball Lightning","Rebound+1"],"picked":"Singing Bowl","floor":42},{"not_picked":["Leap","Compile Driver+1"],"picked":"Recycle+1","floor":46},{"not_picked":["Heatsinks","Streamline"],"picked":"Seek+1","floor":47}],"player_experience":278342,"relics_obtained":[{"floor":2,"key":"Oddly Smooth Stone"},{"floor":5,"key":"Meat on the Bone"},{"floor":7,"key":"The Courier"},{"floor":9,"key":"War Paint"},{"floor":10,"key":"Bag of Preparation"},{"floor":13,"key":"Potion Belt"},{"floor":21,"key":"Bird Faced Urn"},{"floor":24,"key":"Regal Pillow"},{"floor":26,"key":"Singing Bowl"},{"floor":30,"key":"Unceasing Top"},{"floor":42,"key":"Mummified Hand"},{"floor":46,"key":"Toxic Egg 2"},{"floor":48,"key":"Old Coin"}],"event_choices":[{"damage_healed":0,"gold_gain":0,"player_choice":"Take Damage","damage_taken":18,"relics_obtained":["Golden Idol"],"max_hp_gain":0,"max_hp_loss":0,"event_name":"Golden Idol","floor":3,"gold_loss":0},{"damage_healed":25,"gold_gain":0,"player_choice":"Banana","damage_taken":0,"max_hp_gain":0,"max_hp_loss":0,"event_name":"Big Fish","floor":4,"gold_loss":0},{"damage_healed":0,"gold_gain":0,"cards_transformed":["Strike_B"],"player_choice":"Transformed","damage_taken":0,"max_hp_gain":0,"max_hp_loss":0,"event_name":"Transmorgrifier","floor":22,"gold_loss":0,"cards_obtained":["Darkness"]},{"damage_healed":0,"gold_gain":0,"player_choice":"Paid","damage_taken":0,"relics_obtained":["Red Mask"],"max_hp_gain":0,"max_hp_loss":0,"event_name":"Tomb of Lord Red Mask","floor":41,"gold_loss":143}],"is_beta":false,"boss_relics":[{"not_picked":["Coffee Dripper","Runic Pyramid"],"picked":"Tiny House"},{"not_picked":["Philosopher\u0027s Stone","Lizard Tail"],"picked":"Cursed Key"}],"items_purged_floors":[],"is_endless":false,"potions_floor_spawned":[1,25,29,30,33,42,47],"ascension_level":11}