{"path_per_floor":["M","M","?","M","M","R","M","E","T","E","$","M","?","M","R","B",null,"M","?","?","M","?","E","R","$","T","R","M","M","E","M","R","B",null,"M","M","M","?","?"],"character_chosen":"THE_SILENT","items_purchased":["Blood Vial","Bandage Up","Prepared","Backflip","Infinite Blades"],"gold_per_floor":[116,128,203,221,234,234,248,283,283,312,30,45,45,65,65,185,185,206,206,121,141,141,181,181,14,39,39,52,66,107,125,125,244,244,263,281,299,299,299],"floor_reached":40,"campfire_rested":3,"playtime":4317,"current_hp_per_floor":[67,66,55,55,46,46,46,17,17,1,1,7,7,13,47,19,65,42,42,42,37,37,33,65,65,65,65,65,58,47,34,65,35,65,46,33,26,26,26],"items_purged":["Defend_G"],"gold":299,"play_id":"7cca86d1-05c0-459d-9cce-f3f54942b896","is_prod":false,"is_daily":false,"campfire_rituals":0,"campfire_upgraded":2,"is_hardmode":false,"path_taken":["M","M","?","?","M","R","M","E","T","E","$","M","?","?","R","BOSS","M","?","?","M","?","E","R","?","T","R","M","M","E","?","R","BOSS","M","M","?","?","?","E"],"build_version":"2018-01-11-PROD2","purchased_purges":1,"victory":false,"master_deck":["Defend_G","Defend_G","Defend_G","Survivor","Neutralize","Infinite Blades","Dagger Throw","Deflect","Escape Plan","Dagger Spray","Envenom","Venomology","Bandage Up","Prepared","Outmaneuver","Tools of the Trade","Backflip","Bite_G","Bite_G","Bite_G","Bite_G","Bite_G","Quick Slash","Distraction","Flying Knee","Backflip","Infinite Blades","Parasite","Predator","Choke","Acrobatics","Prepared","After Image","Regret","Parasite","Decay","Doubt","Catalyst","Prepared","Distraction"],"max_hp_per_floor":[70,70,70,70,70,70,70,70,70,70,70,70,65,65,65,65,65,65,65,65,65,65,65,65,65,65,65,65,65,65,65,65,65,65,65,65,65,65,65],"relics":["Ring of the Snake","Anchor","Regal Pillow","Bottled Flame","Golden Idol","Cursed Key","Orichalcum","Snake Skull","Prayer Wheel","Pantograph","Calling Bell","Ninja Scroll","Ice Cream","Ancient Tea Set"],"campfire_meditates":0,"card_choices":[{"not_picked":["Footwork","PiercingWail"],"picked":"Infinite Blades"},{"not_picked":["Escape Plan","Dagger Spray"],"picked":"Dagger Throw"},{"not_picked":["Dodge and Roll","Outmaneuver"],"picked":"Deflect"},{"not_picked":["Dagger Throw","Backstab"],"picked":"Escape Plan"},{"not_picked":["Calculated Gamble","Deflect"],"picked":"Dagger Spray"},{"not_picked":["Poisoned Stab","Acrobatics"],"picked":"Envenom"},{"not_picked":["Acrobatics","Leg Sweep"],"picked":"Venomology"},{"not_picked":["Sucker Punch","Skewer"],"picked":"Dodge and Roll"},{"not_picked":["Bouncing Flask","Choke"],"picked":"Outmaneuver"},{"not_picked":["Corpse Explosion","Unload"],"picked":"Tools of the Trade"},{"not_picked":["Acrobatics","Catalyst"],"picked":"Backflip"},{"not_picked":["Footwork","PiercingWail"],"picked":"Quick Slash"},{"not_picked":["Endless Agony","Dash"],"picked":"Flying Knee"},{"not_picked":["All Out Attack","Unload"],"picked":"Predator"},{"not_picked":["Distraction","Dagger Throw"],"picked":"Choke"},{"not_picked":["Well Laid Plans","Leg Sweep"],"picked":"Acrobatics"},{"not_picked":["Sucker Punch","Backstab"],"picked":"Prepared"},{"not_picked":["Venomology","Burst"],"picked":"After Image"},{"not_picked":["Dash","Skewer"],"picked":"Catalyst"},{"not_picked":["Poisoned Stab","Choke"],"picked":"Prepared"},{"not_picked":["Leg Sweep","Slice"],"picked":"Distraction"}],"player_experience":29486,"potions_floor_usage":[21,21,28,29,29,30,30,30,31,33,33,36,36,36,37,37,37,40],"damage_taken":[{"damage":3.0,"enemies":"Jaw Worm","floor":1.0,"turns":5.0},{"damage":1.0,"enemies":"Cultist","floor":2.0,"turns":3.0},{"damage":0.0,"enemies":"Blue Slaver","floor":4.0,"turns":6.0},{"damage":9.0,"enemies":"Lots of Slimes","floor":5.0,"turns":5.0},{"damage":0.0,"enemies":"3 Louse","floor":7.0,"turns":2.0},{"damage":29.0,"enemies":"Gremlin Nob","floor":8.0,"turns":5.0},{"damage":16.0,"enemies":"Lagavulin","floor":10.0,"turns":7.0},{"damage":0.0,"enemies":"Exordium Wildlife","floor":12.0,"turns":3.0},{"damage":0.0,"enemies":"Lots of Slimes","floor":14.0,"turns":2.0},{"damage":49.0,"enemies":"Hexaghost","floor":16.0,"turns":11.0},{"damage":27,"enemies":"Chosen","floor":18,"turns":7},{"damage":17,"enemies":"2 Thieves","floor":21,"turns":4},{"damage":30,"enemies":"Gremlin Leader","floor":23,"turns":8},{"damage":13,"enemies":"Centurion and Healer","floor":28,"turns":6},{"damage":19,"enemies":"Snake Plant","floor":29,"turns":4},{"damage":19,"enemies":"Book of Stabbing","floor":30,"turns":5},{"damage":33,"enemies":"Slaver and Parasite","floor":31,"turns":6},{"damage":58,"enemies":"Automaton","floor":33,"turns":10},{"damage":25,"enemies":"Orb Walker","floor":35,"turns":4},{"damage":35,"enemies":"3 Darklings","floor":36,"turns":5},{"damage":23,"enemies":"Maw","floor":37,"turns":7},{"damage":43,"enemies":"Nemesis","floor":40,"turns":6}],"event_choices":[{"event_name":"World of Goop","player_choice":"Gather Gold","floor":3.0,"damage_taken":0.0},{"event_name":"Golden Idol","player_choice":"Lose Max HP","floor":13.0,"damage_taken":0.0},{"event_name":"Vampires","player_choice":"Became a vampire (Vial)","floor":19,"damage_taken":0},{"event_name":"Addict","player_choice":"Obtained Relic","floor":20,"damage_taken":0},{"event_name":"Transmorgrifier","player_choice":"Transform","floor":22,"damage_taken":0},{"event_name":"Upgrade Shrine","player_choice":"Upgraded","floor":38,"damage_taken":0}],"boss_relics":[{"not_picked":["Sozu","Velvet Choker"],"picked":"Cursed Key"},{"not_picked":["Question Card","Orrery"],"picked":"Calling Bell"}],"potions_floor_spawned":[1,4,8,10,23,28,29,31,33,35,36],"seed_played":"4265996258412300101","killed_by":"Nemesis","is_trial":false}