{"gold_per_floor":[209,209,29,29,49,49,81,94,94,94,94,121,21,31,31,31],"floor_reached":16,"playtime":647,"items_purged":["Strike_G","Strike_G"],"score":189,"play_id":"e76d11b4-503d-48c4-873f-4eb2558038ec","local_time":"20190809221113","is_ascension_mode":true,"campfire_choices":[{"data":"Deadly Poison","floor":6,"key":"SMITH"},{"floor":10,"key":"REST"},{"floor":15,"key":"REST"}],"neow_cost":"NONE","seed_source_timestamp":355286301446622,"circlet_count":0,"master_deck":["AscendersBane","Strike_G","Strike_G","Defend_G","Defend_G","Defend_G","Defend_G","Defend_G","Survivor","Neutralize+1","Deadly Poison+1","Crippling Poison","Caltrops","Leg Sweep","Dash","Wraith Form v2"],"relics":["Ring of the Snake","Blue Candle","Sundial","Ancient Tea Set"],"potions_floor_usage":[12],"damage_taken":[{"damage":4,"enemies":"Small Slimes","floor":1,"turns":6},{"damage":2,"enemies":"2 Louse","floor":5,"turns":2},{"damage":31,"enemies":"3 Sentries","floor":7,"turns":11},{"damage":2,"enemies":"Jaw Worm","floor":8,"turns":4},{"damage":20,"enemies":"Gremlin Nob","floor":12,"turns":4},{"damage":0,"enemies":"Large Slime","floor":14,"turns":11},{"damage":31,"enemies":"The Guardian","floor":16,"turns":10}],"seed_played":"-1015447340064282314","potions_obtained":[{"floor":1,"key":"SteroidPotion"},{"floor":12,"key":"Weak Potion"}],"is_trial":false,"path_per_floor":["M","?","$","?","M","R","E","M","T","R","?","E","$","M","R","B"],"character_chosen":"THE_SILENT","items_purchased":["Crippling Poison","Caltrops"],"campfire_rested":2,"item_purchase_floors":[3,3],"current_hp_per_floor":[55,48,48,48,46,46,15,13,13,32,32,12,12,12,31,0],"gold":31,"neow_bonus":"HUNDRED_GOLD","is_prod":false,"is_daily":false,"chose_seed":false,"campfire_upgraded":1,"win_rate":0,"timestamp":1565403073,"path_taken":["M","?","$","?","M","R","E","?","T","R","?","E","$","M","R","BOSS"],"build_version":"2019-07-17","purchased_purges":2,"victory":false,"max_hp_per_floor":[66,66,66,66,66,66,66,66,66,66,66,66,66,66,66,66],"card_choices":[{"not_picked":["Predator","Dagger Throw"],"picked":"Deadly Poison","floor":1},{"not_picked":["Predator","Deflect","Masterful Stab"],"picked":"SKIP","floor":5},{"not_picked":["Quick Slash","Phantasmal Killer"],"picked":"Leg Sweep","floor":7},{"not_picked":["Quick Slash","Dagger Spray","Sucker Punch"],"picked":"SKIP","floor":8},{"not_picked":["Bane","Slice"],"picked":"Dash","floor":12},{"not_picked":["Dagger Spray","Blade Dance"],"picked":"Wraith Form v2","floor":14}],"player_experience":770020,"relics_obtained":[{"floor":7,"key":"Blue Candle"},{"floor":9,"key":"Sundial"},{"floor":12,"key":"Ancient Tea Set"}],"event_choices":[{"cards_removed":["Strike_G"],"damage_healed":0,"gold_gain":0,"player_choice":"Card Removal","damage_taken":7,"max_hp_gain":0,"max_hp_loss":0,"event_name":"Golden Wing","floor":2,"gold_loss":0},{"damage_healed":0,"gold_gain":0,"player_choice":"Grow","damage_taken":0,"max_hp_gain":0,"max_hp_loss":0,"event_name":"Living Wall","floor":4,"gold_loss":0,"cards_upgraded":["Neutralize"]},{"damage_healed":0,"gold_gain":0,"player_choice":"0 cards matched","damage_taken":0,"max_hp_gain":0,"max_hp_loss":0,"event_name":"Match and Keep!","floor":11,"gold_loss":0,"cards_obtained":[]}],"is_beta":false,"boss_relics":[],"items_purged_floors":[3,13],"is_endless":false,"potions_floor_spawned":[1,12],"killed_by":"The Guardian","ascension_level":15}