{"gold_per_floor":[112,124,23,38,38,51,85,10,57,68,68,68,96,107,107,211,211,222,83,98,110,129,129,162,162,162,162,162],"floor_reached":28,"playtime":1130,"items_purged":["Strike_R","Strike_R"],"score":340,"play_id":"820bbe50-1a08-408d-a57e-7a572aa7ea42","local_time":"20181118001509","is_ascension_mode":true,"campfire_choices":[{"data":"Inflame","floor":15,"key":"SMITH"},{"data":"Iron Wave","floor":23,"key":"SMITH"},{"data":"Pommel Strike","floor":25,"key":"SMITH"},{"data":"Defend_R","floor":27,"key":"SMITH"}],"neow_cost":"NONE","seed_source_timestamp":341674701984197,"circlet_count":0,"master_deck":["Strike_R","Strike_R","Strike_R","Defend_R+1","Defend_R","Defend_R","Bash+1","Clash","Iron Wave+1","Inflame","Twin Strike","Pummel","Headbutt","Inflame+1","Heavy Blade","Pommel Strike+1","Inflame","Demon Form","Warcry","Combust","Pummel","Iron Wave","Twin Strike+1","Inflame+1"],"relics":["Burning Blood","Gremlin Horn","Art of War","Bag of Marbles","Coffee Dripper","Smiling Mask","Bottled Flame"],"potions_floor_usage":[6,21,21,24,28,28,28],"damage_taken":[{"damage":6,"enemies":"Cultist","floor":1,"turns":3},{"damage":0,"enemies":"Small Slimes","floor":2,"turns":3},{"damage":0,"enemies":"2 Louse","floor":4,"turns":2},{"damage":7,"enemies":"Blue Slaver","floor":6,"turns":3},{"damage":40,"enemies":"3 Sentries","floor":7,"turns":8},{"damage":8,"enemies":"Red Slaver","floor":10,"turns":3},{"damage":10,"enemies":"Gremlin Nob","floor":13,"turns":4},{"damage":11,"enemies":"Exordium Wildlife","floor":14,"turns":3},{"damage":0,"enemies":"Slime Boss","floor":16,"turns":6},{"damage":0,"enemies":"Chosen","floor":18,"turns":4},{"damage":13,"enemies":"Shell Parasite","floor":20,"turns":4},{"damage":38,"enemies":"Centurion and Healer","floor":21,"turns":5},{"damage":8,"enemies":"Cultist and Chosen","floor":22,"turns":4},{"damage":20,"enemies":"Book of Stabbing","floor":24,"turns":3},{"damage":30,"enemies":"Slavers","floor":28,"turns":4}],"seed_played":"390329069475255837","potions_obtained":[{"floor":2,"key":"SteroidPotion"},{"floor":10,"key":"FearPotion"},{"floor":13,"key":"BloodPotion"},{"floor":14,"key":"SkillPotion"},{"floor":21,"key":"GamblersBrew"},{"floor":22,"key":"PowerPotion"},{"floor":24,"key":"SpeedPotion"}],"is_trial":false,"path_per_floor":["M","M","$","M","?","M","E","$","T","M","?","?","E","M","R","B",null,"M","$","M","M","M","R","E","R","T","R","E"],"character_chosen":"IRONCLAD","items_purchased":["Inflame","Twin Strike","Combust"],"campfire_rested":0,"item_purchase_floors":[3,3,19],"current_hp_per_floor":[80,80,80,80,80,79,45,45,45,43,63,63,59,54,54,60,77,77,77,70,45,43,43,29,29,29,29,0],"gold":162,"neow_bonus":"UPGRADE_CARD","is_prod":false,"is_daily":false,"chose_seed":false,"campfire_upgraded":4,"win_rate":0,"timestamp":1542518109,"path_taken":["M","M","$","?","?","?","E","$","T","M","?","?","E","M","R","BOSS","M","$","M","M","M","R","E","R","T","R","E"],"build_version":"2018-11-15","purchased_purges":2,"victory":false,"max_hp_per_floor":[80,80,80,80,80,80,80,80,80,80,80,77,77,77,77,77,77,77,77,77,77,77,77,77,77,77,77,77],"card_choices":[{"not_picked":["Thunderclap","Intimidate"],"picked":"Clash","floor":1},{"not_picked":["Uppercut","Pummel"],"picked":"Iron Wave","floor":2},{"not_picked":["Clothesline","Body Slam"],"picked":"Pummel","floor":4},{"not_picked":["Uppercut","Feel No Pain"],"picked":"Headbutt","floor":6},{"not_picked":["Dual Wield","Juggernaut"],"picked":"Inflame","floor":7},{"not_picked":["Armaments","Pummel"],"picked":"Heavy Blade","floor":10},{"not_picked":["Cleave","Flame Barrier"],"picked":"Pommel Strike","floor":13},{"not_picked":["Body Slam","Double Tap"],"picked":"Inflame","floor":14},{"not_picked":["Bludgeon","Brutality"],"picked":"Demon Form","floor":16},{"not_picked":["Clothesline+1","Havoc"],"picked":"Warcry","floor":18},{"not_picked":["Shrug It Off","Intimidate"],"picked":"Pummel","floor":20},{"not_picked":["Wild Strike","Battle Trance"],"picked":"Iron Wave","floor":21},{"not_picked":["Iron Wave+1","Burning Pact"],"picked":"Twin Strike+1","floor":22},{"not_picked":["Dual Wield","Cleave"],"picked":"Inflame+1","floor":24}],"player_experience":125113,"relics_obtained":[{"floor":7,"key":"Gremlin Horn"},{"floor":9,"key":"Art of War"},{"floor":13,"key":"Bag of Marbles"},{"floor":24,"key":"Smiling Mask"},{"floor":26,"key":"Bottled Flame"}],"event_choices":[{"cards_removed":["Defend_R"],"damage_healed":0,"gold_gain":0,"player_choice":"Purged","damage_taken":0,"max_hp_gain":0,"max_hp_loss":0,"event_name":"Purifier","floor":5,"gold_loss":0},{"damage_healed":20,"gold_gain":0,"player_choice":"Healed and dodged fight","damage_taken":0,"max_hp_gain":0,"max_hp_loss":0,"event_name":"Mushrooms","floor":11,"gold_loss":0,"cards_obtained":["Parasite"]},{"cards_removed":["Parasite"],"damage_healed":0,"gold_gain":0,"player_choice":"Removed Curses","damage_taken":0,"max_hp_gain":0,"max_hp_loss":0,"event_name":"Fountain of Cleansing","floor":12,"gold_loss":0}],"is_beta":false,"boss_relics":[{"not_picked":["Philosopher\u0027s Stone","Lizard Tail"],"picked":"Coffee Dripper"}],"items_purged_floors":[8,19],"is_endless":false,"potions_floor_spawned":[2,10,13,14,21,22,24],"killed_by":"Slavers","ascension_level":1}