{"gold_per_floor":[109,39,39,39,49,79,96,96,96,116,147,147,157,176,176,276,276,295,1,1,12,31,31,62,62],"floor_reached":25,"playtime":807,"items_purged":["Strike_R"],"score":258,"play_id":"5ffdf88a-ae2f-4c59-b593-a24dcb674bb3","local_time":"20181121000153","is_ascension_mode":false,"campfire_choices":[{"data":"Infernal Blade","floor":8,"key":"SMITH"},{"data":"Pommel Strike","floor":15,"key":"SMITH"},{"data":"Brutality","floor":23,"key":"SMITH"}],"neow_cost":"NONE","seed_source_timestamp":600404903770795,"circlet_count":0,"master_deck":["Strike_R","Strike_R","Strike_R","Strike_R","Defend_R","Defend_R","Defend_R","Bash","Infernal Blade+1","Evolve","Regret","Anger","Inflame","Pommel Strike+1","Rupture","Power Through+1","Brutality+1","Wild Strike+1","Offering+1","Bloodletting+1","Feel No Pain","Intimidate+1","Shame","Havoc+1","Blood for Blood+1","Pummel"],"relics":["Burning Blood","NeowsBlessing","The Courier","Mango","Toxic Egg 2","Pocketwatch","Philosopher\u0027s Stone","StoneCalendar","Bag of Preparation"],"potions_floor_usage":[11,13,16,24,25],"damage_taken":[{"damage":0,"enemies":"Small Slimes","floor":1,"turns":1},{"damage":0,"enemies":"Jaw Worm","floor":5,"turns":1},{"damage":0,"enemies":"Lagavulin","floor":6,"turns":1},{"damage":12,"enemies":"Cultist","floor":7,"turns":4},{"damage":20,"enemies":"Exordium Thugs","floor":10,"turns":3},{"damage":40,"enemies":"3 Sentries","floor":11,"turns":6},{"damage":4,"enemies":"Large Slime","floor":13,"turns":3},{"damage":17,"enemies":"2 Fungi Beasts","floor":14,"turns":3},{"damage":43,"enemies":"The Guardian","floor":16,"turns":6},{"damage":0,"enemies":"Chosen","floor":18,"turns":3},{"damage":14,"enemies":"Spheric Guardian","floor":21,"turns":3},{"damage":36,"enemies":"Centurion and Healer","floor":22,"turns":4},{"damage":31,"enemies":"Book of Stabbing","floor":24,"turns":4},{"damage":31,"enemies":"Cultist and Chosen","floor":25,"turns":5}],"seed_played":"-4850467810816663604","potions_obtained":[{"floor":1,"key":"LiquidBronze"},{"floor":7,"key":"Weak Potion"},{"floor":11,"key":"Weak Potion"},{"floor":21,"key":"FearPotion"},{"floor":22,"key":"SpeedPotion"}],"is_trial":false,"path_per_floor":["M","$","?","?","M","E","M","R","T","M","E","?","M","M","R","B",null,"M","$","?","M","M","R","E","M"],"character_chosen":"IRONCLAD","items_purchased":["Evolve","Offering+1","Bloodletting+1","Feel No Pain","Intimidate+1"],"campfire_rested":0,"item_purchase_floors":[2,19,19,19,19],"current_hp_per_floor":[80,80,73,73,79,94,88,88,88,74,40,94,94,83,83,46,94,94,94,94,86,56,56,31,0],"gold":62,"neow_bonus":"THREE_ENEMY_KILL","is_prod":false,"is_daily":false,"chose_seed":false,"campfire_upgraded":3,"win_rate":0,"timestamp":1542776513,"path_taken":["M","$","?","?","M","E","M","R","T","M","E","?","M","?","R","BOSS","M","$","?","M","M","R","E","M"],"build_version":"2018-11-15","purchased_purges":1,"victory":false,"max_hp_per_floor":[80,80,80,80,80,94,94,94,94,94,94,94,94,94,94,94,94,94,94,94,94,94,94,94,94],"card_choices":[{"not_picked":["Cleave","Pommel Strike"],"picked":"Infernal Blade","floor":1},{"not_picked":["Dual Wield","Sword Boomerang"],"picked":"Anger","floor":5},{"not_picked":["Havoc","True Grit"],"picked":"Inflame","floor":6},{"not_picked":["Searing Blow","Havoc"],"picked":"Pommel Strike","floor":7},{"not_picked":["Body Slam","Carnage"],"picked":"Rupture","floor":10},{"not_picked":["Armaments+1","Twin Strike"],"picked":"Disarm+1","floor":11},{"not_picked":["Clothesline","Perfected Strike"],"picked":"Power Through+1","floor":13},{"not_picked":["Entrench+1","Barricade","Heavy Blade"],"picked":"SKIP","floor":14},{"not_picked":["Demon Form","Impervious+1"],"picked":"Brutality","floor":16},{"not_picked":["Reckless Charge+1","Havoc+1"],"picked":"Wild Strike+1","floor":18},{"not_picked":["True Grit+1","Pommel Strike"],"picked":"Havoc+1","floor":21},{"not_picked":["Rage+1","Bludgeon"],"picked":"Blood for Blood+1","floor":22},{"not_picked":["Twin Strike+1","Cleave+1"],"picked":"Pummel","floor":24}],"player_experience":141225,"relics_obtained":[{"floor":6,"key":"Mango"},{"floor":9,"key":"Toxic Egg 2"},{"floor":11,"key":"Pocketwatch"},{"floor":24,"key":"Bag of Preparation"}],"event_choices":[{"cards_removed":["Defend_R"],"damage_healed":0,"gold_gain":0,"player_choice":"Card Removal","damage_taken":7,"max_hp_gain":0,"max_hp_loss":0,"event_name":"Golden Wing","floor":3,"gold_loss":0},{"damage_healed":0,"gold_gain":0,"player_choice":"Box","damage_taken":0,"relics_obtained":["The Courier"],"max_hp_gain":0,"max_hp_loss":0,"event_name":"Big Fish","floor":4,"gold_loss":0,"cards_obtained":["Regret"]},{"cards_removed":["Disarm"],"damage_healed":54,"gold_gain":0,"player_choice":"Offered Uncommon","damage_taken":0,"max_hp_gain":0,"max_hp_loss":0,"event_name":"Bonfire Elementals","floor":12,"gold_loss":0},{"damage_healed":0,"gold_gain":0,"player_choice":"Stole Relic","damage_taken":0,"relics_obtained":["StoneCalendar"],"max_hp_gain":0,"max_hp_loss":0,"event_name":"Addict","floor":20,"gold_loss":0,"cards_obtained":["Shame"]}],"is_beta":false,"boss_relics":[{"not_picked":["Astrolabe","Calling Bell"],"picked":"Philosopher\u0027s Stone"}],"items_purged_floors":[19],"is_endless":false,"potions_floor_spawned":[1,7,11,21,22],"killed_by":"Cultist and Chosen","ascension_level":0}