{"gold_per_floor":[118,134,150,225,225,225,256,256,282,309,321,321,340,14,14,118,118,134,234,18,18,34,34,34,52,104,104,129,129,145,163,163,163],"floor_reached":33,"playtime":1104,"items_purged":["Strike_B"],"score":440,"play_id":"5a68c317-be21-4861-85c6-e0859c63c997","local_time":"20190628184105","is_ascension_mode":true,"campfire_choices":[{"data":"Defragment","floor":6.0,"key":"SMITH"},{"data":"Zap","floor":8.0,"key":"SMITH"},{"floor":15.0,"key":"REST"},{"floor":23,"key":"REST"},{"floor":27,"key":"REST"},{"floor":32,"key":"REST"}],"neow_cost":"NONE","seed_source_timestamp":684604029350568,"circlet_count":0,"master_deck":["AscendersBane","Strike_B","Strike_B","Strike_B","Defend_B","Defend_B","Defend_B","Defend_B","Zap+1","Dualcast","Defragment+1","BootSequence","Ball Lightning","Static Discharge","Go for the Eyes","Ball Lightning","Undo","Loop","Rainbow","Go for the Eyes","Loop","Leap","Doom and Gloom+1","Recycle","Barrage"],"special_seed":0,"relics":["Cracked Core","Art of War","Symbiotic Virus","Smiling Mask","Blue Candle","Gambling Chip","Runic Capacitor","Philosopher\u0027s Stone","Du-Vu Doll","Bottled Flame","Centennial Puzzle","Juzu Bracelet","Blood Vial","Girya"],"potions_floor_usage":[28,33],"damage_taken":[{"damage":4.0,"enemies":"Small Slimes","floor":1.0,"turns":3.0},{"damage":8.0,"enemies":"Jaw Worm","floor":2.0,"turns":4.0},{"damage":10.0,"enemies":"2 Louse","floor":3.0,"turns":3.0},{"damage":14.0,"enemies":"3 Sentries","floor":7.0,"turns":5.0},{"damage":18.0,"enemies":"Gremlin Nob","floor":10.0,"turns":3.0},{"damage":0.0,"enemies":"Looter","floor":11.0,"turns":3.0},{"damage":0.0,"enemies":"Exordium Wildlife","floor":13.0,"turns":2.0},{"damage":1.0,"enemies":"The Guardian","floor":16.0,"turns":7.0},{"damage":11.0,"enemies":"Shell Parasite","floor":18.0,"turns":4.0},{"damage":16.0,"enemies":"Colosseum Slavers","floor":19.0,"turns":3.0},{"damage":36.0,"enemies":"Colosseum Nobs","floor":19.0,"turns":4.0},{"damage":4,"enemies":"Chosen","floor":22,"turns":4},{"damage":15,"enemies":"Centurion and Healer","floor":25,"turns":4},{"damage":8,"enemies":"Book of Stabbing","floor":28,"turns":4},{"damage":2,"enemies":"Cultist and Chosen","floor":30,"turns":4},{"damage":0,"enemies":"Snecko","floor":31,"turns":4},{"damage":56,"enemies":"Collector","floor":33,"turns":6}],"seed_played":"-889212570717246411","potions_obtained":[{"floor":1.0,"key":"EssenceOfSteel"},{"floor":3.0,"key":"Swift Potion"},{"floor":11.0,"key":"Fire Potion"},{"floor":13.0,"key":"Energy Potion"},{"floor":19.0,"key":"Dexterity Potion"},{"floor":28,"key":"FearPotion"},{"floor":30,"key":"Block Potion"}],"is_trial":false,"path_per_floor":["M","M","M","?","?","R","E","R","T","E","M","T","M","$","R","B",null,"M","?","$","?","M","R","?","M","T","R","E","T","M","M","R","B"],"character_chosen":"DEFECT","items_purchased":["Runic Capacitor","Loop","Loop","Centennial Puzzle"],"campfire_rested":4,"item_purchase_floors":[14,14,20,20],"current_hp_per_floor":[71,63,53,42,35,35,21,21,21,3,3,3,3,3,27,26,68,57,5,5,5,1,25,25,10,10,34,26,26,26,28,52,0],"gold":163,"neow_bonus":"TEN_PERCENT_HP_BONUS","is_prod":false,"is_daily":false,"chose_seed":false,"campfire_upgraded":2,"win_rate":0,"timestamp":1561765265,"path_taken":["M","M","M","?","?","R","E","R","T","E","M","?","?","$","R","BOSS","M","?","$","?","M","R","?","M","T","R","E","?","M","M","R","BOSS"],"build_version":"2019-01-23","purchased_purges":1,"victory":false,"max_hp_per_floor":[82,82,82,82,82,82,82,82,82,82,82,82,82,82,82,82,82,82,82,82,82,82,82,82,82,82,82,82,82,82,82,82,82],"card_choices":[{"not_picked":["Static Discharge","Turbo"],"picked":"Defragment","floor":1.0},{"not_picked":["Hologram","Auto Shields"],"picked":"BootSequence","floor":2.0},{"not_picked":["Storm","Turbo"],"picked":"Ball Lightning","floor":3.0},{"not_picked":["Rebound","Turbo"],"picked":"Static Discharge","floor":7.0},{"not_picked":["Auto Shields","Static Discharge"],"picked":"Go for the Eyes","floor":10.0},{"not_picked":["White Noise","Aggregate"],"picked":"Ball Lightning","floor":11.0},{"not_picked":["Hello World","Steam"],"picked":"Undo","floor":13.0},{"not_picked":["Hyperbeam","Amplify"],"picked":"Rainbow","floor":16.0},{"not_picked":["Ball Lightning","Reprogram"],"picked":"Go for the Eyes","floor":18.0},{"not_picked":["Rebound","Streamline"],"picked":"Leap","floor":22},{"not_picked":["Amplify","Skim"],"picked":"Doom and Gloom+1","floor":25},{"not_picked":["Force Field","Ball Lightning"],"picked":"Recycle","floor":28},{"not_picked":["Sunder","Ball Lightning"],"picked":"Barrage","floor":30},{"not_picked":["Sweeping Beam","Sunder","Auto Shields"],"picked":"SKIP","floor":31}],"player_experience":302904,"relics_obtained":[{"floor":7.0,"key":"Symbiotic Virus"},{"floor":9.0,"key":"Smiling Mask"},{"floor":10.0,"key":"Blue Candle"},{"floor":12.0,"key":"Gambling Chip"},{"floor":19.0,"key":"Du-Vu Doll"},{"floor":19.0,"key":"Bottled Flame"},{"floor":26,"key":"Juzu Bracelet"},{"floor":28,"key":"Blood Vial"},{"floor":29,"key":"Girya"}],"event_choices":[{"damage_healed":0.0,"max_hp_gain":0.0,"max_hp_loss":0.0,"gold_gain":75.0,"event_name":"World of Goop","player_choice":"Gather Gold","floor":4.0,"gold_loss":0.0,"damage_taken":11.0},{"damage_healed":0.0,"max_hp_gain":0.0,"max_hp_loss":0.0,"gold_gain":0.0,"event_name":"Scrap Ooze","player_choice":"Success","floor":5.0,"gold_loss":0.0,"damage_taken":7.0,"relics_obtained":["Art of War"]},{"damage_healed":0.0,"max_hp_gain":0.0,"max_hp_loss":0.0,"gold_gain":0.0,"event_name":"Colosseum","player_choice":"Fight","floor":19.0,"gold_loss":0.0,"damage_taken":0.0},{"damage_healed":0.0,"max_hp_gain":0.0,"max_hp_loss":0.0,"gold_gain":0.0,"event_name":"Colosseum","player_choice":"Fought Nobs","floor":19.0,"gold_loss":0.0,"damage_taken":0.0},{"damage_healed":0,"gold_gain":0,"player_choice":"Ignored","damage_taken":0,"max_hp_gain":0,"max_hp_loss":0,"event_name":"Cursed Tome","floor":21,"gold_loss":0},{"damage_healed":0,"gold_gain":0,"player_choice":"Ignored","damage_taken":0,"max_hp_gain":0,"max_hp_loss":0,"event_name":"Beggar","floor":24,"gold_loss":0}],"is_beta":false,"boss_relics":[{"not_picked":["Eternal Feather","Fusion Hammer"],"picked":"Philosopher\u0027s Stone"}],"items_purged_floors":[14],"is_endless":false,"potions_floor_spawned":[1,3,11,13,19,22,28,30,31],"killed_by":"Collector","ascension_level":12}