{"gold_per_floor":[117,135,150,150,161,161,195,215,288,298,318,318,347,31,31,109,109,127,139,20,36,36],"floor_reached":22,"playtime":1166,"items_purged":["Strike_G"],"score":500,"play_id":"bc89315a-3bc2-4a64-83da-546b995e6572","local_time":"20190818081012","is_ascension_mode":true,"campfire_choices":[{"floor":6.0,"key":"REST"},{"floor":12.0,"key":"REST"},{"floor":15.0,"key":"REST"}],"neow_cost":"NONE","seed_source_timestamp":106693573958900,"circlet_count":0,"master_deck":["AscendersBane","Strike_G","Strike_G","Strike_G","Strike_G","Defend_G","Defend_G","Defend_G","Defend_G","Defend_G","Survivor","Neutralize+1","Venomology+1","Calculated Gamble","Deadly Poison","Noxious Fumes","PiercingWail","Flechettes","Backflip","Wraith Form v2","Sadistic Nature","Bullet Time","Predator+1","Flechettes+1"],"special_seed":0,"relics":["Ring of the Snake","Bird Faced Urn","Molten Egg 2","Prayer Wheel","Membership Card","Velvet Choker","PreservedInsect"],"potions_floor_usage":[21,21,21,22],"damage_taken":[{"damage":7.0,"enemies":"Jaw Worm","floor":1.0,"turns":5.0},{"damage":7.0,"enemies":"Small Slimes","floor":2.0,"turns":6.0},{"damage":0.0,"enemies":"2 Louse","floor":3.0,"turns":2.0},{"damage":0.0,"enemies":"2 Fungi Beasts","floor":5.0,"turns":3.0},{"damage":26.0,"enemies":"3 Sentries","floor":7.0,"turns":9.0},{"damage":7.0,"enemies":"Exordium Wildlife","floor":8.0,"turns":4.0},{"damage":0.0,"enemies":"Looter","floor":10.0,"turns":3.0},{"damage":0.0,"enemies":"3 Louse","floor":11.0,"turns":3.0},{"damage":12.0,"enemies":"Lagavulin","floor":13.0,"turns":6.0},{"damage":0.0,"enemies":"The Guardian","floor":16.0,"turns":10.0},{"damage":16.0,"enemies":"Chosen","floor":18.0,"turns":6.0},{"damage":22.0,"enemies":"Spheric Guardian","floor":19.0,"turns":5.0},{"damage":10,"enemies":"Centurion and Healer","floor":21,"turns":4},{"damage":18,"enemies":"Snake Plant","floor":22,"turns":4}],"seed_played":"-5633928386810547071","potions_obtained":[{"floor":8.0,"key":"Fire Potion"},{"floor":16.0,"key":"Energy Potion"},{"floor":19.0,"key":"LiquidBronze"}],"is_trial":false,"path_per_floor":["M","M","M","?","M","R","E","M","T","M","M","R","E","$","R","B",null,"M","M","$","M","M"],"character_chosen":"THE_SILENT","items_purchased":["Membership Card","Sadistic Nature","PreservedInsect"],"campfire_rested":3,"item_purchase_floors":[14,14,20],"current_hp_per_floor":[52,45,45,25,25,44,18,13,13,13,13,32,22,22,41,47,61,49,31,31,27,11],"gold":36,"neow_bonus":"ONE_RANDOM_RARE_CARD","is_prod":false,"is_daily":false,"chose_seed":false,"campfire_upgraded":0,"win_rate":0,"timestamp":1566108612,"path_taken":["M","M","M","?","M","R","E","M","T","M","M","R","E","$","R","BOSS","M","M","$","M","M"],"build_version":"2019-07-17","purchased_purges":1,"victory":false,"max_hp_per_floor":[66,66,66,66,66,66,66,66,66,66,66,66,66,66,66,66,66,66,66,66,66,66],"card_choices":[{"not_picked":["Dagger Throw","Flying Knee"],"picked":"Calculated Gamble","floor":1.0},{"not_picked":["Quick Slash","Caltrops"],"picked":"Deadly Poison","floor":2.0},{"not_picked":["Poisoned Stab","Prepared"],"picked":"Noxious Fumes","floor":3.0},{"not_picked":["Choke","Outmaneuver","Endless Agony"],"picked":"SKIP","floor":5.0},{"not_picked":["Expertise","Sucker Punch"],"picked":"PiercingWail","floor":7.0},{"not_picked":["Poisoned Stab","Skewer"],"picked":"Flechettes","floor":8.0},{"not_picked":["Infinite Blades","Venomology"],"picked":"Backflip","floor":10.0},{"not_picked":["Underhanded Strike+1","Backflip","Deflect"],"picked":"SKIP","floor":11.0},{"not_picked":["Quick Slash+1","Skewer+1"],"picked":"Wraith Form v2","floor":13.0},{"not_picked":["Unload+1","Phantasmal Killer"],"picked":"Bullet Time","floor":16.0},{"not_picked":["Setup","Dodge and Roll"],"picked":"Predator+1","floor":18.0},{"not_picked":["Quick Slash+1","Sucker Punch+1"],"picked":"Flechettes+1","floor":18.0},{"not_picked":["Concentrate","Heel Hook+1","Cloak And Dagger"],"picked":"SKIP","floor":19.0},{"not_picked":["Dagger Spray+1","Bane+1","Reflex"],"picked":"SKIP","floor":19.0},{"not_picked":["Dagger Spray+1","Underhanded Strike+1","Poisoned Stab+1"],"picked":"SKIP","floor":21},{"not_picked":["Poisoned Stab+1","Outmaneuver","Reflex"],"picked":"SKIP","floor":21}],"player_experience":1112483,"relics_obtained":[{"floor":7.0,"key":"Bird Faced Urn"},{"floor":9.0,"key":"Molten Egg 2"},{"floor":13.0,"key":"Prayer Wheel"}],"event_choices":[{"damage_healed":0.0,"max_hp_gain":0.0,"max_hp_loss":0.0,"gold_gain":0.0,"event_name":"Shining Light","player_choice":"Entered Light","floor":4.0,"gold_loss":0.0,"damage_taken":20.0,"cards_upgraded":["Venomology","Neutralize"]}],"is_beta":false,"boss_relics":[{"not_picked":["Philosopher\u0027s Stone","Fusion Hammer"],"picked":"Velvet Choker"}],"items_purged_floors":[20],"is_endless":false,"potions_floor_spawned":[8,11,13,16,19],"killed_by":"Snake Plant","ascension_level":20}