{"gold_per_floor":[117,129,40,40,40,40,105,105,105,123,148,179,24,63,63,152,152,168,168,181,52,70,70],"floor_reached":23,"playtime":1028,"items_purged":["Injury"],"score":468,"play_id":"88fb367a-a6f1-4449-a448-6a45562c7bfb","local_time":"20190815084218","is_ascension_mode":true,"campfire_choices":[{"data":"Noxious Fumes","floor":6.0,"key":"SMITH"},{"data":"All Out Attack","floor":8.0,"key":"SMITH"},{"data":"A Thousand Cuts","floor":15.0,"key":"SMITH"}],"neow_cost":"NONE","seed_source_timestamp":0,"circlet_count":0,"master_deck":["AscendersBane","Strike_G","Strike_G","Strike_G","Strike_G","Strike_G","Defend_G","Defend_G","Defend_G","Defend_G","Defend_G","Survivor","Neutralize","Leg Sweep","Dash","Noxious Fumes+1","All Out Attack+1","Bouncing Flask","Crippling Poison","Night Terror","A Thousand Cuts+1","Malaise","Backflip","Noxious Fumes","Deadly Poison"],"special_seed":0,"relics":["Ring of the Snake","NeowsBlessing","Golden Idol","Meat on the Bone","Tiny Chest","Bottled Lightning","Paper Crane","Singing Bowl","Cursed Key"],"potions_floor_usage":[23],"damage_taken":[{"damage":0.0,"enemies":"2 Louse","floor":1.0,"turns":1.0},{"damage":0.0,"enemies":"Small Slimes","floor":2.0,"turns":1.0},{"damage":0.0,"enemies":"Gremlin Nob","floor":7.0,"turns":1.0},{"damage":0.0,"enemies":"Jaw Worm","floor":10.0,"turns":4.0},{"damage":3.0,"enemies":"Looter","floor":11.0,"turns":4.0},{"damage":11.0,"enemies":"3 Sentries","floor":12.0,"turns":7.0},{"damage":7.0,"enemies":"Lagavulin","floor":14.0,"turns":7.0},{"damage":35.0,"enemies":"Slime Boss","floor":16.0,"turns":9.0},{"damage":8.0,"enemies":"Spheric Guardian","floor":18.0,"turns":7.0},{"damage":2.0,"enemies":"Shell Parasite","floor":20.0,"turns":8.0},{"damage":27,"enemies":"Chosen and Byrds","floor":22,"turns":5},{"damage":36,"enemies":"Book of Stabbing","floor":23,"turns":6}],"seed_played":"-5364937019487115535","potions_obtained":[{"floor":1.0,"key":"Explosive Potion"},{"floor":7.0,"key":"Dexterity Potion"},{"floor":12.0,"key":"FearPotion"},{"floor":22,"key":"Strength Potion"}],"is_trial":false,"path_per_floor":["M","M","$","?","?","R","E","R","T","M","M","E","$","E","R","B",null,"M","?","M","$","M","E"],"character_chosen":"THE_SILENT","items_purchased":["Noxious Fumes","A Thousand Cuts","Deadly Poison"],"campfire_rested":0,"item_purchase_floors":[3,13,21],"current_hp_per_floor":[59,59,59,59,48,48,48,48,48,48,45,34,34,41,41,18,56,48,48,46,46,33,0],"gold":70,"neow_bonus":"THREE_ENEMY_KILL","is_prod":false,"is_daily":false,"chose_seed":false,"campfire_upgraded":3,"win_rate":0,"timestamp":1565851338,"path_taken":["M","M","$","?","?","R","E","R","T","M","M","E","$","E","R","BOSS","M","?","M","$","M","E"],"build_version":"2019-07-17","purchased_purges":1,"victory":false,"max_hp_per_floor":[66,66,66,66,66,66,66,66,66,66,66,66,66,68,68,68,68,68,68,68,68,70,70],"card_choices":[{"not_picked":["Cloak And Dagger","Slice"],"picked":"Leg Sweep","floor":1.0},{"not_picked":["Prepared","Flying Knee"],"picked":"Dash","floor":2.0},{"not_picked":["Dagger Throw","Backflip"],"picked":"All Out Attack","floor":7.0},{"not_picked":["Dagger Throw","PiercingWail"],"picked":"Bouncing Flask","floor":10.0},{"not_picked":["Quick Slash","Finisher"],"picked":"Crippling Poison","floor":11.0},{"not_picked":["Flying Knee","Backflip"],"picked":"Night Terror","floor":12.0},{"not_picked":["Poisoned Stab","Cloak And Dagger","Endless Agony"],"picked":"Singing Bowl","floor":14.0},{"not_picked":["Die Die Die","Venomology"],"picked":"Malaise","floor":16.0},{"not_picked":["Reflex","Sucker Punch"],"picked":"Backflip","floor":18.0},{"not_picked":["All Out Attack","Terror"],"picked":"Noxious Fumes","floor":20.0},{"not_picked":["Poisoned Stab","Outmaneuver","Slice"],"picked":"Singing Bowl","floor":22}],"player_experience":1005281,"relics_obtained":[{"floor":7.0,"key":"Tiny Chest"},{"floor":9.0,"key":"Bottled Lightning"},{"floor":12.0,"key":"Paper Crane"},{"floor":14.0,"key":"Singing Bowl"}],"event_choices":[{"damage_healed":0.0,"max_hp_gain":0.0,"max_hp_loss":0.0,"gold_gain":0.0,"event_name":"Golden Idol","player_choice":"Take Wound","floor":4.0,"gold_loss":0.0,"damage_taken":0.0,"relics_obtained":["Golden Idol"],"cards_obtained":["Injury"]},{"damage_healed":0.0,"max_hp_gain":0.0,"max_hp_loss":0.0,"gold_gain":0.0,"event_name":"Scrap Ooze","player_choice":"Success","floor":5.0,"gold_loss":0.0,"damage_taken":11.0,"relics_obtained":["Meat on the Bone"]},{"damage_healed":0.0,"max_hp_gain":0.0,"max_hp_loss":0.0,"gold_gain":0.0,"event_name":"Cursed Tome","player_choice":"Ignored","floor":19.0,"gold_loss":0.0,"damage_taken":0.0}],"is_beta":false,"boss_relics":[{"not_picked":["White Beast Statue","Calling Bell"],"picked":"Cursed Key"}],"items_purged_floors":[21],"is_endless":false,"potions_floor_spawned":[1,7,12,14,22],"killed_by":"Book of Stabbing","ascension_level":20}