{"gold_per_floor":[110,122,122,140,206,206,217,217,243,263,295,309,341,356,356,430,430,443,493,139,151,109,109],"floor_reached":23,"playtime":1020,"items_purged":["Strike_B"],"score":426,"play_id":"1d286ec9-3b54-4c9e-996b-e1183f3d6801","local_time":"20190723174801","is_ascension_mode":true,"campfire_choices":[{"data":"Hyperbeam","floor":6,"key":"SMITH"},{"data":"Glacier","floor":8,"key":"SMITH"},{"floor":15,"key":"REST"}],"neow_cost":"TEN_PERCENT_HP_LOSS","seed_source_timestamp":1189312386167116,"circlet_count":0,"master_deck":["AscendersBane","Strike_B","Strike_B","Strike_B","Defend_B","Defend_B","Defend_B","Defend_B","Zap","Dualcast","Hyperbeam+1","Leap","Glacier+1","Core Surge","Go for the Eyes","Consume","Conserve Battery","Reinforced Body","Fission+1","Genetic Algorithm","Skim","Purity"],"relics":["FrozenCore","SsserpentHead","Lantern","Dream Catcher","DataDisk","Question Card"],"potions_floor_usage":[11,12],"damage_taken":[{"damage":0,"enemies":"Cultist","floor":1,"turns":3},{"damage":7,"enemies":"Jaw Worm","floor":2,"turns":3},{"damage":0,"enemies":"2 Louse","floor":4,"turns":3},{"damage":5,"enemies":"Gremlin Gang","floor":5,"turns":3},{"damage":0,"enemies":"Large Slime","floor":7,"turns":3},{"damage":10,"enemies":"Exordium Wildlife","floor":10,"turns":3},{"damage":26,"enemies":"Gremlin Nob","floor":11,"turns":5},{"damage":12,"enemies":"3 Louse","floor":12,"turns":5},{"damage":0,"enemies":"3 Sentries","floor":13,"turns":2},{"damage":0,"enemies":"Blue Slaver","floor":14,"turns":2},{"damage":23,"enemies":"The Guardian","floor":16,"turns":18},{"damage":15,"enemies":"2 Thieves","floor":18,"turns":4},{"damage":17,"enemies":"Spheric Guardian","floor":21,"turns":8},{"damage":34,"enemies":"Slavers","floor":23,"turns":3}],"seed_played":"2038131097153444587","potions_obtained":[{"floor":2,"key":"Regen Potion"},{"floor":7,"key":"Swift Potion"},{"floor":11,"key":"Regen Potion"},{"floor":12,"key":"Strength Potion"},{"floor":18,"key":"LiquidBronze"}],"is_trial":false,"path_per_floor":["M","M","?","M","M","R","M","R","T","M","E","M","E","M","R","B",null,"M","?","$","M","$","E"],"character_chosen":"DEFECT","items_purchased":["Question Card","Purity"],"campfire_rested":1,"item_purchase_floors":[20,22],"current_hp_per_floor":[64,57,57,57,52,52,52,52,52,42,16,18,18,18,37,14,52,37,37,37,20,20,0],"gold":109,"neow_bonus":"THREE_RARE_CARDS","is_prod":false,"is_daily":false,"chose_seed":false,"campfire_upgraded":2,"win_rate":0,"timestamp":1563922081,"path_taken":["M","M","?","M","?","R","M","R","T","M","E","M","E","M","R","BOSS","M","?","$","M","?","E"],"build_version":"2019-07-17","purchased_purges":1,"victory":false,"max_hp_per_floor":[64,64,64,64,64,64,64,64,64,64,64,64,64,64,64,64,64,64,64,64,64,64,64],"card_choices":[{"not_picked":["Seek","Echo Form"],"picked":"Hyperbeam","floor":0},{"not_picked":["Streamline","Gash"],"picked":"Leap","floor":1},{"not_picked":["Coolheaded","Lockon"],"picked":"Glacier","floor":2},{"not_picked":["BootSequence","Recycle"],"picked":"Core Surge","floor":4},{"not_picked":["Streamline","Coolheaded"],"picked":"Go for the Eyes","floor":5},{"not_picked":["Cold Snap","Leap","White Noise"],"picked":"SKIP","floor":7},{"not_picked":["Beam Cell","Force Field","Streamline"],"picked":"SKIP","floor":10},{"not_picked":["Barrage","Go for the Eyes"],"picked":"Consume","floor":11},{"not_picked":["Compile Driver","Static Discharge","Consume"],"picked":"SKIP","floor":12},{"not_picked":["Gash","Coolheaded","Steam Power"],"picked":"SKIP","floor":13},{"not_picked":["Redo","Streamline"],"picked":"Conserve Battery","floor":14},{"not_picked":["Cold Snap","Gash"],"picked":"Reinforced Body","floor":15},{"not_picked":["Thunder Strike","All For One"],"picked":"Fission","floor":16},{"not_picked":["Rebound","Gash+1"],"picked":"Genetic Algorithm","floor":18},{"not_picked":["Steam Power","Compile Driver","BootSequence"],"picked":"Skim","floor":21}],"player_experience":395417,"relics_obtained":[{"floor":9,"key":"Lantern"},{"floor":11,"key":"Dream Catcher"},{"floor":13,"key":"DataDisk"}],"event_choices":[{"damage_healed":0,"gold_gain":0,"player_choice":"Trade","damage_taken":0,"relics_obtained":["SsserpentHead"],"max_hp_gain":0,"max_hp_loss":0,"event_name":"FaceTrader","floor":3,"gold_loss":0},{"damage_healed":0,"gold_gain":0,"player_choice":"Upgraded","damage_taken":0,"max_hp_gain":0,"max_hp_loss":0,"event_name":"Upgrade Shrine","floor":19,"gold_loss":0,"cards_upgraded":["Fission"]}],"is_beta":false,"boss_relics":[{"not_picked":["Empty Cage","Fusion Hammer"],"picked":"FrozenCore"}],"items_purged_floors":[20],"is_endless":false,"potions_floor_spawned":[2,7,11,12,14,18],"killed_by":"Slavers","ascension_level":17}