{"gold_per_floor":[110,35,35,54,67,67,92,92,116,139,163,187,229,255,267,384,396,421,433,89,89,105,133,133,163,163,178,178,188,198,209,209,313,313,327,347,394,104,116,116,130,130,130,148,483,483,495,515,515,515],"floor_reached":50,"playtime":3586,"items_purged":["Defend_R","Defend_R"],"score":658,"play_id":"2fe1000d-9b96-4285-84df-e1ced60cbb6c","local_time":"20190730125929","is_ascension_mode":true,"campfire_choices":[{"data":"Bash","floor":6,"key":"SMITH"},{"data":"Ghostly Armor","floor":8,"key":"SMITH"},{"data":"Body Slam","floor":15,"key":"SMITH"},{"data":"Disarm","floor":24,"key":"SMITH"},{"data":"Battle Trance","floor":28,"key":"SMITH"},{"data":"Bludgeon","floor":32,"key":"SMITH"},{"data":"Limit Break","floor":40,"key":"SMITH"},{"data":"Flame Barrier","floor":42,"key":"SMITH"},{"floor":49,"key":"REST"}],"neow_cost":"NONE","seed_source_timestamp":305880173686527,"circlet_count":0,"master_deck":["Strike_R","Strike_R","Strike_R","Strike_R","Bash+1","Perfected Strike","Shrug It Off","Perfected Strike","Ghostly Armor+1","Metallicize","Body Slam+1","Battle Trance+1","Spot Weakness","Reaper","Disarm+1","Perfected Strike+1","Heavy Blade+1","Shrug It Off","Bludgeon+1","Inflame+1","Limit Break+1","Flame Barrier","Perfected Strike","Flame Barrier+1","Pommel Strike","Seeing Red+1","Carnage+1","Armaments+1","Warcry+1"],"relics":["Burning Blood","NeowsBlessing","Strawberry","MawBank","Blood Vial","Snecko Eye","Pear","Turnip","Anchor","Meat on the Bone","Empty Cage","Ice Cream","HandDrill","Toxic Egg 2","Old Coin"],"potions_floor_usage":[11,16,16,22,23,47,50],"damage_taken":[{"damage":0,"enemies":"Cultist","floor":1,"turns":1},{"damage":0,"enemies":"Small Slimes","floor":4,"turns":1},{"damage":0,"enemies":"Jaw Worm","floor":5,"turns":1},{"damage":6,"enemies":"Gremlin Nob","floor":7,"turns":3},{"damage":5,"enemies":"Large Slime","floor":10,"turns":5},{"damage":10,"enemies":"Lots of Slimes","floor":11,"turns":6},{"damage":32,"enemies":"Gremlin Gang","floor":12,"turns":7},{"damage":38,"enemies":"Lagavulin","floor":13,"turns":6},{"damage":1,"enemies":"Red Slaver","floor":14,"turns":4},{"damage":45,"enemies":"The Guardian","floor":16,"turns":13},{"damage":28,"enemies":"2 Thieves","floor":18,"turns":3},{"damage":0,"enemies":"3 Byrds","floor":22,"turns":3},{"damage":65,"enemies":"Gremlin Leader","floor":23,"turns":4},{"damage":20,"enemies":"Book of Stabbing","floor":25,"turns":6},{"damage":5,"enemies":"Snake Plant","floor":27,"turns":2},{"damage":18,"enemies":"Snecko","floor":29,"turns":3},{"damage":11,"enemies":"Cultist and Chosen","floor":30,"turns":6},{"damage":2,"enemies":"Snake Plant","floor":31,"turns":4},{"damage":58,"enemies":"Collector","floor":33,"turns":5},{"damage":0,"enemies":"Orb Walker","floor":35,"turns":2},{"damage":14,"enemies":"3 Shapes","floor":36,"turns":5},{"damage":8,"enemies":"2 Orb Walkers","floor":37,"turns":3},{"damage":50,"enemies":"3 Darklings","floor":39,"turns":6},{"damage":8,"enemies":"Maw","floor":41,"turns":7},{"damage":16,"enemies":"4 Shapes","floor":44,"turns":3},{"damage":62,"enemies":"Reptomancer","floor":45,"turns":5},{"damage":9,"enemies":"Sphere and 2 Shapes","floor":47,"turns":4},{"damage":8,"enemies":"Writhing Mass","floor":48,"turns":3},{"damage":122,"enemies":"Time Eater","floor":50,"turns":10}],"seed_played":"8622259013021933642","potions_obtained":[{"floor":4,"key":"Dexterity Potion"},{"floor":5,"key":"SkillPotion"},{"floor":11,"key":"Regen Potion"},{"floor":12,"key":"EssenceOfSteel"},{"floor":18,"key":"LiquidBronze"},{"floor":21,"key":"BloodPotion"},{"floor":27,"key":"PowerPotion"},{"floor":29,"key":"FairyPotion"},{"floor":36,"key":"EntropicBrew"},{"floor":47,"key":"BloodPotion"}],"is_trial":false,"path_per_floor":["M","$","?","M","M","R","E","R","T","M","M","M","E","M","R","B",null,"M","?","$","?","M","E","R","E","T","M","R","M","M","M","R","B",null,"M","M","?","$","M","R","M","R","T","M","E","$","M","M","R","B"],"character_chosen":"IRONCLAD","items_purchased":["Pear","Perfected Strike","HandDrill","Flame Barrier"],"campfire_rested":1,"item_purchase_floors":[20,38,38,38],"current_hp_per_floor":[80,80,80,80,80,80,87,87,87,87,83,57,25,32,32,10,87,65,65,75,75,92,71,71,59,59,62,62,64,68,74,74,50,97,97,97,95,95,65,65,65,65,65,57,19,19,44,56,85,0],"gold":515,"neow_bonus":"THREE_ENEMY_KILL","is_prod":false,"is_daily":false,"chose_seed":false,"campfire_upgraded":8,"win_rate":0,"timestamp":1564516769,"path_taken":["M","$","?","M","?","R","E","R","T","M","M","M","E","?","R","BOSS","M","?","$","?","M","E","R","E","T","M","R","M","M","M","R","BOSS","M","?","?","$","M","R","M","R","T","M","E","$","M","M","R","BOSS"],"build_version":"2019-07-17","purchased_purges":2,"victory":false,"max_hp_per_floor":[80,80,80,80,80,80,87,87,87,87,87,87,87,87,87,87,87,87,87,97,97,97,97,97,97,97,97,97,97,97,97,97,97,97,97,97,97,97,97,97,97,97,97,97,97,97,97,97,97,97],"card_choices":[{"not_picked":["Warcry","Carnage"],"picked":"Perfected Strike","floor":1},{"not_picked":["Infernal Blade","Warcry"],"picked":"Shrug It Off","floor":4},{"not_picked":["Thunderclap","Sword Boomerang"],"picked":"Perfected Strike","floor":5},{"not_picked":["Berserk","Cleave"],"picked":"Ghostly Armor","floor":7},{"not_picked":["Power Through","Armaments"],"picked":"Metallicize","floor":10},{"not_picked":["Anger","Perfected Strike"],"picked":"Body Slam","floor":11},{"not_picked":["Carnage","Sword Boomerang"],"picked":"Battle Trance","floor":12},{"not_picked":["Bloodletting","Body Slam","Havoc"],"picked":"SKIP","floor":13},{"not_picked":["Thunderclap","Armaments"],"picked":"Spot Weakness","floor":14},{"not_picked":["Feed","Exhume"],"picked":"Reaper","floor":16},{"not_picked":["Rupture+1","Bloodletting"],"picked":"Disarm","floor":18},{"not_picked":["Rupture","Iron Wave"],"picked":"Perfected Strike+1","floor":22},{"not_picked":["Clash","Blood for Blood"],"picked":"Heavy Blade+1","floor":23},{"not_picked":["Armaments","Havoc","Clash"],"picked":"SKIP","floor":25},{"not_picked":["Infernal Blade","Perfected Strike"],"picked":"Shrug It Off","floor":27},{"not_picked":["Pommel Strike+1","Thunderclap"],"picked":"Bludgeon","floor":29},{"not_picked":["Intimidate","Thunderclap","Clash"],"picked":"SKIP","floor":30},{"not_picked":["Sentinel","Body Slam"],"picked":"Inflame+1","floor":31},{"not_picked":["Immolate","Brutality"],"picked":"Limit Break","floor":33},{"not_picked":["Heavy Blade","Anger","Body Slam+1"],"picked":"SKIP","floor":35},{"not_picked":["Wild Strike+1","Anger","Battle Trance+1"],"picked":"SKIP","floor":36},{"not_picked":["Fire Breathing","Combust+1"],"picked":"Flame Barrier","floor":37},{"not_picked":["Sword Boomerang+1","Heavy Blade+1"],"picked":"Pommel Strike","floor":39},{"not_picked":["Havoc+1","Burning Pact"],"picked":"Seeing Red+1","floor":41},{"not_picked":["Cleave+1","Disarm+1"],"picked":"Carnage+1","floor":44},{"not_picked":["Perfected Strike","Headbutt"],"picked":"Armaments+1","floor":45},{"not_picked":["Twin Strike+1","Sever Soul+1","Battle Trance+1"],"picked":"SKIP","floor":47},{"not_picked":["Clash+1","Clothesline"],"picked":"Warcry+1","floor":48}],"player_experience":271100,"relics_obtained":[{"floor":7,"key":"Strawberry"},{"floor":9,"key":"MawBank"},{"floor":13,"key":"Blood Vial"},{"floor":23,"key":"Turnip"},{"floor":25,"key":"Anchor"},{"floor":26,"key":"Meat on the Bone"},{"floor":37,"key":"Ice Cream"},{"floor":43,"key":"Toxic Egg 2"},{"floor":45,"key":"Old Coin"}],"event_choices":[{"cards_removed":["Defend_R"],"damage_healed":0,"gold_gain":0,"player_choice":"Purged","damage_taken":0,"max_hp_gain":0,"max_hp_loss":0,"event_name":"Purifier","floor":3,"gold_loss":0},{"damage_healed":0,"gold_gain":0,"player_choice":"Ignored","damage_taken":0,"max_hp_gain":0,"max_hp_loss":0,"event_name":"Ghosts","floor":19,"gold_loss":0},{"damage_healed":0,"gold_gain":0,"player_choice":"Got Potions","damage_taken":0,"max_hp_gain":0,"max_hp_loss":0,"event_name":"Lab","floor":21,"gold_loss":0},{"damage_healed":0,"gold_gain":0,"player_choice":"Fight","damage_taken":0,"max_hp_gain":0,"max_hp_loss":0,"event_name":"Mysterious Sphere","floor":37,"gold_loss":0}],"is_beta":false,"boss_relics":[{"not_picked":["Lizard Tail","White Beast Statue"],"picked":"Snecko Eye"},{"not_picked":["Eternal Feather","Pandora\u0027s Box"],"picked":"Empty Cage"}],"items_purged_floors":[2,20],"is_endless":false,"potions_floor_spawned":[4,5,11,12,18,27,29,31,36,41,45,47],"killed_by":"Time Eater","ascension_level":2}