{"gold_per_floor":[112,129,139,139,139,172,172,208,208,243,243,418,418,438,438,558,558,573,592,626,650,4,48,73,108,133,151,151,151,151,190,190,310,310,323,545,59,59,75,75,113,113,167,167,185,221,236,279,279,279,279,279,24,60,60],"floor_reached":55,"playtime":12374,"items_purged":[],"score":1546,"play_id":"d6971999-7207-4a4e-8eca-5c5e6a15f8a5","local_time":"20190722012811","is_ascension_mode":true,"campfire_choices":[{"floor":7.0,"key":"REST"},{"floor":11.0,"key":"REST"},{"data":"Doubt","floor":15.0,"key":"PURGE"},{"data":"Hyperbeam","floor":28.0,"key":"SMITH"},{"floor":30.0,"key":"REST"},{"data":"Seek","floor":32.0,"key":"SMITH"},{"data":"Capacitor","floor":40.0,"key":"SMITH"},{"data":"Reinforced Body","floor":42.0,"key":"SMITH"},{"data":"Rainbow","floor":44.0,"key":"SMITH"},{"floor":49.0,"key":"RECALL"},{"data":"Static Discharge","floor":52,"key":"SMITH"}],"neow_cost":"NONE","seed_source_timestamp":0,"circlet_count":0,"master_deck":["AscendersBane","Zap","Dualcast","Steam","White Noise","Multi-Cast","Thunder Strike","White Noise","Steam","Hyperbeam+1","Steam Power","Compile Driver","Leap","Rainbow+1","Glacier","Machine Learning","Compile Driver","Core Surge","Tempest","Coolheaded","Capacitor+1","Reinforced Body+1","Ball Lightning","Go for the Eyes+1","Seek+1","Echo Form","Echo Form","Double Energy+1","Static Discharge+1","BootSequence","Aggregate+1"],"special_seed":0,"relics":["Pandora\u0027s Box","Golden Idol","Bag of Preparation","Dodecahedron","Happy Flower","Mercury Hourglass","Peace Pipe","Velvet Choker","Red Mask","Dead Branch","FossilizedHelix","Pocketwatch","Letter Opener","Bag of Marbles","Nunchaku","Sozu","Turnip","DollysMirror","Strawberry","Bottled Tornado","Omamori","Pantograph","Incense Burner"],"potions_floor_usage":[],"damage_taken":[{"damage":6.0,"enemies":"2 Louse","floor":1.0,"turns":2.0},{"damage":0.0,"enemies":"Cultist","floor":2.0,"turns":4.0},{"damage":0.0,"enemies":"Small Slimes","floor":3.0,"turns":3.0},{"damage":29.0,"enemies":"Gremlin Nob","floor":6.0,"turns":4.0},{"damage":14.0,"enemies":"Lagavulin","floor":8.0,"turns":6.0},{"damage":14.0,"enemies":"Gremlin Nob","floor":10.0,"turns":5.0},{"damage":0.0,"enemies":"2 Fungi Beasts","floor":14.0,"turns":2.0},{"damage":8.0,"enemies":"Hexaghost","floor":16.0,"turns":8.0},{"damage":12.0,"enemies":"3 Byrds","floor":18.0,"turns":3.0},{"damage":2.0,"enemies":"2 Thieves","floor":19.0,"turns":4.0},{"damage":3.0,"enemies":"Masked Bandits","floor":20.0,"turns":3.0},{"damage":0.0,"enemies":"Chosen and Byrds","floor":21.0,"turns":5.0},{"damage":0.0,"enemies":"Gremlin Leader","floor":23.0,"turns":5.0},{"damage":0.0,"enemies":"Shelled Parasite and Fungi","floor":24.0,"turns":6.0},{"damage":7.0,"enemies":"Book of Stabbing","floor":25.0,"turns":6.0},{"damage":0.0,"enemies":"Snecko","floor":27.0,"turns":3.0},{"damage":0.0,"enemies":"Slavers","floor":31.0,"turns":3.0},{"damage":0.0,"enemies":"Champ","floor":33.0,"turns":10.0},{"damage":0.0,"enemies":"Orb Walker","floor":35.0,"turns":3.0},{"damage":0.0,"enemies":"3 Shapes","floor":39.0,"turns":1.0},{"damage":0.0,"enemies":"Nemesis","floor":41.0,"turns":7.0},{"damage":2.0,"enemies":"Writhing Mass","floor":45.0,"turns":9.0},{"damage":0.0,"enemies":"Reptomancer","floor":46.0,"turns":7.0},{"damage":2.0,"enemies":"3 Darklings","floor":47.0,"turns":6.0},{"damage":0.0,"enemies":"Giant Head","floor":48.0,"turns":9.0},{"damage":15,"enemies":"Donu and Deca","floor":50,"turns":9},{"damage":0,"enemies":"Shield and Spear","floor":54,"turns":5},{"damage":82,"enemies":"The Heart","floor":55,"turns":6}],"seed_played":"990049608708561344","potions_obtained":[{"floor":3.0,"key":"Poison Potion"},{"floor":6.0,"key":"SpeedPotion"},{"floor":14.0,"key":"FearPotion"},{"floor":19.0,"key":"Dexterity Potion"},{"floor":23.0,"key":"Energy Potion"},{"floor":25.0,"key":"SteroidPotion"},{"floor":33.0,"key":"Swift Potion"}],"is_trial":false,"path_per_floor":["M","M","M","?","?","E","R","E","T","E","R","?","T","M","R","B",null,"M","M","?","M","$","E","M","E","T","M","R","$","R","E","R","B",null,"M","?","$","?","M","R","E","R","T","R","M","E","M","E","R","B",null,"R","$","E","B"],"character_chosen":"DEFECT","items_purchased":["Capacitor","Dead Branch","FossilizedHelix","Turnip","DollysMirror","Pantograph"],"campfire_rested":3,"item_purchase_floors":[22,22,22,37,37,53],"current_hp_per_floor":[62,62,62,44,37,8,30,16,16,2,24,24,24,24,24,16,60,48,46,43,43,43,43,43,36,36,36,36,36,58,58,58,58,71,71,71,71,71,71,71,78,78,78,78,76,76,74,74,74,59,76,76,76,76,0],"gold":60,"neow_bonus":"BOSS_RELIC","is_prod":false,"is_daily":false,"chose_seed":false,"campfire_upgraded":6,"win_rate":0,"timestamp":1563784091,"path_taken":["M","M","M","?","?","E","R","E","T","E","R","?","?","?","R","BOSS","M","?","?","M","$","E","M","E","T","M","R","$","R","E","R","BOSS","M","?","$","?","M","R","E","R","T","R","M","E","M","E","R","BOSS","R","$","E","BOSS"],"build_version":"2019-07-17","purchased_purges":0,"victory":false,"max_hp_per_floor":[75,75,75,75,75,75,75,75,75,75,75,75,75,75,75,75,75,75,75,75,75,75,75,75,75,75,75,75,75,75,75,75,75,75,75,75,75,75,75,75,82,82,82,82,82,82,82,82,82,82,82,82,82,82,82],"card_choices":[{"not_picked":["Stack","Recycle"],"picked":"Steam Power","floor":1.0},{"not_picked":["Aggregate","Streamline"],"picked":"Compile Driver","floor":2.0},{"not_picked":["Streamline","Conserve Battery"],"picked":"Leap","floor":3.0},{"not_picked":["Loop","Blizzard"],"picked":"Rainbow","floor":6.0},{"not_picked":["Sweeping Beam","Recycle"],"picked":"Glacier","floor":8.0},{"not_picked":["Cold Snap","Fusion"],"picked":"Machine Learning","floor":10.0},{"not_picked":["Cold Snap","Go for the Eyes"],"picked":"Compile Driver","floor":14.0},{"not_picked":["Fission","Thunder Strike"],"picked":"Core Surge","floor":16.0},{"not_picked":["Chaos","Redo"],"picked":"Tempest","floor":18.0},{"not_picked":["Doom and Gloom","Streamline","White Noise"],"picked":"SKIP","floor":19.0},{"not_picked":["Go for the Eyes","Cold Snap"],"picked":"Coolheaded","floor":20.0},{"not_picked":["Streamline","Redo","Melter"],"picked":"SKIP","floor":21.0},{"not_picked":["Go for the Eyes","Ball Lightning","Cold Snap+1"],"picked":"SKIP","floor":23.0},{"not_picked":["Go for the Eyes","Ball Lightning","Cold Snap+1"],"picked":"SKIP","floor":23.0},{"not_picked":["Cold Snap","Auto Shields"],"picked":"Reinforced Body","floor":24.0},{"not_picked":["Hello World+1","Auto Shields"],"picked":"Ball Lightning","floor":25.0},{"not_picked":["Stack+1","Ball Lightning"],"picked":"Go for the Eyes+1","floor":27.0},{"not_picked":["Compile Driver+1","Steam Power"],"picked":"Seek","floor":31.0},{"not_picked":["Creative AI","Electrodynamics"],"picked":"Echo Form","floor":33.0},{"not_picked":["Ball Lightning+1","Coolheaded","Lockon+1"],"picked":"SKIP","floor":35.0},{"not_picked":["Doom and Gloom+1","Steam","Darkness"],"picked":"SKIP","floor":39.0},{"not_picked":["Recycle","Streamline+1","Rebound"],"picked":"SKIP","floor":41.0},{"not_picked":["Steam Power","Beam Cell"],"picked":"Double Energy+1","floor":45.0},{"not_picked":["Streamline","Darkness"],"picked":"Static Discharge","floor":46.0},{"not_picked":["Coolheaded+1","Barrage+1"],"picked":"BootSequence","floor":47.0},{"not_picked":["Go for the Eyes+1","Capacitor+1","Scrape"],"picked":"SKIP","floor":48.0},{"not_picked":["Self Repair+1","Blizzard"],"picked":"Aggregate+1","floor":54}],"player_experience":381672,"relics_obtained":[{"floor":6.0,"key":"Bag of Preparation"},{"floor":8.0,"key":"Dodecahedron"},{"floor":9.0,"key":"Happy Flower"},{"floor":10.0,"key":"Mercury Hourglass"},{"floor":13.0,"key":"Peace Pipe"},{"floor":20.0,"key":"Red Mask"},{"floor":23.0,"key":"Pocketwatch"},{"floor":25.0,"key":"Letter Opener"},{"floor":26.0,"key":"Bag of Marbles"},{"floor":31.0,"key":"Nunchaku"},{"floor":41.0,"key":"Strawberry"},{"floor":46.0,"key":"Bottled Tornado"},{"floor":48.0,"key":"Omamori"},{"floor":54,"key":"Incense Burner"}],"event_choices":[{"damage_healed":0.0,"max_hp_gain":0.0,"max_hp_loss":0.0,"gold_gain":0.0,"event_name":"Golden Idol","player_choice":"Take Damage","floor":4.0,"gold_loss":0.0,"damage_taken":18.0,"relics_obtained":["Golden Idol"]},{"cards_removed":["Thunder Strike"],"damage_healed":0.0,"max_hp_gain":0.0,"max_hp_loss":0.0,"gold_gain":0.0,"event_name":"Golden Wing","player_choice":"Card Removal","floor":5.0,"gold_loss":0.0,"damage_taken":7.0},{"damage_healed":0.0,"max_hp_gain":0.0,"max_hp_loss":0.0,"gold_gain":175.0,"event_name":"Liars Game","player_choice":"AGREE","floor":12.0,"gold_loss":0.0,"damage_taken":0.0,"cards_obtained":["Doubt"]},{"damage_healed":0.0,"max_hp_gain":0.0,"max_hp_loss":0.0,"gold_gain":0.0,"event_name":"Masked Bandits","player_choice":"Fought Bandits","floor":20.0,"gold_loss":0.0,"damage_taken":0.0},{"damage_healed":0.0,"max_hp_gain":0.0,"max_hp_loss":0.0,"gold_gain":222.0,"event_name":"Tomb of Lord Red Mask","player_choice":"Wore Mask","floor":36.0,"gold_loss":0.0,"damage_taken":0.0},{"damage_healed":0.0,"max_hp_gain":0.0,"max_hp_loss":0.0,"gold_gain":0.0,"event_name":"SensoryStone","player_choice":"Memory 1","floor":38.0,"gold_loss":0.0,"damage_taken":0.0}],"is_beta":false,"boss_relics":[{"not_picked":["Inserter","Astrolabe"],"picked":"Velvet Choker"},{"not_picked":["Fusion Hammer","Coffee Dripper"],"picked":"Sozu"}],"items_purged_floors":[],"is_endless":false,"potions_floor_spawned":[3,6,14,19,23,25,33,35,45,46],"killed_by":"The Heart","ascension_level":11}