{"gold_per_floor":[117,0,16,16,91,91,125,139,192,213,251,276,276,292,292,422,422,445,460,480,326,347,382,382,402,402,402,415,167,167,192,192,317,317,341,16,41,61,81,81,425,20,20,20,41,41,60,0,0,0,0,0,0,35,35],"floor_reached":55,"playtime":2444,"items_purged":["Strike_G","Strike_G","Strike_G"],"score":902,"play_id":"78d26666-09e8-4b87-aaed-393fe623e50e","local_time":"20190820022215","is_ascension_mode":true,"campfire_choices":[{"data":"Footwork","floor":6,"key":"SMITH"},{"data":"Poisoned Stab","floor":15,"key":"SMITH"},{"floor":27,"key":"REST"},{"data":"Catalyst","floor":30,"key":"SMITH"},{"floor":32,"key":"REST"},{"data":"Bullet Time","floor":40,"key":"SMITH"},{"floor":44,"key":"RECALL"},{"floor":46,"key":"REST"},{"floor":49,"key":"REST"},{"data":"Footwork","floor":52,"key":"SMITH"}],"neow_cost":"NONE","seed_source_timestamp":383188192034800,"circlet_count":0,"master_deck":["Strike_G","Strike_G+1","Defend_G+1","Defend_G","Defend_G+1","Defend_G","Defend_G","Survivor","Neutralize","Acrobatics","Footwork+1","Backstab+1","Backflip","Poisoned Stab+1","Deadly Poison","Deadly Poison","Catalyst+1","Deadly Poison","Bullet Time+1","Backflip","Noxious Fumes+1","Predator+1","Catalyst+1","Acrobatics+1","Noxious Fumes","Clumsy","Parasite","Footwork+1"],"relics":["Ring of the Snake","NeowsBlessing","Golden Idol","Bronze Scales","Whetstone","Dream Catcher","Odd Mushroom","Sozu","Oddly Smooth Stone","StoneCalendar","War Paint","Cursed Key","Membership Card","Gremlin Horn","Old Coin","Juzu Bracelet","Letter Opener","Frozen Eye","Red Mask","Strawberry"],"potions_floor_usage":[11,23,23,50],"damage_taken":[{"damage":0,"enemies":"Small Slimes","floor":1,"turns":2},{"damage":0,"enemies":"2 Louse","floor":3,"turns":1},{"damage":0,"enemies":"Gremlin Nob","floor":7,"turns":1},{"damage":0,"enemies":"Jaw Worm","floor":8,"turns":4},{"damage":0,"enemies":"2 Fungi Beasts","floor":10,"turns":4},{"damage":8,"enemies":"Lagavulin","floor":11,"turns":11},{"damage":15,"enemies":"The Mushroom Lair","floor":12,"turns":5},{"damage":0,"enemies":"Large Slime","floor":14,"turns":5},{"damage":11,"enemies":"The Guardian","floor":16,"turns":13},{"damage":1,"enemies":"Chosen","floor":18,"turns":5},{"damage":3,"enemies":"Spheric Guardian","floor":19,"turns":5},{"damage":15,"enemies":"Chosen and Byrds","floor":20,"turns":6},{"damage":6,"enemies":"Snake Plant","floor":22,"turns":3},{"damage":14,"enemies":"Slavers","floor":23,"turns":5},{"damage":26,"enemies":"Cultist and Chosen","floor":25,"turns":7},{"damage":6,"enemies":"Shelled Parasite and Fungi","floor":28,"turns":5},{"damage":10,"enemies":"Snecko","floor":31,"turns":3},{"damage":12,"enemies":"Collector","floor":33,"turns":6},{"damage":10,"enemies":"Orb Walker","floor":35,"turns":3},{"damage":5,"enemies":"3 Darklings","floor":37,"turns":7},{"damage":0,"enemies":"Transient","floor":38,"turns":5},{"damage":6,"enemies":"Spire Growth","floor":39,"turns":4},{"damage":1,"enemies":"Giant Head","floor":41,"turns":4},{"damage":16,"enemies":"Writhing Mass","floor":45,"turns":4},{"damage":19,"enemies":"Sphere and 2 Shapes","floor":47,"turns":4},{"damage":51,"enemies":"Donu and Deca","floor":50,"turns":8},{"damage":64,"enemies":"Shield and Spear","floor":54,"turns":6},{"damage":41,"enemies":"The Heart","floor":55,"turns":2}],"seed_played":"3333964209947229700","potions_obtained":[{"floor":3,"key":"GhostInAJar"},{"floor":10,"key":"EssenceOfSteel"},{"floor":11,"key":"Explosive Potion"},{"floor":12,"key":"Ancient Potion"}],"is_trial":false,"path_per_floor":["M","$","M","?","?","R","E","M","T","M","E","?","?","M","R","B",null,"M","M","M","$","M","E","?","M","T","R","M","$","R","M","R","B",null,"M","$","M","M","M","R","E","$","T","R","M","R","M","?","R","B",null,"R","$","E","B"],"character_chosen":"THE_SILENT","items_purchased":["Footwork","Backstab","Catalyst","War Paint","Membership Card","Gremlin Horn","Juzu Bracelet","Letter Opener","Frozen Eye","Noxious Fumes"],"campfire_rested":4,"item_purchase_floors":[2,2,21,29,36,36,42,42,42,42],"current_hp_per_floor":[70,70,70,53,42,42,42,42,42,42,34,19,42,42,42,31,70,69,66,51,51,45,31,31,5,5,26,20,20,20,10,31,19,70,60,60,55,55,49,49,48,48,48,48,32,53,34,34,55,4,70,70,70,13,0],"gold":35,"neow_bonus":"THREE_ENEMY_KILL","is_prod":false,"is_daily":false,"chose_seed":false,"campfire_upgraded":5,"win_rate":0,"timestamp":1566231735,"path_taken":["M","$","M","?","?","R","E","M","T","M","E","?","?","M","R","BOSS","M","M","M","$","M","E","?","M","T","R","M","$","R","M","R","BOSS","M","$","M","M","M","R","E","$","T","R","M","R","M","?","R","BOSS","R","$","E","BOSS"],"build_version":"2019-07-17","purchased_purges":3,"victory":false,"max_hp_per_floor":[70,70,70,70,70,70,70,70,70,70,70,70,70,70,70,70,70,70,70,70,70,70,70,70,70,70,70,70,70,70,70,70,70,70,70,70,70,70,70,70,70,70,70,70,70,70,70,70,70,70,70,70,70,77,77],"card_choices":[{"not_picked":["Prepared","Blade Dance"],"picked":"Acrobatics","floor":1},{"not_picked":["Heel Hook","Dodge and Roll","Bane"],"picked":"SKIP","floor":3},{"not_picked":["Tactician","Glass Knife"],"picked":"Backflip","floor":7},{"not_picked":["Deflect","Slice","Riddle With Holes"],"picked":"SKIP","floor":8},{"not_picked":["Dagger Spray","Heel Hook","Setup"],"picked":"SKIP","floor":10},{"not_picked":["Expertise","Blade Dance","Prepared"],"picked":"SKIP","floor":11},{"not_picked":["Dagger Throw","Sucker Punch"],"picked":"Poisoned Stab","floor":12},{"not_picked":["Dodge and Roll","Choke","Prepared"],"picked":"SKIP","floor":14},{"not_picked":["Bane","Leg Sweep"],"picked":"Deadly Poison","floor":18},{"not_picked":["Tactician","Deflect"],"picked":"Deadly Poison","floor":19},{"not_picked":["Slice+1","Distraction","Prepared"],"picked":"SKIP","floor":20},{"not_picked":["Calculated Gamble","Outmaneuver"],"picked":"Deadly Poison","floor":22},{"not_picked":["Underhanded Strike","Eviscerate","Unload"],"picked":"SKIP","floor":23},{"not_picked":["Flechettes","Dagger Spray","Distraction"],"picked":"SKIP","floor":25},{"not_picked":["Slice","Poisoned Stab","Well Laid Plans+1"],"picked":"SKIP","floor":28},{"not_picked":["Cloak And Dagger","Finisher+1","Well Laid Plans"],"picked":"SKIP","floor":31},{"not_picked":["Die Die Die","Corpse Explosion"],"picked":"Bullet Time","floor":33},{"not_picked":["Masterful Stab","Choke+1"],"picked":"Backflip","floor":35},{"not_picked":["Dagger Throw","Escape Plan"],"picked":"Noxious Fumes+1","floor":37},{"not_picked":["Slice","Outmaneuver+1"],"picked":"Predator+1","floor":38},{"not_picked":["Concentrate+1","Flying Knee"],"picked":"Catalyst+1","floor":39},{"not_picked":["Dodge and Roll+1","Escape Plan+1"],"picked":"Acrobatics+1","floor":41},{"not_picked":["Poisoned Stab","Terror","Expertise"],"picked":"SKIP","floor":45},{"not_picked":["Dagger Spray+1","Leg Sweep+1"],"picked":"Footwork","floor":47},{"not_picked":["Noxious Fumes+1","Poisoned Stab+1","Outmaneuver"],"picked":"SKIP","floor":54}],"player_experience":67596,"relics_obtained":[{"floor":7,"key":"Bronze Scales"},{"floor":9,"key":"Whetstone"},{"floor":11,"key":"Dream Catcher"},{"floor":12,"key":"Odd Mushroom"},{"floor":23,"key":"Oddly Smooth Stone"},{"floor":26,"key":"StoneCalendar"},{"floor":41,"key":"Old Coin"},{"floor":54,"key":"Strawberry"}],"event_choices":[{"damage_healed":0,"gold_gain":0,"player_choice":"Take Damage","damage_taken":17,"relics_obtained":["Golden Idol"],"max_hp_gain":0,"max_hp_loss":0,"event_name":"Golden Idol","floor":4,"gold_loss":0},{"damage_healed":0,"gold_gain":75,"player_choice":"Gather Gold","damage_taken":11,"max_hp_gain":0,"max_hp_loss":0,"event_name":"World of Goop","floor":5,"gold_loss":0},{"damage_healed":0,"gold_gain":0,"player_choice":"Fought Mushrooms","damage_taken":0,"max_hp_gain":0,"max_hp_loss":0,"event_name":"Mushrooms","floor":12,"gold_loss":0},{"damage_healed":23,"gold_gain":0,"player_choice":"Banana","damage_taken":0,"max_hp_gain":0,"max_hp_loss":0,"event_name":"Big Fish","floor":13,"gold_loss":0},{"damage_healed":0,"gold_gain":0,"player_choice":"Ignored","damage_taken":0,"max_hp_gain":0,"max_hp_loss":0,"event_name":"Ghosts","floor":24,"gold_loss":0},{"damage_healed":0,"gold_gain":0,"player_choice":"Paid","damage_taken":0,"relics_obtained":["Red Mask"],"max_hp_gain":0,"max_hp_loss":0,"event_name":"Tomb of Lord Red Mask","floor":48,"gold_loss":60}],"is_beta":false,"boss_relics":[{"not_picked":["Busted Crown","Philosopher\u0027s Stone"],"picked":"Sozu"},{"not_picked":["Ring of the Serpent","White Beast Statue"],"picked":"Cursed Key"}],"items_purged_floors":[21,29,42],"is_endless":false,"potions_floor_spawned":[3,10,11,12,18,23,25,33,35,37,45,47,54],"killed_by":"The Heart","ascension_level":4}