{"gold_per_floor":[117,134,59,59,73,105,105,130,182,9,9,25,88,103,103,180,180,195,195,195,195,18,18,38,72,99,110,140,157,157,187,187,264,264,276,324,34,0,14,39,39,67,67,94,37,51,51,51,51,51,51],"floor_reached":51,"playtime":6114,"items_purged":["Strike_G","Strike_G","Defend_G"],"score":1748,"play_id":"fcacdd6f-4cf5-4c8f-99c9-acb9688ee370","local_time":"20190815220318","is_ascension_mode":true,"campfire_choices":[{"floor":7.0,"key":"REST"},{"floor":11.0,"key":"REST"},{"floor":15.0,"key":"REST"},{"floor":23.0,"key":"REST"},{"floor":30.0,"key":"REST"},{"data":"Crippling Poison","floor":32.0,"key":"SMITH"},{"floor":41.0,"key":"REST"},{"floor":49.0,"key":"RECALL"}],"neow_cost":"CURSE","seed_source_timestamp":39158052673800,"circlet_count":0,"master_deck":["AscendersBane","Strike_G+1","Defend_G","Defend_G","Defend_G+1","Survivor+1","Neutralize","Cloak And Dagger","Bouncing Flask","Corpse Explosion","Footwork","Backflip","All Out Attack+1","Bullet Time","Leg Sweep","Adrenaline","Bullet Time","Expertise","RitualDagger+1","Catalyst","PiercingWail","Calculated Gamble","Crippling Poison+1","Dodge and Roll","After Image","Bouncing Flask","Backflip","Wraith Form v2","Reflex","PiercingWail"],"special_seed":0,"relics":["Ring of the Snake","Calipers","Molten Egg 2","PreservedInsect","Whetstone","Anchor","Runic Pyramid","Dream Catcher","Strawberry","Omamori","Matryoshka","HoveringKite","Unceasing Top","Bronze Scales","Red Mask","Question Card","Juzu Bracelet","Bag of Preparation","War Paint","Frozen Egg 2","Bottled Lightning"],"potions_floor_usage":[],"damage_taken":[{"damage":6.0,"enemies":"Small Slimes","floor":1.0,"turns":4.0},{"damage":3.0,"enemies":"2 Louse","floor":2.0,"turns":3.0},{"damage":2.0,"enemies":"Jaw Worm","floor":5.0,"turns":6.0},{"damage":26.0,"enemies":"Gremlin Nob","floor":6.0,"turns":4.0},{"damage":22.0,"enemies":"3 Sentries","floor":8.0,"turns":9.0},{"damage":0.0,"enemies":"2 Fungi Beasts","floor":12.0,"turns":3.0},{"damage":21.0,"enemies":"Lagavulin Event","floor":13.0,"turns":4.0},{"damage":3.0,"enemies":"Large Slime","floor":14.0,"turns":5.0},{"damage":25.0,"enemies":"Hexaghost","floor":16.0,"turns":13.0},{"damage":0.0,"enemies":"Spheric Guardian","floor":18.0,"turns":5.0},{"damage":0.0,"enemies":"Shell Parasite","floor":24.0,"turns":3.0},{"damage":3.0,"enemies":"Book of Stabbing","floor":25.0,"turns":5.0},{"damage":3.0,"enemies":"Snake Plant","floor":27.0,"turns":4.0},{"damage":0.0,"enemies":"Gremlin Leader","floor":28.0,"turns":5.0},{"damage":0.0,"enemies":"Chosen and Byrds","floor":29.0,"turns":7.0},{"damage":26.0,"enemies":"Book of Stabbing","floor":31.0,"turns":6.0},{"damage":0.0,"enemies":"Collector","floor":33.0,"turns":7.0},{"damage":9.0,"enemies":"3 Darklings","floor":35.0,"turns":5.0},{"damage":7.0,"enemies":"2 Orb Walkers","floor":36.0,"turns":3.0},{"damage":0.0,"enemies":"3 Shapes","floor":39.0,"turns":3.0},{"damage":21.0,"enemies":"Nemesis","floor":40.0,"turns":7.0},{"damage":0.0,"enemies":"Giant Head","floor":42.0,"turns":6.0},{"damage":10.0,"enemies":"Reptomancer","floor":44.0,"turns":6.0},{"damage":0.0,"enemies":"Sphere and 2 Shapes","floor":46.0,"turns":4.0},{"damage":12.0,"enemies":"Time Eater","floor":50.0,"turns":16.0},{"damage":31,"enemies":"Donu and Deca","floor":51,"turns":8}],"seed_played":"-4812574897701218927","potions_obtained":[{"floor":1.0,"key":"Explosive Potion"},{"floor":6.0,"key":"SteroidPotion"},{"floor":8.0,"key":"EssenceOfSteel"},{"floor":16.0,"key":"Swift Potion"},{"floor":24.0,"key":"Dexterity Potion"},{"floor":35.0,"key":"FearPotion"},{"floor":42.0,"key":"Dexterity Potion"},{"floor":46.0,"key":"Fire Potion"}],"is_trial":false,"path_per_floor":["M","M","?","?","M","E","R","E","T","$","R","M","?","M","R","B",null,"M","?","?","?","$","R","M","E","T","M","E","M","R","E","R","B",null,"M","?","$","?","M","E","R","E","T","E","$","M","?","T","R","B","B"],"character_chosen":"THE_SILENT","items_purchased":["Footwork","Backflip","Catalyst","Bronze Scales","PiercingWail"],"campfire_rested":6,"item_purchase_floors":[10,10,22,37,45],"current_hp_per_floor":[53,50,50,43,41,15,34,12,12,12,31,31,10,7,26,1,50,50,50,44,26,26,47,47,44,51,48,48,48,71,45,45,45,70,61,54,54,54,54,33,56,56,56,46,46,46,46,46,46,34,3],"gold":51,"neow_bonus":"ONE_RARE_RELIC","is_prod":false,"is_daily":false,"chose_seed":false,"campfire_upgraded":1,"win_rate":0,"timestamp":1565899398,"path_taken":["M","M","?","?","M","E","R","E","T","$","R","M","?","M","R","BOSS","M","?","?","?","$","R","M","E","T","M","E","M","R","E","R","BOSS","M","?","$","?","M","E","R","E","T","E","$","M","?","?","R","BOSS","BOSS"],"build_version":"2019-07-17","purchased_purges":3,"victory":false,"max_hp_per_floor":[66,66,66,66,66,66,66,66,66,66,66,66,66,66,66,66,66,66,66,66,71,71,71,71,71,78,78,78,78,78,78,78,78,78,78,78,78,78,78,78,78,78,78,78,78,78,78,78,78,78,78],"card_choices":[{"not_picked":["Expertise","Underhanded Strike"],"picked":"Dagger Throw","floor":1.0},{"not_picked":["Quick Slash","Deflect"],"picked":"Cloak And Dagger","floor":2.0},{"not_picked":["Bane","Flying Knee"],"picked":"Bouncing Flask","floor":5.0},{"not_picked":["Outmaneuver","Bane","Reflex"],"picked":"SKIP","floor":6.0},{"not_picked":["Riddle With Holes+1","Prepared"],"picked":"Corpse Explosion","floor":8.0},{"not_picked":["Backflip","Outmaneuver"],"picked":"All Out Attack+1","floor":12.0},{"not_picked":["Dagger Throw+1","PiercingWail"],"picked":"Bullet Time","floor":13.0},{"not_picked":["PiercingWail","Footwork"],"picked":"Leg Sweep","floor":14.0},{"not_picked":["Glass Knife+1","A Thousand Cuts"],"picked":"Adrenaline","floor":16.0},{"not_picked":["Flying Knee+1","Bane+1","Underhanded Strike+1"],"picked":"SKIP","floor":18.0},{"not_picked":["Heel Hook+1","Deflect"],"picked":"PiercingWail","floor":24.0},{"not_picked":["Infinite Blades","Noxious Fumes"],"picked":"Calculated Gamble","floor":25.0},{"not_picked":["Poisoned Stab+1","Escape Plan","All Out Attack+1"],"picked":"SKIP","floor":27.0},{"not_picked":["Dagger Spray+1","Setup+1","Finisher+1"],"picked":"SKIP","floor":28.0},{"not_picked":["Deadly Poison","Slice+1"],"picked":"Crippling Poison","floor":29.0},{"not_picked":["Doppelganger","Tactician+1"],"picked":"Dodge and Roll","floor":31.0},{"not_picked":["Malaise","Tools of the Trade"],"picked":"After Image","floor":33.0},{"not_picked":["Flying Knee+1","Slice+1"],"picked":"Bouncing Flask","floor":35.0},{"not_picked":["Finisher+1","Expertise","Poisoned Stab+1"],"picked":"SKIP","floor":39.0},{"not_picked":["Dagger Throw+1","Flying Knee+1"],"picked":"Backflip","floor":40.0},{"not_picked":["Deflect","Heel Hook+1","Choke+1"],"picked":"Wraith Form v2","floor":41.0},{"not_picked":["Acrobatics","Backflip","Flying Knee+1","Riddle With Holes+1"],"picked":"SKIP","floor":42.0},{"not_picked":["Dagger Spray+1","Dodge and Roll","Deadly Poison"],"picked":"Reflex","floor":44.0},{"not_picked":["Acrobatics","Escape Plan","Bouncing Flask+1","Flechettes+1"],"picked":"SKIP","floor":46.0},{"not_picked":["Acrobatics","Escape Plan","Bouncing Flask+1","Flechettes+1"],"picked":"SKIP","floor":46.0}],"player_experience":1033292,"relics_obtained":[{"floor":6.0,"key":"Molten Egg 2"},{"floor":8.0,"key":"PreservedInsect"},{"floor":9.0,"key":"Whetstone"},{"floor":13.0,"key":"Anchor"},{"floor":25.0,"key":"Dream Catcher"},{"floor":26.0,"key":"Strawberry"},{"floor":28.0,"key":"Omamori"},{"floor":31.0,"key":"Matryoshka"},{"floor":36.0,"key":"Unceasing Top"},{"floor":40.0,"key":"Question Card"},{"floor":42.0,"key":"Juzu Bracelet"},{"floor":43.0,"key":"Bag of Preparation"},{"floor":44.0,"key":"War Paint"},{"floor":48.0,"key":"Frozen Egg 2"},{"floor":48.0,"key":"Bottled Lightning"}],"event_choices":[{"cards_removed":["Decay"],"damage_healed":0.0,"max_hp_gain":0.0,"max_hp_loss":0.0,"gold_gain":0.0,"event_name":"The Cleric","player_choice":"Card Removal","floor":3.0,"gold_loss":75.0,"damage_taken":0.0},{"cards_removed":["Strike_G"],"damage_healed":0.0,"max_hp_gain":0.0,"max_hp_loss":0.0,"gold_gain":0.0,"event_name":"Golden Wing","player_choice":"Card Removal","floor":4.0,"gold_loss":0.0,"damage_taken":7.0},{"damage_healed":0.0,"max_hp_gain":0.0,"max_hp_loss":0.0,"gold_gain":0.0,"event_name":"Dead Adventurer","player_choice":"Searched \u00271\u0027 times","floor":13.0,"gold_loss":0.0,"damage_taken":0.0},{"damage_healed":0.0,"max_hp_gain":0.0,"max_hp_loss":0.0,"gold_gain":0.0,"cards_transformed":["Strike_G","Defend_G"],"event_name":"Drug Dealer","player_choice":"Became Test Subject","floor":19.0,"gold_loss":0.0,"damage_taken":0.0,"cards_obtained":["Bullet Time","Expertise"]},{"damage_healed":0.0,"max_hp_gain":0.0,"max_hp_loss":0.0,"gold_gain":0.0,"event_name":"Nest","player_choice":"Joined the Cult","floor":20.0,"gold_loss":0.0,"damage_taken":6.0,"cards_obtained":["RitualDagger"]},{"damage_healed":0.0,"max_hp_gain":5.0,"max_hp_loss":0.0,"gold_gain":0.0,"event_name":"Forgotten Altar","player_choice":"Shed Blood","floor":21.0,"gold_loss":0.0,"damage_taken":23.0},{"damage_healed":0.0,"max_hp_gain":0.0,"max_hp_loss":0.0,"gold_gain":0.0,"event_name":"Mysterious Sphere","player_choice":"Fight","floor":36.0,"gold_loss":0.0,"damage_taken":0.0},{"damage_healed":0.0,"max_hp_gain":0.0,"max_hp_loss":0.0,"gold_gain":0.0,"event_name":"Tomb of Lord Red Mask","player_choice":"Paid","floor":38.0,"gold_loss":34.0,"damage_taken":0.0,"relics_obtained":["Red Mask"]},{"cards_removed":["Dagger Throw"],"damage_healed":0.0,"max_hp_gain":0.0,"max_hp_loss":0.0,"gold_gain":0.0,"event_name":"Falling","player_choice":"Removed Attack","floor":47.0,"gold_loss":0.0,"damage_taken":0.0}],"is_beta":false,"boss_relics":[{"not_picked":["WristBlade","Coffee Dripper"],"picked":"Runic Pyramid"},{"not_picked":["Velvet Choker","Ring of the Serpent"],"picked":"HoveringKite"}],"items_purged_floors":[10,22,37],"is_endless":false,"potions_floor_spawned":[1,6,8,16,24,27,35,42,46],"killed_by":"Donu and Deca","ascension_level":20}