{"gold_per_floor":[169,188,153,8,8,8,19,51,51,68,0,32,32,62,62,162,162,176,156,175,24,34,34,61,75,75,130,142,192,219,237,237,332,332,346,163,190,200,220,255,255,282,282,295,310,328,81,81,81,81,81,81,5,35,35],"floor_reached":56,"playtime":8036,"items_purged":["Self Repair","Streamline"],"score":1889,"play_id":"6361b9e4-cd2a-4c21-953b-64eebb83e93c","local_time":"20190723192714","is_ascension_mode":true,"campfire_choices":[{"data":"Hologram","floor":6.0,"key":"SMITH"},{"data":"Zap","floor":13.0,"key":"SMITH"},{"data":"Static Discharge","floor":15.0,"key":"SMITH"},{"data":"Electrodynamics","floor":23.0,"key":"SMITH"},{"data":"Capacitor","floor":32.0,"key":"SMITH"},{"data":"Sunder","floor":41.0,"key":"SMITH"},{"floor":49.0,"key":"RECALL"},{"data":"Dualcast","floor":52.0,"key":"SMITH"}],"neow_cost":"NONE","seed_source_timestamp":419839478461278,"circlet_count":0,"master_deck":["AscendersBane","Zap+1","Dualcast+1","Gash+1","Hologram+1","Cold Snap+1","Static Discharge+1","Electrodynamics+1","Turbo+1","Self Repair","Tempest+1","Leap+1","Seek+1","Genetic Algorithm+1","Double Energy+1","Capacitor+1","Coolheaded+1","Darkness+1","Hologram+1","Steam+1","Self Repair","Fission+1","Sunder+1","Core Surge","Reboot+1","Tempest+1","Amplify+1","Auto Shields+1","Conserve Battery+1","Finesse+1","Leap+1","Turbo+1","Double Energy+1","Reinforced Body+1","FTL+1"],"special_seed":0,"relics":["Tiny House","DataDisk","Meat on the Bone","Dodecahedron","Toxic Egg 2","Sundial","Letter Opener","Black Star","Potion Belt","Centennial Puzzle","Darkstone Periapt","Tiny Chest","Omamori","Bottled Lightning","Shuriken","Pandora\u0027s Box","Happy Flower","Molten Egg 2","Pantograph","Whetstone","Bottled Tornado","Mercury Hourglass","Anchor","Mummified Hand","Pear"],"potions_floor_usage":[55],"damage_taken":[{"damage":15.0,"enemies":"2 Louse","floor":1.0,"turns":2.0},{"damage":7.0,"enemies":"Jaw Worm","floor":2.0,"turns":3.0},{"damage":0.0,"enemies":"Cultist","floor":7.0,"turns":3.0},{"damage":12.0,"enemies":"3 Sentries","floor":8.0,"turns":7.0},{"damage":14.0,"enemies":"3 Louse","floor":10.0,"turns":3.0},{"damage":15.0,"enemies":"Lagavulin","floor":12.0,"turns":7.0},{"damage":10.0,"enemies":"3 Sentries","floor":14.0,"turns":3.0},{"damage":26.0,"enemies":"Slime Boss","floor":16.0,"turns":5.0},{"damage":15.0,"enemies":"Shell Parasite","floor":18.0,"turns":4.0},{"damage":1.0,"enemies":"3 Byrds","floor":20.0,"turns":2.0},{"damage":24.0,"enemies":"3 Cultists","floor":22.0,"turns":4.0},{"damage":32.0,"enemies":"Book of Stabbing","floor":24.0,"turns":4.0},{"damage":16.0,"enemies":"Snake Plant","floor":25.0,"turns":3.0},{"damage":34.0,"enemies":"Slavers","floor":27.0,"turns":3.0},{"damage":4.0,"enemies":"Centurion and Healer","floor":28.0,"turns":3.0},{"damage":15.0,"enemies":"Book of Stabbing","floor":30.0,"turns":5.0},{"damage":13.0,"enemies":"Chosen and Byrds","floor":31.0,"turns":2.0},{"damage":41.0,"enemies":"Collector","floor":33.0,"turns":8.0},{"damage":0.0,"enemies":"3 Shapes","floor":35.0,"turns":1.0},{"damage":11.0,"enemies":"Orb Walker","floor":38.0,"turns":2.0},{"damage":0.0,"enemies":"3 Darklings","floor":39.0,"turns":1.0},{"damage":7.0,"enemies":"Reptomancer","floor":40.0,"turns":4.0},{"damage":6.0,"enemies":"Nemesis","floor":42.0,"turns":5.0},{"damage":0.0,"enemies":"4 Shapes","floor":44.0,"turns":1.0},{"damage":10.0,"enemies":"Spire Growth","floor":45.0,"turns":2.0},{"damage":0.0,"enemies":"Sphere and 2 Shapes","floor":46.0,"turns":1.0},{"damage":71.0,"enemies":"Awakened One","floor":50.0,"turns":14.0},{"damage":14.0,"enemies":"Shield and Spear","floor":54.0,"turns":3.0},{"damage":76,"enemies":"The Heart","floor":55,"turns":8}],"seed_played":"6401161906222288308","potions_obtained":[{"floor":0.0,"key":"FocusPotion"},{"floor":1.0,"key":"FearPotion"},{"floor":2.0,"key":"Strength Potion"},{"floor":10.0,"key":"Energy Potion"},{"floor":18.0,"key":"Fire Potion"},{"floor":19.0,"key":"Fire Potion"},{"floor":24.0,"key":"SteroidPotion"},{"floor":25.0,"key":"FearPotion"},{"floor":27.0,"key":"SpeedPotion"},{"floor":31.0,"key":"LiquidBronze"},{"floor":33.0,"key":"PowerPotion"},{"floor":38.0,"key":"Block Potion"},{"floor":39.0,"key":"Poison Potion"},{"floor":42.0,"key":"Swift Potion"},{"floor":45.0,"key":"FairyPotion"},{"floor":54.0,"key":"SneckoOil"}],"is_trial":false,"path_per_floor":["M","M","?","$","T","R","M","E","T","M","$","E","R","E","R","B",null,"M","?","M","$","M","R","E","M","T","E","M","?","E","M","R","B",null,"M","$","T","M","M","E","R","E","T","M","M","M","$","T","R","B",null,"R","$","E","B",null],"character_chosen":"DEFECT","items_purchased":["DataDisk","Self Repair","Double Energy+1","Capacitor","Finesse+1","Leap+1","Anchor","FTL+1"],"campfire_rested":0,"item_purchase_floors":[4,11,21,21,36,36,47,53],"current_hp_per_floor":[58,51,51,51,51,51,51,51,51,49,49,53,53,50,50,43,71,63,63,62,62,57,57,37,40,40,18,26,26,30,43,43,28,67,67,67,67,56,56,63,63,64,64,80,80,80,80,80,80,42,71,71,71,74,40],"gold":35,"neow_bonus":"BOSS_RELIC","is_prod":false,"is_daily":false,"chose_seed":false,"campfire_upgraded":7,"win_rate":0,"timestamp":1563935234,"path_taken":["M","M","?","?","?","R","?","E","T","M","$","E","R","E","R","BOSS","M","?","?","?","?","R","E","M","T","E","?","?","E","M","R","BOSS","M","$","?","M","M","E","R","E","T","M","M","?","$","?","R","BOSS","R","$","E","BOSS"],"build_version":"2019-07-17","purchased_purges":2,"victory":true,"max_hp_per_floor":[80,80,80,80,80,80,80,80,80,80,80,80,80,80,80,80,80,80,80,80,80,80,80,80,80,80,80,80,80,80,80,80,80,80,80,80,80,80,80,80,80,80,80,80,80,80,80,80,80,80,80,80,80,90,90],"card_choices":[{"not_picked":["Chaos","Undo"],"picked":"Gash","floor":0.0},{"not_picked":["Steam","Redo"],"picked":"Hologram","floor":1.0},{"not_picked":["Recycle","White Noise"],"picked":"Cold Snap","floor":2.0},{"not_picked":["Loop","Ball Lightning"],"picked":"Static Discharge","floor":7.0},{"not_picked":["Glacier","Loop"],"picked":"Electrodynamics","floor":8.0},{"not_picked":["Coolheaded+1","Scrape"],"picked":"Turbo+1","floor":10.0},{"not_picked":["Force Field+1","Static Discharge"],"picked":"Tempest+1","floor":12.0},{"not_picked":["Reboot+1","Ball Lightning"],"picked":"Leap+1","floor":14.0},{"not_picked":["Meteor Strike","Amplify+1"],"picked":"Seek+1","floor":16.0},{"not_picked":["Reprogram+1","Redo+1"],"picked":"Genetic Algorithm+1","floor":18.0},{"not_picked":["Beam Cell","Barrage","Cold Snap"],"picked":"SKIP","floor":20.0},{"not_picked":["Gash","Ball Lightning"],"picked":"Coolheaded+1","floor":22.0},{"not_picked":["Beam Cell","Machine Learning","Redo+1"],"picked":"SKIP","floor":24.0},{"not_picked":["Beam Cell","Machine Learning","Redo+1"],"picked":"SKIP","floor":24.0},{"not_picked":["Gash","White Noise+1"],"picked":"Darkness+1","floor":25.0},{"not_picked":["Redo+1","Sunder"],"picked":"Hologram+1","floor":27.0},{"not_picked":["Coolheaded+1","FTL"],"picked":"Steam+1","floor":28.0},{"not_picked":["Streamline","Stack+1"],"picked":"Self Repair","floor":30.0},{"not_picked":["Streamline","Barrage","FTL"],"picked":"SKIP","floor":31.0},{"not_picked":["Seek+1","Hyperbeam"],"picked":"Fission+1","floor":33.0},{"not_picked":["Force Field+1","Rebound"],"picked":"Conserve Battery+1","floor":35.0},{"not_picked":["Conserve Battery+1","Rip and Tear","Hello World"],"picked":"SKIP","floor":38.0},{"not_picked":["Compile Driver","Conserve Battery+1"],"picked":"Turbo+1","floor":39.0},{"not_picked":["Double Energy+1","Hologram+1","Electrodynamics"],"picked":"SKIP","floor":40.0},{"not_picked":["Beam Cell+1","Chaos+1","Sweeping Beam+1"],"picked":"SKIP","floor":42.0},{"not_picked":["Stack+1","Beam Cell+1"],"picked":"Double Energy+1","floor":44.0},{"not_picked":["Conserve Battery+1","Barrage+1"],"picked":"Reinforced Body+1","floor":45.0},{"not_picked":["Sunder+1","Turbo+1","Undo+1"],"picked":"SKIP","floor":46.0},{"not_picked":["Auto Shields+1","Streamline+1","Cold Snap+1"],"picked":"SKIP","floor":54.0}],"player_experience":403882,"relics_obtained":[{"floor":5.0,"key":"Meat on the Bone"},{"floor":8.0,"key":"Dodecahedron"},{"floor":9.0,"key":"Toxic Egg 2"},{"floor":12.0,"key":"Sundial"},{"floor":14.0,"key":"Letter Opener"},{"floor":24.0,"key":"Potion Belt"},{"floor":24.0,"key":"Centennial Puzzle"},{"floor":26.0,"key":"Darkstone Periapt"},{"floor":27.0,"key":"Tiny Chest"},{"floor":27.0,"key":"Omamori"},{"floor":30.0,"key":"Bottled Lightning"},{"floor":30.0,"key":"Shuriken"},{"floor":37.0,"key":"Happy Flower"},{"floor":40.0,"key":"Molten Egg 2"},{"floor":40.0,"key":"Pantograph"},{"floor":42.0,"key":"Whetstone"},{"floor":42.0,"key":"Bottled Tornado"},{"floor":43.0,"key":"Mercury Hourglass"},{"floor":54.0,"key":"Mummified Hand"},{"floor":54.0,"key":"Pear"}],"event_choices":[{"damage_healed":0.0,"max_hp_gain":0.0,"max_hp_loss":0.0,"gold_gain":0.0,"event_name":"World of Goop","player_choice":"Left Gold","floor":3.0,"gold_loss":35.0,"damage_taken":0.0},{"damage_healed":0.0,"max_hp_gain":0.0,"max_hp_loss":0.0,"gold_gain":0.0,"event_name":"The Woman in Blue","player_choice":"Bought 1 Potion","floor":19.0,"gold_loss":0.0,"damage_taken":0.0},{"damage_healed":0.0,"max_hp_gain":0.0,"max_hp_loss":0.0,"gold_gain":100.0,"event_name":"The Joust","player_choice":"Bet on Murderer","floor":29.0,"gold_loss":50.0,"damage_taken":0.0}],"is_beta":false,"boss_relics":[{"not_picked":["Ectoplasm","Velvet Choker"],"picked":"Black Star"},{"not_picked":["Philosopher\u0027s Stone","Lizard Tail"],"picked":"Pandora\u0027s Box"}],"items_purged_floors":[36,47],"is_endless":false,"potions_floor_spawned":[1,2,10,18,24,25,27,31,33,38,39,42,45,54],"ascension_level":12}