{"gold_per_floor":[113,188,363,66,16,44,44,44,44,60,60,77,108,120,120,217,217,207,222,49,49,49,79,4,4],"floor_reached":25,"playtime":944,"items_purged":["Doubt","Strike_R"],"score":352,"play_id":"edfb2551-3da0-43fd-bbe8-6baeb3b14696","local_time":"20190529230749","is_ascension_mode":true,"campfire_choices":[{"data":"Armaments","floor":8.0,"key":"SMITH"},{"data":"Feed","floor":15.0,"key":"SMITH"}],"neow_cost":"NONE","seed_source_timestamp":0,"circlet_count":0,"master_deck":["AscendersBane","Defend_R","Defend_R","Defend_R","Defend_R","Bash","Armaments+1","Rampage","Pommel Strike","Clothesline","Feed+1","Anger","Double Tap","Inflame","True Grit","Inflame","Rupture","Carnage","Thunderclap"],"special_seed":0,"relics":["Burning Blood","Blood Vial","Bronze Scales","Gremlin Horn","Boot","Sundial","Coffee Dripper","Potion Belt"],"potions_floor_usage":[23,23,23,23,25],"damage_taken":[{"damage":10.0,"enemies":"Jaw Worm","floor":1.0,"turns":5.0},{"damage":43.0,"enemies":"Lagavulin","floor":6.0,"turns":7.0},{"damage":3.0,"enemies":"Small Slimes","floor":10.0,"turns":3.0},{"damage":5.0,"enemies":"2 Louse","floor":12.0,"turns":2.0},{"damage":9.0,"enemies":"3 Sentries","floor":13.0,"turns":8.0},{"damage":11.0,"enemies":"Exordium Wildlife","floor":14.0,"turns":4.0},{"damage":34.0,"enemies":"Slime Boss","floor":16.0,"turns":9.0},{"damage":20,"enemies":"2 Thieves","floor":18,"turns":4},{"damage":23,"enemies":"Spheric Guardian","floor":19,"turns":4},{"damage":43,"enemies":"Slavers","floor":23,"turns":5},{"damage":15,"enemies":"Snake Plant","floor":25,"turns":3}],"seed_played":"3637299218520749798","potions_obtained":[{"floor":1.0,"key":"EssenceOfSteel"},{"floor":14.0,"key":"PowerPotion"},{"floor":16.0,"key":"EntropicBrew"},{"floor":18,"key":"SkillPotion"},{"floor":23,"key":"SkillPotion"}],"is_trial":false,"path_per_floor":["M","?","?","$","?","E","$","R","T","M","$","M","E","M","R","B",null,"M","M","$","?","$","E","?","M"],"character_chosen":"IRONCLAD","items_purchased":["Bronze Scales","Rampage","Inflame"],"campfire_rested":0,"item_purchase_floors":[4,4,20],"current_hp_per_floor":[70,59,59,59,59,24,24,24,24,29,29,32,31,32,32,10,69,57,42,42,42,42,11,11,0],"gold":4,"neow_bonus":"RANDOM_COMMON_RELIC","is_prod":false,"is_daily":false,"chose_seed":false,"campfire_upgraded":2,"win_rate":0,"timestamp":1559185669,"path_taken":["M","?","?","$","?","E","?","R","T","?","$","M","E","M","R","BOSS","M","M","$","?","$","E","?","M"],"build_version":"2019-01-23","purchased_purges":2,"victory":false,"max_hp_per_floor":[80,80,80,80,80,80,80,80,80,80,80,80,80,84,84,88,88,88,88,88,88,88,92,92,92],"card_choices":[{"not_picked":["Infernal Blade","Fire Breathing"],"picked":"Armaments","floor":1.0},{"not_picked":["Wild Strike","Thunderclap"],"picked":"Pommel Strike","floor":6.0},{"not_picked":["Flex","Sword Boomerang"],"picked":"Clothesline","floor":10.0},{"not_picked":["Clash","Sword Boomerang","Sentinel"],"picked":"SKIP","floor":12.0},{"not_picked":["Second Wind","True Grit"],"picked":"Feed","floor":13.0},{"not_picked":["Rage","Sentinel"],"picked":"Anger","floor":14.0},{"not_picked":["Bludgeon","Berserk"],"picked":"Double Tap","floor":16.0},{"not_picked":["Dropkick","Rage+1"],"picked":"Inflame","floor":18},{"not_picked":["Warcry","Pommel Strike"],"picked":"True Grit","floor":19},{"not_picked":["Cleave+1","Perfected Strike"],"picked":"Thunderclap","floor":23}],"player_experience":541032,"relics_obtained":[{"floor":6.0,"key":"Gremlin Horn"},{"floor":9.0,"key":"Boot"},{"floor":13.0,"key":"Sundial"},{"floor":23,"key":"Potion Belt"}],"event_choices":[{"damage_healed":0.0,"max_hp_gain":0.0,"max_hp_loss":0.0,"gold_gain":75.0,"event_name":"World of Goop","player_choice":"Gather Gold","floor":2.0,"gold_loss":0.0,"damage_taken":11.0},{"damage_healed":0.0,"max_hp_gain":0.0,"max_hp_loss":0.0,"gold_gain":175.0,"event_name":"Liars Game","player_choice":"AGREE","floor":3.0,"gold_loss":0.0,"damage_taken":0.0,"cards_obtained":["Doubt"]},{"cards_removed":["Strike_R"],"damage_healed":0.0,"max_hp_gain":0.0,"max_hp_loss":0.0,"gold_gain":0.0,"event_name":"The Cleric","player_choice":"Card Removal","floor":5.0,"gold_loss":50.0,"damage_taken":0.0},{"damage_healed":0,"gold_gain":0,"cards_transformed":["Strike_R","Strike_R"],"player_choice":"Became Test Subject","damage_taken":0,"max_hp_gain":0,"max_hp_loss":0,"event_name":"Drug Dealer","floor":21,"gold_loss":0,"cards_obtained":["Rupture","Carnage"]},{"cards_removed":["Strike_R"],"damage_healed":0,"gold_gain":0,"player_choice":"Gave Gold","damage_taken":0,"max_hp_gain":0,"max_hp_loss":0,"event_name":"Beggar","floor":24,"gold_loss":75}],"is_beta":false,"boss_relics":[{"not_picked":["Calling Bell","Busted Crown"],"picked":"Coffee Dripper"}],"items_purged_floors":[4,20],"is_endless":false,"potions_floor_spawned":[1,14,16,18,23],"killed_by":"Snake Plant","ascension_level":11}