{"gold_per_floor":[115,115,115,131,151,180,190,204,231,254,266,304,316,341,353,462,474,500,526,538,550,215,215,215,231,231,249,259,259,272,193,193,290,340,340],"floor_reached":35,"playtime":2799,"items_purged":[],"score":386,"play_id":"dd5ed405-4c81-45f7-bef9-250de2ff039b","local_time":"20181228133851","is_ascension_mode":false,"campfire_choices":[{"data":"Armaments","floor":11,"key":"SMITH"},{"data":"Bash","floor":13,"key":"SMITH"},{"floor":15,"key":"RECALL"},{"data":"Rampage","floor":23,"key":"SMITH"},{"floor":29,"key":"REST"},{"floor":32,"key":"REST"}],"neow_cost":"NONE","seed_source_timestamp":431612371998814,"circlet_count":0,"master_deck":["Defend_R","Defend_R","Defend_R","Defend_R","Bash+1","Clash","Feel No Pain","Evolve","Spot Weakness","Headbutt","Armaments+1","Cleave","Reaper+1","Rampage+1","Bite","Bite","Bite","Bite","Bite","Metallicize+1","Battle Trance","Barricade+1","True Grit","Havoc","Disarm","Dark Embrace+1","Pummel+1"],"relics":["Burning Blood","NeowsBlessing","Pen Nib","Lantern","Boot","MawBank","Odd Mushroom","Runic Cube","Frozen Egg 2","Kunai","Tiny House"],"potions_floor_usage":[16,16,30,30],"damage_taken":[{"damage":0,"enemies":"Jaw Worm","floor":1,"turns":1},{"damage":0,"enemies":"Cultist","floor":4,"turns":1},{"damage":0,"enemies":"2 Louse","floor":5,"turns":1},{"damage":22,"enemies":"3 Sentries","floor":6,"turns":10},{"damage":5,"enemies":"Looter","floor":7,"turns":4},{"damage":0,"enemies":"2 Fungi Beasts","floor":8,"turns":3},{"damage":14,"enemies":"Exordium Thugs","floor":10,"turns":5},{"damage":12,"enemies":"The Mushroom Lair","floor":12,"turns":4},{"damage":0,"enemies":"3 Louse","floor":14,"turns":3},{"damage":58,"enemies":"The Guardian","floor":16,"turns":14},{"damage":12,"enemies":"Chosen","floor":18,"turns":9},{"damage":42,"enemies":"Spheric Guardian","floor":19,"turns":6},{"damage":6,"enemies":"Chosen and Byrds","floor":25,"turns":9},{"damage":17,"enemies":"Snecko","floor":27,"turns":6},{"damage":38,"enemies":"Sentry and Sphere","floor":28,"turns":10},{"damage":27,"enemies":"Snake Plant","floor":30,"turns":5},{"damage":25,"enemies":"Champ","floor":33,"turns":15},{"damage":64,"enemies":"3 Darklings","floor":35,"turns":3}],"seed_played":"-186439030164568968","potions_obtained":[{"floor":1,"key":"FairyPotion"},{"floor":5,"key":"Strength Potion"},{"floor":6,"key":"Weak Potion"},{"floor":8,"key":"Swift Potion"},{"floor":14,"key":"Explosive Potion"},{"floor":25,"key":"SkillPotion"},{"floor":33,"key":"Dexterity Potion"},{"floor":34,"key":"BloodPotion"}],"is_trial":false,"path_per_floor":["M","?","?","M","M","E","M","M","T","M","R","?","R","M","R","B",null,"M","M","?","?","$","R","?","M","T","M","M","R","M","$","R","B",null,"M"],"character_chosen":"IRONCLAD","items_purchased":["Frozen Egg 2","Metallicize+1","Battle Trance","Disarm"],"campfire_rested":2,"item_purchase_floors":[22,22,22,31],"current_hp_per_floor":[80,73,73,79,80,64,65,71,71,63,63,57,57,63,63,11,80,80,44,44,44,44,44,44,56,56,53,36,52,39,39,55,56,61,0],"gold":340,"neow_bonus":"THREE_ENEMY_KILL","is_prod":false,"is_daily":false,"chose_seed":false,"campfire_upgraded":3,"win_rate":0,"timestamp":1545982731,"path_taken":["M","?","?","?","M","E","M","M","T","M","R","?","R","M","R","BOSS","M","M","?","?","$","R","?","M","T","?","M","R","M","$","R","BOSS","M"],"build_version":"2018-12-20","purchased_purges":0,"victory":false,"max_hp_per_floor":[80,80,80,80,80,80,80,80,80,80,80,80,80,80,80,80,80,80,80,56,56,56,56,56,56,56,56,56,56,56,56,56,56,61,61],"card_choices":[{"not_picked":["Seeing Red","Flex"],"picked":"Clash","floor":1},{"not_picked":["Wild Strike","Power Through"],"picked":"Feel No Pain","floor":4},{"not_picked":["Spot Weakness","Wild Strike","Warcry"],"picked":"SKIP","floor":5},{"not_picked":["Twin Strike","Intimidate"],"picked":"Evolve","floor":6},{"not_picked":["Pommel Strike","Heavy Blade"],"picked":"Spot Weakness","floor":7},{"not_picked":["Impervious","Perfected Strike"],"picked":"Headbutt","floor":8},{"not_picked":["Twin Strike","Sentinel"],"picked":"Armaments","floor":10},{"not_picked":["Body Slam","Searing Blow"],"picked":"Cleave","floor":12},{"not_picked":["Cleave","Shrug It Off","Flex"],"picked":"SKIP","floor":14},{"not_picked":["Dark Embrace","Exhume"],"picked":"Reaper","floor":16},{"not_picked":["Perfected Strike","Rage","Wild Strike"],"picked":"SKIP","floor":18},{"not_picked":["Metallicize","Flex+1"],"picked":"Rampage","floor":19},{"not_picked":["Iron Wave","Clothesline"],"picked":"True Grit","floor":25},{"not_picked":["Second Wind+1","Blood for Blood+1"],"picked":"Havoc","floor":27},{"not_picked":["Uppercut+1","Armaments","Intimidate"],"picked":"SKIP","floor":28},{"not_picked":["Cleave","Feel No Pain+1","True Grit"],"picked":"SKIP","floor":30},{"not_picked":["Barricade+1","Offering"],"picked":"Dark Embrace+1","floor":33},{"not_picked":["Searing Blow","Thunderclap"],"picked":"Pummel+1","floor":34}],"player_experience":424726,"relics_obtained":[{"floor":6,"key":"Boot"},{"floor":9,"key":"MawBank"},{"floor":12,"key":"Odd Mushroom"},{"floor":26,"key":"Kunai"}],"event_choices":[{"damage_healed":0,"gold_gain":0,"player_choice":"Success","damage_taken":7,"relics_obtained":["Pen Nib"],"max_hp_gain":0,"max_hp_loss":0,"event_name":"Scrap Ooze","floor":2,"gold_loss":0},{"damage_healed":0,"gold_gain":0,"player_choice":"Gave Potion","damage_taken":0,"relics_obtained":["Lantern"],"max_hp_gain":0,"max_hp_loss":0,"event_name":"WeMeetAgain","floor":3,"gold_loss":0},{"damage_healed":0,"gold_gain":0,"player_choice":"Fought Mushrooms","damage_taken":0,"max_hp_gain":0,"max_hp_loss":0,"event_name":"Mushrooms","floor":12,"gold_loss":0},{"damage_healed":0,"gold_gain":0,"player_choice":"Became a vampire","damage_taken":0,"max_hp_gain":0,"max_hp_loss":24,"event_name":"Vampires","floor":20,"gold_loss":0,"cards_obtained":["Bite","Bite","Bite","Bite","Bite"]},{"damage_healed":0,"gold_gain":0,"player_choice":"Ignored","damage_taken":0,"max_hp_gain":0,"max_hp_loss":0,"event_name":"Beggar","floor":21,"gold_loss":0},{"damage_healed":0,"gold_gain":0,"player_choice":"1 cards matched","damage_taken":0,"max_hp_gain":0,"max_hp_loss":0,"event_name":"Match and Keep!","floor":24,"gold_loss":0,"cards_obtained":["Barricade"]}],"is_beta":false,"boss_relics":[{"not_picked":["White Beast Statue","Velvet Choker"],"picked":"Runic Cube"},{"not_picked":["Sozu","Pandora\u0027s Box"],"picked":"Tiny House"}],"items_purged_floors":[],"is_endless":false,"potions_floor_spawned":[1,5,6,8,14,25,33],"killed_by":"3 Darklings","ascension_level":0}