{"gold_per_floor":[115,115,130,130,150,185,200,200],"floor_reached":8,"playtime":287,"items_purged":[],"score":96,"play_id":"74c4d3d3-2f2a-4ba8-bbbb-910851d5d0b0","local_time":"20190712215352","is_ascension_mode":true,"campfire_choices":[],"neow_cost":"NONE","seed_source_timestamp":161158923439222,"circlet_count":0,"master_deck":["AscendersBane","Strike_B","Strike_B","Strike_B","Defend_B","Defend_B","Defend_B","Defend_B","Zap","Dualcast","Creative AI","Gash","Coolheaded","Conserve Battery"],"relics":["Cracked Core","Omamori","WarpedTongs","Darkstone Periapt"],"potions_floor_usage":[8],"damage_taken":[{"damage":1,"enemies":"Cultist","floor":1,"turns":3},{"damage":7,"enemies":"2 Louse","floor":3,"turns":3},{"damage":0,"enemies":"Small Slimes","floor":5,"turns":5},{"damage":42,"enemies":"3 Sentries","floor":6,"turns":9},{"damage":3,"enemies":"2 Fungi Beasts","floor":7,"turns":5},{"damage":20,"enemies":"Exordium Wildlife","floor":8,"turns":3}],"seed_played":"4063480137925371718","potions_obtained":[{"floor":3,"key":"Dexterity Potion"}],"is_trial":false,"path_per_floor":["M","?","M","?","M","E","M","M"],"character_chosen":"DEFECT","items_purchased":[],"campfire_rested":0,"item_purchase_floors":[],"current_hp_per_floor":[67,67,60,60,60,18,15,0],"gold":200,"neow_bonus":"RANDOM_COMMON_RELIC","is_prod":false,"is_daily":false,"chose_seed":false,"campfire_upgraded":0,"win_rate":0,"timestamp":1562982832,"path_taken":["M","?","?","?","?","E","M","M"],"build_version":"2019-07-05","purchased_purges":0,"victory":false,"max_hp_per_floor":[75,75,75,75,75,75,75,75],"card_choices":[{"not_picked":["Streamline","Rebound","Leap"],"picked":"SKIP","floor":1},{"not_picked":["Sweeping Beam","Steam Power"],"picked":"Gash","floor":3},{"not_picked":["Doom and Gloom","Conserve Battery","Steam"],"picked":"SKIP","floor":5},{"not_picked":["Sunder","Reboot"],"picked":"Coolheaded","floor":6},{"not_picked":["Compile Driver","Streamline"],"picked":"Conserve Battery","floor":7}],"player_experience":689720,"relics_obtained":[{"floor":6,"key":"Darkstone Periapt"}],"event_choices":[{"damage_healed":0,"gold_gain":0,"cards_transformed":["Strike_B"],"player_choice":"Transformed","damage_taken":0,"max_hp_gain":0,"max_hp_loss":0,"event_name":"Transmorgrifier","floor":2,"gold_loss":0,"cards_obtained":["Creative AI"]},{"damage_healed":0,"gold_gain":0,"player_choice":"Rummage","damage_taken":0,"relics_obtained":["WarpedTongs"],"max_hp_gain":0,"max_hp_loss":0,"event_name":"Accursed Blacksmith","floor":4,"gold_loss":0,"cards_obtained":["Pain"]}],"is_beta":false,"boss_relics":[],"items_purged_floors":[],"is_endless":false,"potions_floor_spawned":[3],"killed_by":"Exordium Wildlife","ascension_level":13}