{"gold_per_floor":[115,115,127,127,127,162,337,354,354,379,391,424,454,454,454,577,577,591,591,501,514,537,537,550,574,574,291,291,0,0,15,15,143,143,167,292,317,317,337,377,377,377,377,54,54,97,97,0,0,0],"floor_reached":51,"playtime":6226,"items_purged":["Doubt","Decay","Injury"],"score":1070,"play_id":"59e68389-1f0e-49d3-a4f3-c399e623e951","local_time":"20190801000351","is_ascension_mode":true,"campfire_choices":[{"data":"Whirlwind","floor":15.0,"key":"SMITH"},{"floor":23.0,"key":"REST"},{"data":"Corruption","floor":28.0,"key":"SMITH"},{"data":"Juggernaut","floor":30.0,"key":"SMITH"},{"data":"True Grit","floor":32.0,"key":"SMITH"},{"floor":41.0,"key":"REST"},{"data":"Brutality","floor":45.0,"key":"SMITH"},{"floor":49.0,"key":"REST"}],"neow_cost":"NONE","seed_source_timestamp":0,"circlet_count":0,"master_deck":["Strike_R+1","Strike_R","Defend_R","Defend_R","Defend_R+1","Defend_R+1","Bash+1","Feel No Pain+1","Iron Wave","Sever Soul","Anger","Whirlwind+1","Body Slam","Juggernaut+1","Pommel Strike","J.A.X.","True Grit+1","Headbutt+1","Rupture+1","Corruption+1","Armaments+1","Thunderclap+1","Brutality+1","True Grit+1","Barricade+1","Blood for Blood+1","Armaments+1","Shrug It Off+1","Battle Trance+1","Dramatic Entrance","Warcry+1","Berserk+1","Shockwave+1","Battle Trance+1"],"special_seed":0,"relics":["Burning Blood","NeowsBlessing","Thread and Needle","Art of War","Darkstone Periapt","Regal Pillow","Lantern","War Paint","Golden Idol","Calling Bell","Strawberry","Self Forming Clay","Incense Burner","Toxic Egg 2","Juzu Bracelet","Chemical X","Astrolabe","Charon\u0027s Ashes","Frozen Egg 2","Letter Opener","Mango","Red Mask"],"potions_floor_usage":[],"damage_taken":[{"damage":0.0,"enemies":"Small Slimes","floor":1.0,"turns":1.0},{"damage":0.0,"enemies":"2 Louse","floor":3.0,"turns":1.0},{"damage":0.0,"enemies":"Lagavulin","floor":6.0,"turns":1.0},{"damage":3.0,"enemies":"Jaw Worm","floor":8.0,"turns":4.0},{"damage":19.0,"enemies":"Exordium Wildlife","floor":11.0,"turns":6.0},{"damage":7.0,"enemies":"Gremlin Nob","floor":12.0,"turns":3.0},{"damage":49.0,"enemies":"Slime Boss","floor":16.0,"turns":11.0},{"damage":19.0,"enemies":"3 Byrds","floor":18.0,"turns":6.0},{"damage":17.0,"enemies":"Spheric Guardian","floor":21.0,"turns":5.0},{"damage":39.0,"enemies":"Snecko","floor":22.0,"turns":6.0},{"damage":31.0,"enemies":"Shelled Parasite and Fungi","floor":24.0,"turns":6.0},{"damage":10.0,"enemies":"Sentry and Sphere","floor":25.0,"turns":5.0},{"damage":0.0,"enemies":"Snecko","floor":31.0,"turns":4.0},{"damage":68.0,"enemies":"Champ","floor":33.0,"turns":10.0},{"damage":19.0,"enemies":"3 Darklings","floor":35.0,"turns":5.0},{"damage":14.0,"enemies":"Mind Bloom Boss Battle","floor":36.0,"turns":7.0},{"damage":0.0,"enemies":"3 Shapes","floor":37.0,"turns":6.0},{"damage":12.0,"enemies":"Sphere and 2 Shapes","floor":39.0,"turns":4.0},{"damage":19.0,"enemies":"Giant Head","floor":40.0,"turns":7.0},{"damage":6.0,"enemies":"Nemesis","floor":46.0,"turns":7.0},{"damage":104,"enemies":"Awakened One","floor":50,"turns":10}],"seed_played":"-7055236679795102252","potions_obtained":[{"floor":6.0,"key":"Poison Potion"},{"floor":11.0,"key":"FearPotion"},{"floor":24.0,"key":"BloodPotion"},{"floor":31.0,"key":"SteroidPotion"},{"floor":36.0,"key":"LiquidBronze"},{"floor":46.0,"key":"GamblersBrew"}],"is_trial":false,"path_per_floor":["M","?","M","?","?","E","?","M","T","T","M","E","?","?","R","B",null,"M","?","?","M","M","R","M","M","T","$","R","$","R","M","R","B",null,"M","?","M","?","M","E","R","?","T","$","R","E","?","?","R","B",null],"character_chosen":"IRONCLAD","items_purchased":["Armaments+1","Juzu Bracelet","Chemical X","Warcry+1","Berserk+1"],"campfire_rested":3,"item_purchase_floors":[27,27,29,44,44],"current_hp_per_floor":[78,62,68,68,61,67,67,70,70,70,57,56,56,56,56,13,84,71,71,71,60,27,71,46,66,66,66,66,66,66,72,72,10,77,64,56,62,62,56,43,87,87,87,87,87,101,101,101,113,15],"gold":0,"neow_bonus":"THREE_ENEMY_KILL","is_prod":false,"is_daily":false,"chose_seed":false,"campfire_upgraded":5,"win_rate":0,"timestamp":1564643031,"path_taken":["M","?","M","?","?","E","?","?","T","?","M","E","?","?","R","BOSS","M","?","?","?","?","R","M","M","T","?","R","$","R","M","R","BOSS","M","?","M","?","M","E","R","?","T","$","R","E","?","?","R","BOSS"],"build_version":"2019-07-17","purchased_purges":3,"victory":true,"max_hp_per_floor":[80,80,80,80,80,80,80,80,80,80,80,80,80,74,74,74,99,99,99,99,99,99,99,99,99,99,99,99,99,99,99,99,99,99,99,99,99,99,99,99,99,99,99,99,99,113,113,113,113,113],"card_choices":[{"not_picked":["Headbutt","Clash"],"picked":"Feel No Pain","floor":1.0},{"not_picked":["Flex","Havoc"],"picked":"Iron Wave","floor":3.0},{"not_picked":["Burning Pact","Anger"],"picked":"Sever Soul","floor":6.0},{"not_picked":["Wild Strike","Juggernaut"],"picked":"Anger","floor":8.0},{"not_picked":["True Grit","Rupture"],"picked":"Whirlwind","floor":11.0},{"not_picked":["Iron Wave","Havoc"],"picked":"Body Slam","floor":12.0},{"not_picked":["Demon Form","Dark Embrace"],"picked":"Juggernaut","floor":16.0},{"not_picked":["Cleave","Bloodletting"],"picked":"Pommel Strike","floor":18.0},{"not_picked":["Pommel Strike","Wild Strike"],"picked":"True Grit","floor":21.0},{"not_picked":["Clothesline","Wild Strike"],"picked":"Headbutt+1","floor":22.0},{"not_picked":["True Grit","Dropkick"],"picked":"Rupture","floor":24.0},{"not_picked":["Body Slam","Brutality"],"picked":"Corruption","floor":25.0},{"not_picked":["Clash","Cleave+1"],"picked":"Thunderclap+1","floor":31.0},{"not_picked":["Demon Form","Fiend Fire"],"picked":"Brutality","floor":33.0},{"not_picked":["Uppercut","Perfected Strike"],"picked":"Armaments+1","floor":35.0},{"not_picked":["Rampage+1","Pommel Strike"],"picked":"Shrug It Off+1","floor":36.0},{"not_picked":["Armaments+1","Twin Strike+1","True Grit+1"],"picked":"SKIP","floor":37.0},{"not_picked":["Havoc+1","Flex+1","Headbutt+1"],"picked":"SKIP","floor":39.0},{"not_picked":["Burning Pact+1","Clash+1"],"picked":"Battle Trance+1","floor":40.0},{"not_picked":["Panache+1","HandOfGreed"],"picked":"Dramatic Entrance","floor":42.0},{"not_picked":["Corruption+1","Headbutt+1"],"picked":"Shockwave+1","floor":46.0}],"player_experience":441093,"relics_obtained":[{"floor":6.0,"key":"Art of War"},{"floor":9.0,"key":"Darkstone Periapt"},{"floor":10.0,"key":"Regal Pillow"},{"floor":12.0,"key":"Lantern"},{"floor":17.0,"key":"Strawberry"},{"floor":17.0,"key":"Self Forming Clay"},{"floor":17.0,"key":"Incense Burner"},{"floor":26.0,"key":"Toxic Egg 2"},{"floor":36.0,"key":"Charon\u0027s Ashes"},{"floor":40.0,"key":"Frozen Egg 2"},{"floor":43.0,"key":"Letter Opener"},{"floor":46.0,"key":"Mango"}],"event_choices":[{"damage_healed":0.0,"max_hp_gain":0.0,"max_hp_loss":0.0,"gold_gain":0.0,"event_name":"Shining Light","player_choice":"Entered Light","floor":2.0,"gold_loss":0.0,"damage_taken":16.0,"cards_upgraded":["Bash","Feel No Pain"]},{"damage_healed":0.0,"max_hp_gain":0.0,"max_hp_loss":0.0,"gold_gain":0.0,"event_name":"Big Fish","player_choice":"Box","floor":4.0,"gold_loss":0.0,"damage_taken":0.0,"relics_obtained":["Thread and Needle"],"cards_obtained":["Regret"]},{"cards_removed":["Regret"],"damage_healed":0.0,"max_hp_gain":0.0,"max_hp_loss":0.0,"gold_gain":0.0,"event_name":"Golden Wing","player_choice":"Card Removal","floor":5.0,"gold_loss":0.0,"damage_taken":7.0},{"damage_healed":0.0,"max_hp_gain":0.0,"max_hp_loss":0.0,"gold_gain":175.0,"event_name":"Liars Game","player_choice":"AGREE","floor":7.0,"gold_loss":0.0,"damage_taken":0.0,"cards_obtained":["Doubt"]},{"damage_healed":0.0,"max_hp_gain":0.0,"max_hp_loss":0.0,"gold_gain":30.0,"event_name":"Dead Adventurer","player_choice":"Searched \u00273\u0027 times","floor":13.0,"gold_loss":0.0,"damage_taken":0.0,"relics_obtained":["War Paint"]},{"damage_healed":0.0,"max_hp_gain":0.0,"max_hp_loss":6.0,"gold_gain":0.0,"event_name":"Golden Idol","player_choice":"Lose Max HP","floor":14.0,"gold_loss":0.0,"damage_taken":0.0,"relics_obtained":["Golden Idol"]},{"damage_healed":0.0,"max_hp_gain":0.0,"max_hp_loss":0.0,"gold_gain":0.0,"event_name":"Drug Dealer","player_choice":"Obtain J.A.X.","floor":19.0,"gold_loss":0.0,"damage_taken":0.0,"cards_obtained":["J.A.X."]},{"cards_removed":["Doubt"],"damage_healed":0.0,"max_hp_gain":0.0,"max_hp_loss":0.0,"gold_gain":0.0,"event_name":"Designer","player_choice":"Upgrade and Remove","floor":20.0,"gold_loss":90.0,"damage_taken":0.0,"cards_upgraded":["Strike_R"]},{"damage_healed":0.0,"max_hp_gain":0.0,"max_hp_loss":0.0,"gold_gain":0.0,"event_name":"MindBloom","player_choice":"Fight","floor":36.0,"gold_loss":0.0,"damage_taken":0.0},{"damage_healed":0.0,"max_hp_gain":0.0,"max_hp_loss":0.0,"gold_gain":0.0,"event_name":"Upgrade Shrine","player_choice":"Upgraded","floor":38.0,"gold_loss":0.0,"damage_taken":0.0,"cards_upgraded":["Rupture"]},{"damage_healed":0.0,"max_hp_gain":0.0,"max_hp_loss":0.0,"gold_gain":0.0,"event_name":"SensoryStone","player_choice":"Memory 1","floor":42.0,"gold_loss":0.0,"damage_taken":0.0},{"damage_healed":0.0,"max_hp_gain":0.0,"max_hp_loss":0.0,"gold_gain":0.0,"event_name":"Duplicator","player_choice":"Copied","floor":47.0,"gold_loss":0.0,"damage_taken":0.0,"cards_obtained":["Battle Trance"]},{"damage_healed":0.0,"max_hp_gain":0.0,"max_hp_loss":0.0,"gold_gain":0.0,"event_name":"Tomb of Lord Red Mask","player_choice":"Paid","floor":48.0,"gold_loss":97.0,"damage_taken":0.0,"relics_obtained":["Red Mask"]}],"is_beta":false,"boss_relics":[{"not_picked":["Fusion Hammer","Eternal Feather"],"picked":"Calling Bell"},{"not_picked":["Runic Dome","Pandora\u0027s Box"],"picked":"Astrolabe"}],"items_purged_floors":[27,29,44],"is_endless":false,"potions_floor_spawned":[6,11,24,31,36,46],"ascension_level":8}