{"gold_per_floor":[116,116,116,134,150,150,193,193,193,193,217,251,47,47,47,145,145,159,80,98,98,98,98],"floor_reached":23,"playtime":759,"items_purged":["Strike_B"],"score":364,"play_id":"0cfe387c-52f9-415c-b92a-8346cef5e38b","local_time":"20190719210102","is_ascension_mode":true,"campfire_choices":[{"data":"Zap","floor":6,"key":"SMITH"},{"floor":8,"key":"REST"},{"floor":15,"key":"REST"}],"neow_cost":"NONE","seed_source_timestamp":855557303660381,"circlet_count":0,"master_deck":["AscendersBane","Strike_B","Strike_B","Defend_B","Defend_B","Defend_B","Defend_B+1","Zap+1","Dualcast","Steam","Leap","Loop","Compile Driver+1","Capacitor","Sunder","Loop","Electrodynamics","Cold Snap","Glacier","Ghostly","Ghostly","Ghostly"],"relics":["Cracked Core","Golden Idol","Bottled Lightning","Bronze Scales","Ornamental Fan","Gremlin Horn","Nloth\u0027s Gift"],"potions_floor_usage":[7,12,12,16],"damage_taken":[{"damage":9,"enemies":"Jaw Worm","floor":1,"turns":4},{"damage":4,"enemies":"2 Louse","floor":4,"turns":3},{"damage":0,"enemies":"Cultist","floor":5,"turns":3},{"damage":31,"enemies":"Gremlin Nob","floor":7,"turns":5},{"damage":1,"enemies":"2 Fungi Beasts","floor":11,"turns":3},{"damage":15,"enemies":"3 Sentries","floor":12,"turns":6},{"damage":29,"enemies":"Hexaghost","floor":16,"turns":11},{"damage":15,"enemies":"Spheric Guardian","floor":18,"turns":4},{"damage":31,"enemies":"Chosen","floor":20,"turns":4},{"damage":8,"enemies":"Book of Stabbing","floor":23,"turns":5}],"seed_played":"-987985394612290930","potions_obtained":[{"floor":4,"key":"EssenceOfSteel"},{"floor":7,"key":"Fire Potion"},{"floor":11,"key":"PowerPotion"},{"floor":12,"key":"SkillPotion"},{"floor":18,"key":"Strength Potion"},{"floor":20,"key":"SpeedPotion"}],"is_trial":false,"path_per_floor":["M","?","T","M","M","R","E","R","T","?","M","E","$","?","R","B",null,"M","$","M","?","?","E"],"character_chosen":"DEFECT","items_purchased":["Sunder","Loop","Glacier"],"campfire_rested":2,"item_purchase_floors":[13,13,19],"current_hp_per_floor":[62,62,62,58,58,58,27,48,48,48,47,32,32,11,32,3,54,39,39,8,8,8,0],"gold":98,"neow_bonus":"TEN_PERCENT_HP_BONUS","is_prod":false,"is_daily":false,"chose_seed":false,"campfire_upgraded":1,"win_rate":0,"timestamp":1563588062,"path_taken":["M","?","?","M","M","R","E","R","T","?","?","E","$","?","R","BOSS","M","$","M","?","?","E"],"build_version":"2019-07-17","purchased_purges":1,"victory":false,"max_hp_per_floor":[78,71,71,71,71,71,71,71,71,71,71,71,71,71,71,71,71,71,71,71,35,35,35],"card_choices":[{"not_picked":["Coolheaded","Beam Cell"],"picked":"Steam","floor":1},{"not_picked":["Turbo","Streamline"],"picked":"Leap","floor":4},{"not_picked":["Redo","Go for the Eyes"],"picked":"Loop","floor":5},{"not_picked":["Conserve Battery","Barrage"],"picked":"Compile Driver","floor":7},{"not_picked":["Coolheaded","Amplify"],"picked":"Capacitor","floor":11},{"not_picked":["Skim","Reinforced Body","Streamline"],"picked":"SKIP","floor":12},{"not_picked":["All For One","Meteor Strike"],"picked":"Electrodynamics","floor":16},{"not_picked":["Steam","Compile Driver"],"picked":"Cold Snap","floor":18},{"not_picked":["Cold Snap","Sweeping Beam","Turbo"],"picked":"SKIP","floor":20}],"player_experience":392419,"relics_obtained":[{"floor":3,"key":"Bottled Lightning"},{"floor":7,"key":"Bronze Scales"},{"floor":9,"key":"Ornamental Fan"},{"floor":12,"key":"Gremlin Horn"}],"event_choices":[{"damage_healed":0,"gold_gain":0,"player_choice":"Lose Max HP","damage_taken":0,"relics_obtained":["Golden Idol"],"max_hp_gain":0,"max_hp_loss":7,"event_name":"Golden Idol","floor":2,"gold_loss":0},{"cards_removed":["Strike_B"],"damage_healed":0,"gold_gain":0,"player_choice":"Offered Basic","damage_taken":0,"max_hp_gain":0,"max_hp_loss":0,"event_name":"Bonfire Elementals","floor":10,"gold_loss":0},{"damage_healed":0,"gold_gain":0,"player_choice":"Entered Light","damage_taken":21,"max_hp_gain":0,"max_hp_loss":0,"event_name":"Shining Light","floor":14,"gold_loss":0,"cards_upgraded":["Defend_B","Compile Driver"]},{"damage_healed":0,"gold_gain":0,"player_choice":"Became a Ghost","damage_taken":0,"max_hp_gain":0,"max_hp_loss":36,"event_name":"Ghosts","floor":21,"gold_loss":0,"cards_obtained":["Ghostly","Ghostly","Ghostly"]},{"damage_healed":0,"gold_gain":0,"player_choice":"Traded Relic","damage_taken":0,"relics_obtained":["Nloth\u0027s Gift"],"max_hp_gain":0,"max_hp_loss":0,"event_name":"N\u0027loth","floor":22,"relics_lost":["Fusion Hammer"],"gold_loss":0}],"is_beta":false,"boss_relics":[{"not_picked":["FrozenCore","Coffee Dripper"],"picked":"Fusion Hammer"}],"items_purged_floors":[13],"is_endless":false,"potions_floor_spawned":[4,7,11,12,18,20],"killed_by":"Book of Stabbing","ascension_level":17}