{"gold_per_floor":[112,126,142,217,116,116,135,148,148,162,172,197,197],"floor_reached":13,"playtime":542,"items_purged":["Strike_G"],"score":107,"play_id":"19b8ff88-fc7b-471c-8785-942f5cc43797","local_time":"20190816131109","is_ascension_mode":true,"campfire_choices":[{"data":"Neutralize","floor":6,"key":"SMITH"}],"neow_cost":"NONE","seed_source_timestamp":15274194714419,"circlet_count":0,"master_deck":["Strike_G","Strike_G","Strike_G","Strike_G","Defend_G","Defend_G","Defend_G","Defend_G","Defend_G","Survivor","Neutralize+1","Poisoned Stab","Dagger Throw","Tools of the Trade","Deflect","Poisoned Stab","Tactician","Blur","Blur","Catalyst"],"relics":["Ring of the Snake","Bronze Scales","Question Card","PreservedInsect"],"potions_floor_usage":[],"damage_taken":[{"damage":4,"enemies":"Cultist","floor":1,"turns":5},{"damage":0,"enemies":"2 Louse","floor":2,"turns":2},{"damage":2,"enemies":"Small Slimes","floor":3,"turns":3},{"damage":1,"enemies":"Red Slaver","floor":7,"turns":3},{"damage":6,"enemies":"2 Fungi Beasts","floor":8,"turns":3},{"damage":18,"enemies":"Exordium Thugs","floor":10,"turns":4},{"damage":5,"enemies":"3 Louse","floor":11,"turns":3},{"damage":13,"enemies":"3 Sentries","floor":12,"turns":10}],"seed_played":"-7246435866111854806","potions_obtained":[{"floor":2,"key":"Weak Potion"},{"floor":8,"key":"Energy Potion"},{"floor":10,"key":"Dexterity Potion"}],"is_trial":false,"path_per_floor":["M","M","M","?","$","R","M","M","T","M","M","E","?"],"character_chosen":"THE_SILENT","items_purchased":["Deflect"],"campfire_rested":0,"item_purchase_floors":[5],"current_hp_per_floor":[66,66,64,53,53,53,52,46,46,28,23,10,0],"gold":197,"neow_bonus":"RANDOM_COMMON_RELIC","is_prod":false,"is_daily":false,"chose_seed":false,"campfire_upgraded":1,"win_rate":0,"timestamp":1565986269,"path_taken":["M","M","M","?","$","R","M","M","T","M","M","E","?"],"build_version":"2019-07-17","purchased_purges":1,"victory":false,"max_hp_per_floor":[70,70,70,70,70,70,70,70,70,70,70,70,70],"card_choices":[{"not_picked":["Endless Agony","Prepared"],"picked":"Poisoned Stab","floor":1},{"not_picked":["Concentrate","Blade Dance"],"picked":"Dagger Throw","floor":2},{"not_picked":["Cloak And Dagger","PiercingWail"],"picked":"Tools of the Trade","floor":3},{"not_picked":["Dagger Throw","Quick Slash"],"picked":"Poisoned Stab","floor":7},{"not_picked":["Bane","Reflex"],"picked":"Tactician","floor":8},{"not_picked":["Blade Dance","Dagger Throw","Underhanded Strike"],"picked":"Blur","floor":10},{"not_picked":["Blade Dance","Masterful Stab","Outmaneuver"],"picked":"Blur","floor":11},{"not_picked":["Blade Dance","Prepared","Deflect"],"picked":"Catalyst","floor":12}],"player_experience":404081,"relics_obtained":[{"floor":9,"key":"Question Card"},{"floor":12,"key":"PreservedInsect"}],"event_choices":[{"damage_healed":0,"gold_gain":75,"player_choice":"Gather Gold","damage_taken":11,"max_hp_gain":0,"max_hp_loss":0,"event_name":"World of Goop","floor":4,"gold_loss":0}],"is_beta":false,"boss_relics":[],"items_purged_floors":[5],"is_endless":false,"potions_floor_spawned":[2,8,10,11],"ascension_level":4}