{"gold_per_floor":[111,76,87,162,162,178,178,188,188,223,223,251,263,296,296,401,401,415,431,443,463,237,237,337,365,365,55,81,81,113,127,127,229,229,245,245,88,103,155,188,188],"floor_reached":41,"playtime":10657,"items_purged":["Clash","Blood for Blood","Pommel Strike"],"score":811,"play_id":"0d75df85-db07-48a3-82dd-35895852878b","local_time":"20190523235004","is_ascension_mode":true,"campfire_choices":[{"data":"Bash","floor":7,"key":"SMITH"},{"data":"Armaments","floor":11,"key":"SMITH"},{"floor":15,"key":"REST"},{"data":"Uppercut","floor":23,"key":"SMITH"},{"floor":29,"key":"REST"},{"data":"Demon Form","floor":32,"key":"SMITH"}],"neow_cost":"PERCENT_DAMAGE","seed_source_timestamp":772767974369438,"circlet_count":0,"master_deck":["AscendersBane","Bash+1","Shrug It Off","Anger","Havoc","Armaments+1","Whirlwind","Shrug It Off+1","Reaper","Exhume+1","Infernal Blade+1","Immolate","Demon Form+1","Flame Barrier+1","Burning Pact+1","Shrug It Off+1","Thunderclap","Uppercut+1","Immolate","Battle Trance+1","Heavy Blade","Limit Break+1","True Grit+1","Havoc+1","Offering+1","Combust+1","Finesse+1","Secret Weapon+1","Rupture","True Grit+1","Corruption+1"],"relics":["Burning Blood","Kunai","Ancient Tea Set","Toxic Egg 2","Pen Nib","Pandora\u0027s Box","WingedGreaves","The Courier","Blue Candle","Dodecahedron","Boot","Pear","Philosopher\u0027s Stone","Ginger","Centennial Puzzle"],"potions_floor_usage":[12,14,19,21,24,30,30,39,39,41],"damage_taken":[{"damage":4,"enemies":"Jaw Worm","floor":1,"turns":4},{"damage":2,"enemies":"Small Slimes","floor":3,"turns":4},{"damage":9,"enemies":"2 Louse","floor":6,"turns":3},{"damage":8,"enemies":"Blue Slaver","floor":8,"turns":3},{"damage":28,"enemies":"Gremlin Nob","floor":10,"turns":4},{"damage":20,"enemies":"3 Sentries","floor":12,"turns":8},{"damage":1,"enemies":"Exordium Thugs","floor":13,"turns":5},{"damage":24,"enemies":"Lagavulin","floor":14,"turns":8},{"damage":48,"enemies":"The Guardian","floor":16,"turns":14},{"damage":24,"enemies":"3 Byrds","floor":18,"turns":4},{"damage":22,"enemies":"2 Thieves","floor":19,"turns":4},{"damage":28,"enemies":"Snecko","floor":20,"turns":5},{"damage":0,"enemies":"Cultist and Chosen","floor":21,"turns":3},{"damage":8,"enemies":"Colosseum Slavers","floor":24,"turns":2},{"damage":10,"enemies":"Colosseum Nobs","floor":24,"turns":5},{"damage":27,"enemies":"Book of Stabbing","floor":25,"turns":6},{"damage":0,"enemies":"Gremlin Leader","floor":28,"turns":5},{"damage":30,"enemies":"Slavers","floor":30,"turns":5},{"damage":13,"enemies":"Centurion and Healer","floor":31,"turns":5},{"damage":59,"enemies":"Automaton","floor":33,"turns":10},{"damage":7,"enemies":"Orb Walker","floor":35,"turns":2},{"damage":11,"enemies":"3 Shapes","floor":38,"turns":4},{"damage":35,"enemies":"2 Orb Walkers","floor":39,"turns":3},{"damage":37,"enemies":"Reptomancer","floor":40,"turns":6},{"damage":63,"enemies":"Nemesis","floor":41,"turns":5}],"seed_played":"174486897862105192","potions_obtained":[{"floor":6,"key":"Energy Potion"},{"floor":8,"key":"Poison Potion"},{"floor":13,"key":"Energy Potion"},{"floor":14,"key":"EssenceOfSteel"},{"floor":16,"key":"Block Potion"},{"floor":28,"key":"Fire Potion"},{"floor":31,"key":"SpeedPotion"},{"floor":33,"key":"EssenceOfSteel"}],"is_trial":false,"path_per_floor":["M","?","M","?","?","M","R","M","T","E","R","E","M","E","R","B",null,"M","M","M","M","$","R","?","E","T","$","E","R","E","M","R","B",null,"M","?","$","M","?","E","E"],"character_chosen":"IRONCLAD","items_purchased":["Immolate","Battle Trance+1","Heavy Blade","Limit Break+1","EssenceOfSteel","Block Potion","Rupture"],"campfire_rested":2,"item_purchase_floors":[22,22,27,27,27,27,37],"current_hp_per_floor":[69,93,96,85,78,75,75,73,73,51,51,37,42,24,52,16,76,64,64,48,54,54,54,58,37,37,37,43,71,67,80,80,27,86,85,80,80,85,82,51,0],"gold":188,"neow_bonus":"TWENTY_PERCENT_HP_BONUS","is_prod":false,"is_daily":false,"chose_seed":false,"campfire_upgraded":4,"win_rate":0,"timestamp":1558669804,"path_taken":["M","?","M","?","?","M","R","M","T","E","R","E","M","E","R","BOSS","M","M","M","M","$","R","?","E","T","$","E","R","E","M","R","BOSS","M","?","?","M","?","E","E"],"build_version":"2019-01-23","purchased_purges":3,"victory":false,"max_hp_per_floor":[96,96,96,96,96,96,96,96,96,96,96,96,96,96,96,96,96,96,96,96,96,96,96,96,96,96,96,96,96,106,106,106,106,106,106,106,106,106,106,106,106],"card_choices":[{"not_picked":["Headbutt","Body Slam"],"picked":"Shrug It Off","floor":1},{"not_picked":["Dropkick","Flex"],"picked":"Anger","floor":3},{"not_picked":["Pommel Strike","Rage","Sword Boomerang"],"picked":"SKIP","floor":6},{"not_picked":["Anger","Armaments"],"picked":"Havoc","floor":8},{"not_picked":["Blood for Blood","Dual Wield"],"picked":"Armaments","floor":10},{"not_picked":["Bloodletting","Heavy Blade"],"picked":"Whirlwind","floor":12},{"not_picked":["Hemokinesis","Body Slam"],"picked":"Shrug It Off+1","floor":13},{"not_picked":["Feel No Pain","Twin Strike"],"picked":"Reaper","floor":14},{"not_picked":["Limit Break+1","Double Tap+1"],"picked":"Exhume+1","floor":16},{"not_picked":["Intimidate+1","Second Wind+1"],"picked":"Shrug It Off+1","floor":18},{"not_picked":["Pummel","Clash"],"picked":"Thunderclap","floor":19},{"not_picked":["Pummel+1","Flex+1","Body Slam"],"picked":"SKIP","floor":20},{"not_picked":["Iron Wave","Cleave"],"picked":"Uppercut","floor":21},{"not_picked":["Sword Boomerang","Sever Soul","Dropkick"],"picked":"SKIP","floor":25},{"not_picked":["Shrug It Off+1","Twin Strike"],"picked":"True Grit+1","floor":28},{"not_picked":["Uppercut","Bludgeon"],"picked":"Havoc+1","floor":30},{"not_picked":["Headbutt","Clash","Thunderclap"],"picked":"SKIP","floor":31},{"not_picked":["Juggernaut","Dark Embrace"],"picked":"Offering+1","floor":33},{"not_picked":["Clothesline+1","Pommel Strike"],"picked":"Combust+1","floor":35},{"not_picked":["Mind Blast","Mayhem"],"picked":"Finesse+1","floor":36},{"not_picked":["Good Instincts+1","Chrysalis+1"],"picked":"Secret Weapon+1","floor":36},{"not_picked":["Iron Wave","Wild Strike","Headbutt"],"picked":"SKIP","floor":38},{"not_picked":["Perfected Strike+1","Cleave"],"picked":"True Grit+1","floor":39},{"not_picked":["Searing Blow+1","Second Wind+1"],"picked":"Corruption+1","floor":40}],"player_experience":409818,"relics_obtained":[{"floor":9,"key":"Kunai"},{"floor":10,"key":"Ancient Tea Set"},{"floor":12,"key":"Toxic Egg 2"},{"floor":14,"key":"Pen Nib"},{"floor":24,"key":"WingedGreaves"},{"floor":24,"key":"The Courier"},{"floor":25,"key":"Blue Candle"},{"floor":26,"key":"Dodecahedron"},{"floor":28,"key":"Boot"},{"floor":30,"key":"Pear"},{"floor":39,"key":"Ginger"},{"floor":40,"key":"Centennial Puzzle"}],"event_choices":[{"damage_healed":24,"gold_gain":0,"player_choice":"Healed","damage_taken":0,"max_hp_gain":0,"max_hp_loss":0,"event_name":"The Cleric","floor":2,"gold_loss":35},{"damage_healed":0,"gold_gain":75,"player_choice":"Gather Gold","damage_taken":11,"max_hp_gain":0,"max_hp_loss":0,"event_name":"World of Goop","floor":4,"gold_loss":0},{"cards_removed":["Strike_R"],"damage_healed":0,"gold_gain":0,"player_choice":"Card Removal","damage_taken":7,"max_hp_gain":0,"max_hp_loss":0,"event_name":"Golden Wing","floor":5,"gold_loss":0},{"damage_healed":0,"gold_gain":0,"player_choice":"Fight","damage_taken":0,"max_hp_gain":0,"max_hp_loss":0,"event_name":"Colosseum","floor":24,"gold_loss":0},{"damage_healed":0,"gold_gain":0,"player_choice":"Fought Nobs","damage_taken":0,"max_hp_gain":0,"max_hp_loss":0,"event_name":"Colosseum","floor":24,"gold_loss":0},{"damage_healed":0,"gold_gain":0,"player_choice":"Memory 2","damage_taken":5,"max_hp_gain":0,"max_hp_loss":0,"event_name":"SensoryStone","floor":36,"gold_loss":0},{"damage_healed":0,"gold_gain":0,"player_choice":"Fight","damage_taken":0,"max_hp_gain":0,"max_hp_loss":0,"event_name":"Mysterious Sphere","floor":39,"gold_loss":0}],"is_beta":false,"boss_relics":[{"not_picked":["Snecko Eye","Black Blood"],"picked":"Pandora\u0027s Box"},{"not_picked":["Orrery","Runic Dome"],"picked":"Philosopher\u0027s Stone"}],"items_purged_floors":[22,27,37],"is_endless":false,"potions_floor_spawned":[6,8,13,14,16,18,24,28,31,33],"killed_by":"Nemesis","ascension_level":10}