{"gold_per_floor":[113,113,113,113,128,162,175,200,226,72,128,158,176,195,195,297,297,308,308,308,308,325,358,375,375,400,400,412,441,441,468,468,573,573,588,606,389,404,24,24,51,51,75,75,87,87,0,14,14,14],"floor_reached":51,"playtime":2891,"items_purged":["Slice"],"score":991,"play_id":"fad5a26b-f38d-4297-8e79-8b36e80e2bd0","local_time":"20190611222726","is_ascension_mode":true,"campfire_choices":[{"data":"Noxious Fumes","floor":15,"key":"SMITH"},{"data":"Malaise","floor":25,"key":"SMITH"},{"data":"After Image","floor":30,"key":"SMITH"},{"floor":32,"key":"REST"},{"floor":40,"key":"REST"},{"data":"Riddle With Holes","floor":42,"key":"SMITH"},{"data":"Footwork","floor":46,"key":"SMITH"},{"floor":49,"key":"REST"}],"neow_cost":"NONE","seed_source_timestamp":2174751040329,"circlet_count":0,"master_deck":["Defend_G+1","Defend_G+1","Defend_G+1","Defend_G+1","Defend_G+1","Strike_G+1","Strike_G+1","Strike_G+1","Strike_G+1","Strike_G+1","Survivor+1","Neutralize","Terror+1","Poisoned Stab+1","Well Laid Plans","Calculated Gamble","Caltrops","After Image+1","Finisher+1","Blade Dance","Noxious Fumes+1","Leg Sweep","Malaise+1","Backflip+1","Bouncing Flask","Choke","PiercingWail","Eviscerate","Choke+1","Crippling Poison","Night Terror","Footwork+1","Choke+1","Bouncing Flask","Backflip+1","Riddle With Holes+1","Dodge and Roll+1"],"relics":["Ring of the Snake","NeowsBlessing","Potion Belt","Pen Nib","Lantern","Oddly Smooth Stone","War Paint","Snecko Eye","Mercury Hourglass","Bag of Marbles","Whetstone","Snake Skull","Omamori","HoveringKite","Orichalcum","Gambling Chip","Pantograph","Strawberry","Red Mask"],"potions_floor_usage":[8,13,16,22,23,31,33,33,50,50,50],"damage_taken":[{"damage":0,"enemies":"Cultist","floor":1,"turns":1},{"damage":0,"enemies":"Jaw Worm","floor":5,"turns":1},{"damage":0,"enemies":"Lagavulin","floor":6,"turns":1},{"damage":0,"enemies":"Small Slimes","floor":7,"turns":3},{"damage":8,"enemies":"Gremlin Nob","floor":8,"turns":3},{"damage":21,"enemies":"Gremlin Nob","floor":11,"turns":4},{"damage":10,"enemies":"3 Sentries","floor":12,"turns":7},{"damage":0,"enemies":"Blue Slaver","floor":13,"turns":3},{"damage":6,"enemies":"3 Louse","floor":14,"turns":3},{"damage":1,"enemies":"Hexaghost","floor":16,"turns":7},{"damage":0,"enemies":"Shell Parasite","floor":18,"turns":7},{"damage":0,"enemies":"Chosen","floor":22,"turns":3},{"damage":0,"enemies":"Book of Stabbing","floor":23,"turns":5},{"damage":9,"enemies":"Centurion and Healer","floor":24,"turns":7},{"damage":0,"enemies":"Snake Plant","floor":28,"turns":3},{"damage":11,"enemies":"Slavers","floor":29,"turns":3},{"damage":6,"enemies":"Book of Stabbing","floor":31,"turns":5},{"damage":44,"enemies":"Collector","floor":33,"turns":8},{"damage":24,"enemies":"3 Darklings","floor":35,"turns":6},{"damage":0,"enemies":"Orb Walker","floor":36,"turns":2},{"damage":12,"enemies":"Maw","floor":38,"turns":6},{"damage":1,"enemies":"Nemesis","floor":41,"turns":3},{"damage":6,"enemies":"Spire Growth","floor":45,"turns":4},{"damage":0,"enemies":"Sphere and 2 Shapes","floor":48,"turns":3},{"damage":14,"enemies":"Awakened One","floor":50,"turns":10}],"seed_played":"1773475983951516648","potions_obtained":[{"floor":1,"key":"FearPotion"},{"floor":5,"key":"Strength Potion"},{"floor":6,"key":"Swift Potion"},{"floor":12,"key":"EntropicBrew"},{"floor":14,"key":"SkillPotion"},{"floor":16,"key":"Block Potion"},{"floor":18,"key":"SkillPotion"},{"floor":28,"key":"Regen Potion"},{"floor":29,"key":"Swift Potion"},{"floor":38,"key":"SkillPotion"},{"floor":41,"key":"Strength Potion"}],"is_trial":false,"path_per_floor":["M","?","?","?","M","E","M","E","T","$","?","E","M","M","R","B",null,"M","?","?","T","M","E","M","R","T","?","M","E","R","E","R","B",null,"M","M","$","M","$","R","E","R","T","$","M","R","?","M","R","B",null],"character_chosen":"THE_SILENT","items_purchased":["After Image","Finisher","Orichalcum","Bouncing Flask","Gambling Chip"],"campfire_rested":3,"item_purchase_floors":[10,10,37,37,39],"current_hp_per_floor":[70,70,75,60,60,60,60,52,52,52,31,21,21,15,15,14,60,60,60,60,60,60,60,51,51,51,44,44,33,33,36,58,14,60,36,36,36,24,24,46,45,45,52,52,46,46,46,46,70,68],"gold":14,"neow_bonus":"THREE_ENEMY_KILL","is_prod":false,"is_daily":false,"chose_seed":false,"campfire_upgraded":5,"win_rate":0,"timestamp":1560310046,"path_taken":["M","?","?","?","M","E","M","E","T","?","?","E","?","M","R","BOSS","M","?","?","?","?","E","?","R","T","?","M","E","R","E","R","BOSS","M","M","$","M","$","R","E","R","T","$","?","R","?","M","R","BOSS"],"build_version":"2019-01-23","purchased_purges":1,"victory":true,"max_hp_per_floor":[70,70,75,75,75,75,75,75,75,75,75,75,75,75,75,75,75,75,75,75,75,75,75,75,75,75,75,75,75,75,75,75,75,75,75,75,75,75,75,75,75,75,82,82,82,82,82,82,82,82],"card_choices":[{"not_picked":["Sucker Punch","Deflect"],"picked":"Terror","floor":1},{"not_picked":["All Out Attack","Eviscerate"],"picked":"Poisoned Stab","floor":5},{"not_picked":["Flechettes","Prepared"],"picked":"Well Laid Plans","floor":6},{"not_picked":["Deflect","Poisoned Stab"],"picked":"Calculated Gamble","floor":7},{"not_picked":["Accuracy","Riddle With Holes"],"picked":"Caltrops","floor":8},{"not_picked":["Terror","Phantasmal Killer"],"picked":"Blade Dance","floor":11},{"not_picked":["Poisoned Stab","Sucker Punch"],"picked":"Slice","floor":12},{"not_picked":["Backflip","Sucker Punch"],"picked":"Noxious Fumes","floor":13},{"not_picked":["Infinite Blades","Slice"],"picked":"Leg Sweep","floor":14},{"not_picked":["Venomology","After Image"],"picked":"Malaise","floor":16},{"not_picked":["PiercingWail","Dagger Throw"],"picked":"Backflip+1","floor":18},{"not_picked":["Acrobatics+1","Predator"],"picked":"Choke","floor":22},{"not_picked":["Sucker Punch","Endless Agony"],"picked":"PiercingWail","floor":23},{"not_picked":["Bane+1","Outmaneuver"],"picked":"Eviscerate","floor":24},{"not_picked":["Deflect","Flying Knee+1"],"picked":"Choke+1","floor":28},{"not_picked":["Poisoned Stab+1","Reflex","Setup"],"picked":"SKIP","floor":29},{"not_picked":["Cloak And Dagger","Escape Plan"],"picked":"Crippling Poison","floor":31},{"not_picked":["Envenom","Phantasmal Killer"],"picked":"Night Terror","floor":33},{"not_picked":["Sucker Punch","Quick Slash"],"picked":"Footwork","floor":35},{"not_picked":["Outmaneuver","Dash+1"],"picked":"Choke+1","floor":36},{"not_picked":["Sucker Punch","Escape Plan+1"],"picked":"Backflip+1","floor":38},{"not_picked":["Dagger Spray","Well Laid Plans"],"picked":"Riddle With Holes","floor":41},{"not_picked":["Backflip+1","Acrobatics+1"],"picked":"Dodge and Roll+1","floor":45},{"not_picked":["Slice+1","Escape Plan","Masterful Stab+1"],"picked":"SKIP","floor":48}],"player_experience":163754,"relics_obtained":[{"floor":6,"key":"Potion Belt"},{"floor":8,"key":"Pen Nib"},{"floor":9,"key":"Lantern"},{"floor":11,"key":"Oddly Smooth Stone"},{"floor":12,"key":"War Paint"},{"floor":21,"key":"Mercury Hourglass"},{"floor":23,"key":"Bag of Marbles"},{"floor":26,"key":"Whetstone"},{"floor":29,"key":"Snake Skull"},{"floor":31,"key":"Omamori"},{"floor":41,"key":"Pantograph"},{"floor":43,"key":"Strawberry"}],"event_choices":[{"damage_healed":0,"gold_gain":0,"player_choice":"Ignored","damage_taken":0,"max_hp_gain":0,"max_hp_loss":0,"event_name":"Golden Wing","floor":2,"gold_loss":0},{"damage_healed":0,"gold_gain":0,"player_choice":"Donut","damage_taken":0,"max_hp_gain":5,"max_hp_loss":0,"event_name":"Big Fish","floor":3,"gold_loss":0},{"damage_healed":0,"gold_gain":0,"player_choice":"Entered Light","damage_taken":15,"max_hp_gain":0,"max_hp_loss":0,"event_name":"Shining Light","floor":4,"gold_loss":0,"cards_upgraded":["Strike_G","Strike_G"]},{"damage_healed":0,"gold_gain":30,"player_choice":"Searched \u00272\u0027 times","damage_taken":0,"max_hp_gain":0,"max_hp_loss":0,"event_name":"Dead Adventurer","floor":11,"gold_loss":0},{"damage_healed":0,"gold_gain":0,"player_choice":"Read","damage_taken":0,"max_hp_gain":0,"max_hp_loss":0,"event_name":"The Library","floor":19,"gold_loss":0,"cards_obtained":["Bouncing Flask"]},{"damage_healed":0,"gold_gain":0,"player_choice":"Simplicity","damage_taken":0,"max_hp_gain":0,"max_hp_loss":0,"event_name":"Back to Basics","floor":20,"gold_loss":0,"cards_upgraded":["Defend_G","Defend_G","Defend_G","Defend_G","Defend_G","Strike_G","Strike_G","Strike_G"]},{"damage_healed":0,"gold_gain":0,"player_choice":"Damaged","damage_taken":7,"max_hp_gain":0,"max_hp_loss":0,"event_name":"Wheel of Change","floor":27,"gold_loss":0},{"damage_healed":0,"gold_gain":0,"player_choice":"Paid","damage_taken":0,"relics_obtained":["Red Mask"],"max_hp_gain":0,"max_hp_loss":0,"event_name":"Tomb of Lord Red Mask","floor":47,"gold_loss":87}],"is_beta":false,"boss_relics":[{"not_picked":["White Beast Statue","Fusion Hammer"],"picked":"Snecko Eye"},{"not_picked":["Calling Bell","Lizard Tail"],"picked":"HoveringKite"}],"items_purged_floors":[39],"is_endless":false,"potions_floor_spawned":[1,5,6,12,14,16,18,28,29,38,41],"ascension_level":5}