{"gold_per_floor":[116,37,137,157,157,187,187,217,263,108,125,5,5,33,33,106,106,116,131,46,57,2,28,28,28,28,60,80,80,4,21,21,21],"floor_reached":33,"playtime":1623,"items_purged":["Strike_G"],"score":567,"play_id":"727f73b3-3365-4f12-832d-baa2894c4014","local_time":"20190710220602","is_ascension_mode":true,"campfire_choices":[{"floor":7.0,"key":"REST"},{"floor":13.0,"key":"REST"},{"data":"Endless Agony","floor":15.0,"key":"SMITH"},{"floor":25,"key":"REST"},{"data":"Calculated Gamble","floor":29,"key":"SMITH"},{"floor":32,"key":"REST"}],"neow_cost":"NONE","seed_source_timestamp":80967522380205,"circlet_count":0,"master_deck":["AscendersBane","Strike_G","Strike_G","Strike_G","Defend_G","Defend_G","Defend_G","Defend_G","Defend_G","Survivor","Neutralize","PiercingWail","Well Laid Plans","Deflect","Dagger Throw+1","Choke+1","Dash","Caltrops","Calculated Gamble+1","Endless Agony+1","Corpse Explosion","Poisoned Stab","Dodge and Roll","A Thousand Cuts","Caltrops","Writhe","Well Laid Plans","Backflip","Deadly Poison","Cloak And Dagger"],"special_seed":0,"relics":["Ring of the Snake","Oddly Smooth Stone","Potion Belt","Centennial Puzzle","Bag of Preparation","Cursed Key","Darkstone Periapt","Strawberry","Art of War","Whetstone","Mercury Hourglass"],"potions_floor_usage":[27,27,33,33],"damage_taken":[{"damage":3.0,"enemies":"2 Louse","floor":1.0,"turns":2.0},{"damage":10.0,"enemies":"Cultist","floor":4.0,"turns":5.0},{"damage":41.0,"enemies":"Gremlin Nob","floor":6.0,"turns":6.0},{"damage":17.0,"enemies":"3 Sentries","floor":8.0,"turns":15.0},{"damage":0.0,"enemies":"Jaw Worm","floor":11.0,"turns":5.0},{"damage":5.0,"enemies":"Lagavulin","floor":14.0,"turns":10.0},{"damage":30.0,"enemies":"Hexaghost","floor":16.0,"turns":12.0},{"damage":4.0,"enemies":"Shell Parasite","floor":18.0,"turns":5.0},{"damage":1.0,"enemies":"Chosen","floor":19.0,"turns":4.0},{"damage":6.0,"enemies":"Shelled Parasite and Fungi","floor":21.0,"turns":4.0},{"damage":31,"enemies":"Book of Stabbing","floor":23,"turns":5},{"damage":19,"enemies":"Gremlin Leader","floor":27,"turns":7},{"damage":13,"enemies":"Chosen and Byrds","floor":28,"turns":4},{"damage":7,"enemies":"Cultist and Chosen","floor":31,"turns":3},{"damage":74,"enemies":"Champ","floor":33,"turns":9}],"seed_played":"-2810033102603791473","potions_obtained":[{"floor":1.0,"key":"Poison Potion"},{"floor":6.0,"key":"GhostInAJar"},{"floor":14.0,"key":"SneckoOil"},{"floor":19.0,"key":"Poison Potion"},{"floor":23,"key":"Regen Potion"},{"floor":31,"key":"FearPotion"}],"is_trial":false,"path_per_floor":["M","$","?","M","?","E","R","E","T","$","M","$","R","E","R","B",null,"M","M","?","M","?","E","$","R","T","E","M","R","$","M","R","B"],"character_chosen":"THE_SILENT","items_purchased":["Well Laid Plans","Choke","Caltrops","Calculated Gamble","Backflip","Deadly Poison"],"campfire_rested":4,"item_purchase_floors":[2,10,12,12,30,30],"current_hp_per_floor":[62,62,62,52,52,11,32,15,15,15,15,15,36,31,31,1,54,50,49,49,43,50,19,19,42,48,44,31,31,31,24,49,0],"gold":21,"neow_bonus":"TEN_PERCENT_HP_BONUS","is_prod":false,"is_daily":false,"chose_seed":false,"campfire_upgraded":2,"win_rate":0,"timestamp":1562814362,"path_taken":["M","$","?","?","?","E","R","E","T","$","M","?","R","E","R","BOSS","M","M","?","M","?","E","$","R","T","E","?","R","?","?","R","BOSS"],"build_version":"2019-07-05","purchased_purges":1,"victory":false,"max_hp_per_floor":[72,72,72,72,72,72,72,72,72,72,72,72,72,72,72,72,72,72,72,72,72,79,79,79,79,85,85,85,85,85,85,85,85],"card_choices":[{"not_picked":["Predator","Backflip"],"picked":"PiercingWail","floor":1.0},{"not_picked":["Prepared","Heel Hook"],"picked":"Deflect","floor":4.0},{"not_picked":["Sucker Punch","Bane"],"picked":"Dagger Throw","floor":6.0},{"not_picked":["Underhanded Strike","Concentrate","Reflex"],"picked":"SKIP","floor":8.0},{"not_picked":["Flying Knee","Deflect"],"picked":"Dash","floor":11.0},{"not_picked":["Backflip","Predator"],"picked":"Endless Agony","floor":14.0},{"not_picked":["Tools of the Trade","Wraith Form v2"],"picked":"Corpse Explosion","floor":16.0},{"not_picked":["Underhanded Strike","Flying Knee"],"picked":"Poisoned Stab","floor":18.0},{"not_picked":["Bane","Quick Slash"],"picked":"Dodge and Roll","floor":19.0},{"not_picked":["Quick Slash","Riddle With Holes"],"picked":"A Thousand Cuts","floor":21.0},{"not_picked":["Flying Knee","Calculated Gamble"],"picked":"Caltrops","floor":23},{"not_picked":["Underhanded Strike+1","Dodge and Roll"],"picked":"Well Laid Plans","floor":27},{"not_picked":["Finisher","Expertise","Dagger Throw"],"picked":"SKIP","floor":28},{"not_picked":["Outmaneuver","Deflect"],"picked":"Cloak And Dagger","floor":31}],"player_experience":362424,"relics_obtained":[{"floor":6.0,"key":"Oddly Smooth Stone"},{"floor":8.0,"key":"Potion Belt"},{"floor":9.0,"key":"Centennial Puzzle"},{"floor":14.0,"key":"Bag of Preparation"},{"floor":23,"key":"Art of War"},{"floor":26,"key":"Whetstone"},{"floor":27,"key":"Mercury Hourglass"}],"event_choices":[{"damage_healed":0.0,"max_hp_gain":0.0,"max_hp_loss":0.0,"gold_gain":100.0,"event_name":"Wheel of Change","player_choice":"Gold","floor":3.0,"gold_loss":0.0,"damage_taken":0.0},{"cards_removed":["Strike_G"],"damage_healed":0.0,"max_hp_gain":0.0,"max_hp_loss":0.0,"gold_gain":0.0,"event_name":"Bonfire Elementals","player_choice":"Offered Basic","floor":5.0,"gold_loss":0.0,"damage_taken":0.0},{"damage_healed":0.0,"max_hp_gain":0.0,"max_hp_loss":0.0,"gold_gain":0.0,"event_name":"Addict","player_choice":"Obtained Relic","floor":20.0,"gold_loss":85.0,"damage_taken":0.0,"relics_obtained":["Darkstone Periapt"]},{"damage_healed":0.0,"max_hp_gain":0.0,"max_hp_loss":0.0,"gold_gain":0.0,"event_name":"WeMeetAgain","player_choice":"Paid Gold","floor":22.0,"gold_loss":55.0,"damage_taken":0.0,"relics_obtained":["Strawberry"]}],"is_beta":false,"boss_relics":[{"not_picked":["Ectoplasm","Tiny House"],"picked":"Cursed Key"}],"items_purged_floors":[10],"is_endless":false,"potions_floor_spawned":[1,6,14,19,23,31],"killed_by":"Champ","ascension_level":16}