{"gold_per_floor":[111,126,77,42,42,42,55,69,69,84,84,117,96,121,121,222,222,239,249,269,74,74],"floor_reached":22,"playtime":907,"items_purged":[],"score":294,"play_id":"6b3b7e55-7a9d-42ad-a9da-3e280c9d9481","local_time":"20180921101913","is_ascension_mode":true,"campfire_choices":[{"data":"Neutralize","floor":6,"key":"SMITH"},{"data":"Infinite Blades","floor":11,"key":"SMITH"},{"data":"Noxious Fumes","floor":15,"key":"SMITH"}],"neow_cost":"NONE","seed_source_timestamp":7391738976144,"circlet_count":0,"master_deck":["Defend_G","Defend_G","Defend_G","Defend_G","Defend_G","Strike_G","Strike_G","Strike_G","Strike_G","Strike_G","Survivor","Neutralize+1","AscendersBane","Masterful Stab","Dagger Spray","Quick Slash","Noxious Fumes+1","Infinite Blades+1","Leg Sweep","Poisoned Stab","All Out Attack","Envenom","Choke+1","Flechettes","Masterful Stab"],"relics":["Sozu","The Courier","Torii","Matryoshka","Busted Crown","Molten Egg 2"],"potions_floor_usage":[],"damage_taken":[{"damage":4,"enemies":"Cultist","floor":1,"turns":5},{"damage":3,"enemies":"Jaw Worm","floor":2,"turns":4},{"damage":6,"enemies":"Small Slimes","floor":7,"turns":2},{"damage":9,"enemies":"3 Louse","floor":8,"turns":3},{"damage":5,"enemies":"Large Slime","floor":10,"turns":4},{"damage":10,"enemies":"3 Sentries","floor":12,"turns":6},{"damage":2,"enemies":"Lagavulin","floor":14,"turns":7},{"damage":21,"enemies":"Slime Boss","floor":16,"turns":9},{"damage":12,"enemies":"Spheric Guardian","floor":18,"turns":4},{"damage":24,"enemies":"2 Thieves","floor":19,"turns":4},{"damage":20,"enemies":"Snecko","floor":20,"turns":5},{"damage":6,"enemies":"Centurion and Healer","floor":22,"turns":1}],"seed_played":"616420688683553183","potions_obtained":[],"is_trial":false,"path_per_floor":["M","M","$","?","?","R","M","M","T","M","R","E","?","E","R","B",null,"M","M","M","$"],"character_chosen":"THE_SILENT","items_purchased":["Quick Slash","Molten Egg 2"],"campfire_rested":0,"item_purchase_floors":[3,21],"current_hp_per_floor":[59,56,56,70,70,70,64,55,55,50,50,40,40,38,38,17,57,45,21,1,1,0],"gold":74,"neow_bonus":"BOSS_RELIC","is_prod":false,"is_daily":false,"chose_seed":false,"campfire_upgraded":3,"win_rate":0,"timestamp":1537517953,"path_taken":["M","?","$","?","?","R","M","M","T","M","R","E","?","E","R","BOSS","M","M","M","$","?"],"build_version":"2018-09-20","purchased_purges":0,"victory":false,"max_hp_per_floor":[70,70,70,70,70,70,70,70,70,70,70,70,70,70,70,70,70,70,70,70,70,70],"card_choices":[{"not_picked":["Backflip","Flechettes"],"picked":"Masterful Stab","floor":1},{"not_picked":["Acrobatics","Backflip"],"picked":"Dagger Spray","floor":2},{"not_picked":["Prepared","Tactician"],"picked":"Noxious Fumes","floor":7},{"not_picked":["Prepared","Slice"],"picked":"Infinite Blades","floor":8},{"not_picked":["Dagger Throw","Caltrops"],"picked":"Leg Sweep","floor":10},{"not_picked":["Predator","Night Terror"],"picked":"Poisoned Stab","floor":12},{"not_picked":["Prepared","Tactician"],"picked":"All Out Attack","floor":14},{"not_picked":["Bullet Time","After Image"],"picked":"Envenom","floor":16},{"not_picked":[],"picked":"Choke+1","floor":18},{"not_picked":[],"picked":"Flechettes","floor":19},{"not_picked":[],"picked":"Masterful Stab","floor":20}],"player_experience":471717,"relics_obtained":[{"floor":9,"key":"The Courier"},{"floor":12,"key":"Torii"},{"floor":14,"key":"Matryoshka"}],"event_choices":[{"event_name":"The Cleric","player_choice":"Healed","floor":4,"damage_taken":0},{"event_name":"Liars Game","player_choice":"disagreed","floor":5,"damage_taken":0},{"event_name":"World of Goop","player_choice":"Left","floor":13,"damage_taken":0}],"is_beta":true,"boss_relics":[{"not_picked":["Runic Pyramid","Orrery"],"picked":"Busted Crown"}],"items_purged_floors":[],"is_endless":false,"potions_floor_spawned":[1,8,14,19],"killed_by":"Centurion and Healer","ascension_level":10}