{"path_per_floor":["M","?","M","M","M","R","M","M","T","M","R","M","R","M","R"],"character_chosen":"DEFECT","items_purchased":[],"gold_per_floor":[115,115,134,152,162,162,176,176,176,188,188,202,202,222,222,222],"floor_reached":16,"campfire_rested":2,"playtime":652,"item_purchase_floors":[],"current_hp_per_floor":[68,75,74,70,54,54,37,17,17,13,35,21,21,21,43,0],"items_purged":[],"gold":222,"score":108,"play_id":"e3ef314c-d8b9-4948-b3ac-9e2bc169dab9","local_time":"20180613105510","is_prod":false,"is_daily":false,"chose_seed":false,"is_ascension_mode":true,"campfire_upgraded":2,"win_rate":0,"timestamp":1528858510,"campfire_choices":[{"data":"Sunder","floor":6,"key":"SMITH"},{"floor":11,"key":"REST"},{"data":"Zap","floor":13,"key":"SMITH"},{"floor":15,"key":"REST"}],"path_taken":["M","?","M","M","M","R","M","M","T","M","R","M","R","M","R","BOSS"],"build_version":"2018-06-07v3","seed_source_timestamp":168835452706746,"purchased_purges":0,"victory":false,"master_deck":["Strike_B","Strike_B","Strike_B","Strike_B","Defend_B","Defend_B","Defend_B","Defend_B","Zap+1","Dualcast","Biased Cognition","Coolheaded","Sunder+1","Fusion","BootSequence","Melter"],"max_hp_per_floor":[75,75,75,75,75,75,75,75,75,75,75,75,75,75,75,75],"relics":["Cracked Core","Du-Vu Doll"],"card_choices":[{"not_picked":["Steam","Turbo","Stack"],"picked":"SKIP","floor":1},{"not_picked":["Compile Driver","Tempest"],"picked":"Coolheaded","floor":3},{"not_picked":["Stack","Go for the Eyes","Rebound"],"picked":"SKIP","floor":4},{"not_picked":["Redo","Capacitor"],"picked":"Sunder","floor":5},{"not_picked":["Ball Lightning","Streamline","Cold Snap"],"picked":"SKIP","floor":7},{"not_picked":["Chaos","Coolheaded"],"picked":"Fusion","floor":10},{"not_picked":["Gash","Coolheaded"],"picked":"BootSequence","floor":12},{"not_picked":["Stack","Sweeping Beam"],"picked":"Melter","floor":14}],"player_experience":235941,"potions_floor_usage":[8],"damage_taken":[{"damage":7,"enemies":"2 Louse","floor":1,"turns":2},{"damage":1,"enemies":"Cultist","floor":3,"turns":3},{"damage":4,"enemies":"Jaw Worm","floor":4,"turns":4},{"damage":16,"enemies":"3 Louse","floor":5,"turns":4},{"damage":17,"enemies":"Red Slaver","floor":7,"turns":4},{"damage":20,"enemies":"Gremlin Gang","floor":8,"turns":2},{"damage":4,"enemies":"2 Fungi Beasts","floor":10,"turns":2},{"damage":14,"enemies":"3 Louse","floor":12,"turns":2},{"damage":0,"enemies":"Large Slime","floor":14,"turns":4},{"damage":52,"enemies":"The Guardian","floor":16,"turns":7}],"relics_obtained":[{"floor":9,"key":"Du-Vu Doll"}],"event_choices":[{"event_name":"Wheel of Change","player_choice":"Full Heal","floor":2,"damage_taken":0}],"boss_relics":[],"items_purged_floors":[],"potions_floor_spawned":[3,4,8,14],"seed_played":"6464720574609313777","killed_by":"The Guardian","ascension_level":2,"potions_obtained":[{"floor":3,"key":"AttackPotion"},{"floor":4,"key":"SmokeBomb"},{"floor":14,"key":"Block Potion"}],"is_trial":false}