{"path_per_floor":["M","?","M","M","$","E","R","E","T","M","$","R","E"],"character_chosen":"DEFECT","items_purchased":["Thunder Strike","Self Repair"],"gold_per_floor":[119,194,206,217,68,102,102,130,130,141,63,63,96,96],"floor_reached":14,"campfire_rested":1,"playtime":490,"current_hp_per_floor":[74,63,63,63,63,25,25,9,9,2,2,24,10,0],"items_purged":[],"gold":96,"score":113,"play_id":"f4bd6bd4-a625-482e-ab3b-99e13f0d2a78","local_time":"20180517110634","is_prod":false,"is_daily":false,"chose_seed":false,"is_ascension_mode":true,"campfire_upgraded":1,"timestamp":1526547994,"campfire_choices":[{"data":"Zap","floor":7,"key":"SMITH"},{"floor":12,"key":"REST"}],"path_taken":["M","?","M","M","$","E","R","E","T","M","$","R","E","?"],"build_version":"2018-05-16","seed_source_timestamp":7046986036744,"purchased_purges":0,"victory":false,"master_deck":["Strike_B","Strike_B","Strike_B","Strike_B","Defend_B","Defend_B","Defend_B","Defend_B","Zap+1","Dualcast","Beam Cell","Beam Cell","Aggregate","Thunder Strike","Barrage","Heatsinks","Storm","Self Repair","Redo"],"max_hp_per_floor":[75,75,75,75,75,75,75,75,75,75,75,75,75,75],"relics":["Cracked Core","Ancient Tea Set","Mummified Hand","Blue Candle","Boot"],"card_choices":[{"not_picked":["Hologram","Rebound"],"picked":"Beam Cell","floor":1},{"not_picked":["Rebound","Cold Snap"],"picked":"Beam Cell","floor":3},{"not_picked":["Rebound","Steam"],"picked":"Aggregate","floor":4},{"not_picked":["Streamline","Axe Kick"],"picked":"Barrage","floor":6},{"not_picked":["Fusion","Gash"],"picked":"Heatsinks","floor":8},{"not_picked":["Melter","Biased Cognition"],"picked":"Storm","floor":10},{"not_picked":["Rebound","Go for the Eyes"],"picked":"Redo","floor":13}],"player_experience":145672,"potions_floor_usage":[10,14,14],"damage_taken":[{"damage":1,"enemies":"Jaw Worm","floor":1,"turns":3},{"damage":0,"enemies":"Cultist","floor":3,"turns":3},{"damage":0,"enemies":"Small Slimes","floor":4,"turns":2},{"damage":38,"enemies":"3 Sentries","floor":6,"turns":7},{"damage":16,"enemies":"Gremlin Nob","floor":8,"turns":3},{"damage":7,"enemies":"Exordium Wildlife","floor":10,"turns":3},{"damage":21,"enemies":"Lagavulin","floor":13,"turns":6},{"damage":13,"enemies":"Lagavulin Event","floor":14,"turns":2}],"relics_obtained":[{"floor":6,"key":"Ancient Tea Set"},{"floor":8,"key":"Mummified Hand"},{"floor":9,"key":"Blue Candle"},{"floor":13,"key":"Boot"}],"event_choices":[{"event_name":"World of Goop","player_choice":"Gather Gold","floor":2,"damage_taken":0},{"event_name":"Dead Adventurer","player_choice":"Searched \u00271\u0027 times","floor":14,"damage_taken":0}],"boss_relics":[],"potions_floor_spawned":[6,8,13],"seed_played":"197857552812175722","killed_by":"Lagavulin Event","ascension_level":1,"potions_obtained":[{"floor":6,"key":"Ancient Potion"},{"floor":8,"key":"EssenceOfSteel"},{"floor":13,"key":"Poison Potion"}],"is_trial":false}