{"gold_per_floor":[111,129,94,94,106,106,133,149,176,203,203,218,293,327,327,405,405,419,439,46,46],"floor_reached":21,"playtime":807,"items_purged":["Strike_B"],"score":448,"play_id":"2be3898f-7cde-4d19-8f2d-c5be8a01ef84","local_time":"20190425002052","is_ascension_mode":true,"campfire_choices":[{"data":"Zap","floor":6.0,"key":"SMITH"},{"floor":11,"key":"REST"},{"floor":15,"key":"REST"}],"neow_cost":"PERCENT_DAMAGE","seed_source_timestamp":51519816556740,"circlet_count":0,"master_deck":["AscendersBane","Strike_B","Strike_B","Strike_B","Defend_B","Defend_B","Defend_B","Defend_B","Zap+1","Dualcast","Doom and Gloom","Undo","Conserve Battery","Barrage","BootSequence","Conserve Battery","Steam","Coolheaded","Multi-Cast","Conserve Battery+1","Conserve Battery+1","Loop","Reinforced Body"],"special_seed":0,"relics":["Cracked Core","Blood Vial","Strawberry","PreservedInsect","Boot","Runic Pyramid","Oddly Smooth Stone"],"potions_floor_usage":[12,16],"damage_taken":[{"damage":1.0,"enemies":"Cultist","floor":1.0,"turns":3.0},{"damage":2.0,"enemies":"Jaw Worm","floor":2.0,"turns":3.0},{"damage":0.0,"enemies":"Small Slimes","floor":5.0,"turns":3.0},{"damage":48,"enemies":"Gremlin Nob","floor":7,"turns":5},{"damage":13,"enemies":"Blue Slaver","floor":8,"turns":3},{"damage":18,"enemies":"Lagavulin","floor":10,"turns":6},{"damage":1,"enemies":"Looter","floor":12,"turns":4},{"damage":3,"enemies":"3 Sentries","floor":14,"turns":6},{"damage":27,"enemies":"Slime Boss","floor":16,"turns":9},{"damage":13,"enemies":"Spheric Guardian","floor":18,"turns":6},{"damage":4,"enemies":"3 Byrds","floor":19,"turns":3},{"damage":80,"enemies":"Cultist and Chosen","floor":21,"turns":9}],"seed_played":"-354881732966877363","potions_obtained":[{"floor":1.0,"key":"Swift Potion"},{"floor":2.0,"key":"SteroidPotion"},{"floor":12,"key":"FocusPotion"}],"is_trial":false,"path_per_floor":["M","M","?","?","M","R","E","M","T","E","R","M","?","E","R","B",null,"M","M","$","M"],"character_chosen":"DEFECT","items_purchased":["Loop","Reinforced Body","Oddly Smooth Stone"],"campfire_rested":2,"item_purchase_floors":[20,20,20],"current_hp_per_floor":[59,57,78,78,78,78,30,19,26,10,37,38,27,26,53,28,76,65,63,63,0],"gold":46,"neow_bonus":"TWENTY_PERCENT_HP_BONUS","is_prod":false,"is_daily":false,"chose_seed":false,"campfire_upgraded":1,"win_rate":0,"timestamp":1556144452,"path_taken":["M","M","?","?","M","R","E","M","T","E","R","?","?","E","R","BOSS","M","M","$","M"],"build_version":"2019-01-23","purchased_purges":1,"victory":false,"max_hp_per_floor":[85,85,85,85,85,85,85,85,92,92,92,92,92,92,92,92,92,92,92,92,92],"card_choices":[{"not_picked":["Conserve Battery","Self Repair"],"picked":"Doom and Gloom","floor":1.0},{"not_picked":["Sweeping Beam","Steam"],"picked":"Undo","floor":2.0},{"not_picked":["Heatsinks","Conserve Battery"],"picked":"Barrage","floor":5.0},{"not_picked":["Beam Cell","Fusion"],"picked":"BootSequence","floor":7},{"not_picked":["Go for the Eyes","Barrage"],"picked":"Conserve Battery","floor":8},{"not_picked":["Beam Cell","Tempest","Gash"],"picked":"SKIP","floor":10},{"not_picked":["Sweeping Beam","Scrape"],"picked":"Steam","floor":12},{"not_picked":["Streamline","Compile Driver"],"picked":"Coolheaded","floor":14},{"not_picked":["Machine Learning","Hyperbeam"],"picked":"Multi-Cast","floor":16},{"not_picked":["Stack","Sweeping Beam+1"],"picked":"Conserve Battery+1","floor":18},{"not_picked":["Fusion","Gash"],"picked":"Conserve Battery+1","floor":19}],"player_experience":1622377,"relics_obtained":[{"floor":7,"key":"Blood Vial"},{"floor":9,"key":"Strawberry"},{"floor":10,"key":"PreservedInsect"},{"floor":14,"key":"Boot"}],"event_choices":[{"damage_healed":21.0,"max_hp_gain":0.0,"max_hp_loss":0.0,"gold_gain":0.0,"event_name":"The Cleric","player_choice":"Healed","floor":3.0,"gold_loss":35.0,"damage_taken":0.0},{"damage_healed":0.0,"max_hp_gain":0.0,"max_hp_loss":0.0,"gold_gain":0.0,"event_name":"Match and Keep!","player_choice":"1 cards matched","floor":4.0,"gold_loss":0.0,"damage_taken":0.0,"cards_obtained":["Conserve Battery"]},{"damage_healed":0,"gold_gain":75,"player_choice":"Gather Gold","damage_taken":11,"max_hp_gain":0,"max_hp_loss":0,"event_name":"World of Goop","floor":13,"gold_loss":0}],"is_beta":false,"boss_relics":[{"not_picked":["Tiny House","Orrery"],"picked":"Runic Pyramid"}],"items_purged_floors":[20],"is_endless":false,"potions_floor_spawned":[1,2,5,12],"killed_by":"Cultist and Chosen","ascension_level":20}