{"gold_per_floor":[110,129,129,129,156,156,181,199,278,340,351,351,62,78,78,182,182,198,198,198,217,100,127,146,71,71,71,101,101,119,119,119,219,219,230,247,260,68,82,82,117,117,117,135,464,481,513,524,524,524],"floor_reached":51,"playtime":2945,"items_purged":[],"score":1243,"play_id":"14d265b1-d0a8-42dd-a21f-0f6420330024","local_time":"20180903225345","is_ascension_mode":true,"campfire_choices":[{"data":"Sunder","floor":6.0,"key":"SMITH"},{"data":"Defragment","floor":12.0,"key":"SMITH"},{"data":"Defragment","floor":15.0,"key":"SMITH"},{"data":"Sunder","floor":27,"key":"SMITH"},{"floor":29,"key":"REST"},{"data":"Electrodynamics","floor":32,"key":"SMITH"},{"data":"Chill","floor":40,"key":"SMITH"},{"floor":42,"key":"REST"},{"data":"Double Energy","floor":49,"key":"SMITH"}],"neow_cost":"TEN_PERCENT_HP_LOSS","seed_source_timestamp":0,"circlet_count":0,"master_deck":["Strike_B+1","Strike_B+1","Strike_B+1","Strike_B+1","Defend_B+1","Defend_B+1","Defend_B+1","Zap+1","Dualcast+1","AscendersBane","Conserve Battery","Sunder+1","Cold Snap","Sunder+1","Defragment+1","Defragment+1","Sunder+1","Chill+1","Electrodynamics+1","FTL","Melter+1","Thunder Strike","Hello World+1","Cold Snap+1","Bandage Up","Double Energy+1","Go for the Eyes+1","Conserve Battery+1","Melter+1","Cold Snap+1","Beam Cell","Stack"],"special_seed":0,"relics":["Cracked Core","Bird Faced Urn","Happy Flower","Gremlin Horn","The Courier","Tiny Chest","DollysMirror","Bag of Marbles","Black Star","MutagenicStrength","Vajra","Dead Branch","Ginger","Torii","Anchor","Lantern","Eternal Feather","Art of War","Ancient Tea Set","Orichalcum","Potion Belt","Ice Cream","Old Coin","Shovel","Gambling Chip"],"potions_floor_usage":[28,28,33,33,47,50,50,50],"damage_taken":[{"damage":5.0,"enemies":"2 Louse","floor":1.0,"turns":2.0},{"damage":0.0,"enemies":"Cultist","floor":2.0,"turns":4.0},{"damage":7.0,"enemies":"Gremlin Nob","floor":7.0,"turns":3.0},{"damage":1.0,"enemies":"Small Slimes","floor":8.0,"turns":2.0},{"damage":6.0,"enemies":"3 Sentries","floor":10.0,"turns":4.0},{"damage":1.0,"enemies":"Blue Slaver","floor":11.0,"turns":3.0},{"damage":0.0,"enemies":"3 Louse","floor":14.0,"turns":2.0},{"damage":29.0,"enemies":"Slime Boss","floor":16.0,"turns":7.0},{"damage":5,"enemies":"3 Byrds","floor":18,"turns":2},{"damage":0,"enemies":"2 Thieves","floor":21,"turns":1},{"damage":0,"enemies":"Slavers","floor":23,"turns":2},{"damage":18,"enemies":"Snecko","floor":24,"turns":3},{"damage":27,"enemies":"Book of Stabbing","floor":28,"turns":4},{"damage":0,"enemies":"Centurion and Healer","floor":30,"turns":2},{"damage":27,"enemies":"Automaton","floor":33,"turns":8},{"damage":1,"enemies":"3 Darklings","floor":35,"turns":3},{"damage":12,"enemies":"3 Shapes","floor":36,"turns":2},{"damage":0,"enemies":"Sphere and 2 Shapes","floor":37,"turns":3},{"damage":56,"enemies":"Spire Growth","floor":39,"turns":5},{"damage":13,"enemies":"2 Orb Walkers","floor":41,"turns":3},{"damage":0,"enemies":"Jaw Worm Horde","floor":44,"turns":3},{"damage":8,"enemies":"Nemesis","floor":45,"turns":7},{"damage":0,"enemies":"4 Shapes","floor":46,"turns":3},{"damage":35,"enemies":"Giant Head","floor":47,"turns":8},{"damage":1,"enemies":"Transient","floor":48,"turns":5},{"damage":47,"enemies":"Time Eater","floor":50,"turns":8}],"seed_played":"-5071381546597140834","potions_obtained":[{"floor":2.0,"key":"Fire Potion"},{"floor":10.0,"key":"FocusPotion"},{"floor":14.0,"key":"SteroidPotion"},{"floor":16.0,"key":"Energy Potion"},{"floor":28,"key":"LiquidBronze"},{"floor":33,"key":"EssenceOfSteel"},{"floor":39,"key":"FearPotion"},{"floor":41,"key":"EssenceOfSteel"},{"floor":44,"key":"SneckoOil"},{"floor":47,"key":"LiquidBronze"},{"floor":48,"key":"Fire Potion"}],"is_trial":false,"path_per_floor":["M","M","?","?","T","R","E","M","T","E","M","R","$","M","R","B",null,"M","?","?","M","$","E","M","?","T","R","E","R","M","?","R","B",null,"M","M","M","$","M","R","E","R","T","M","E","M","E","M","R","B"],"character_chosen":"DEFECT","items_purchased":["DollysMirror","Bag of Marbles","Vajra","Art of War","Bandage Up"],"campfire_rested":2,"item_purchase_floors":[13,13,22,38,38],"current_hp_per_floor":[63,63,63,63,63,63,56,55,55,49,50,50,50,52,52,27,58,55,55,55,55,55,55,39,39,39,39,16,36,38,38,38,17,55,56,46,54,54,6,21,10,45,45,53,55,61,35,40,58,25],"gold":524,"neow_bonus":"ONE_RARE_RELIC","is_prod":false,"is_daily":false,"chose_seed":false,"campfire_upgraded":7,"win_rate":0,"timestamp":1536008025,"path_taken":["M","M","?","?","?","R","E","M","T","E","?","R","?","M","R","BOSS","M","?","?","M","$","E","M","?","T","R","E","R","?","?","R","BOSS","M","M","M","$","M","R","E","R","T","M","E","M","E","M","R","BOSS"],"build_version":"2018-08-30","purchased_purges":0,"victory":true,"max_hp_per_floor":[68,68,68,68,68,68,68,68,68,68,68,68,68,68,68,68,68,68,68,68,68,68,68,68,68,68,68,68,68,68,68,68,68,68,68,68,68,68,68,68,68,68,68,68,68,68,68,68,68,68],"card_choices":[{"not_picked":["Loop","Leap"],"picked":"Conserve Battery","floor":1.0},{"not_picked":["Static Discharge","Turbo"],"picked":"Sunder","floor":2.0},{"not_picked":["Beam Cell","Sweeping Beam"],"picked":"Cold Snap","floor":7.0},{"not_picked":["Undo","Rebound"],"picked":"Sunder","floor":8.0},{"not_picked":["Beam Cell","Conserve Battery"],"picked":"Defragment","floor":10.0},{"not_picked":["Redo","Hologram"],"picked":"Defragment","floor":11.0},{"not_picked":["Hologram","Barrage"],"picked":"Chill","floor":14.0},{"not_picked":["Seek","Biased Cognition"],"picked":"Electrodynamics","floor":16.0},{"not_picked":["Steam","Cold Snap"],"picked":"FTL","floor":18},{"not_picked":["Auto Shields","Leap","Turbo"],"picked":"SKIP","floor":21},{"not_picked":["Rebound","Streamline","Compile Driver"],"picked":"SKIP","floor":23},{"not_picked":["Steam","Chaos+1","Ball Lightning"],"picked":"SKIP","floor":24},{"not_picked":["Hello World","Hologram"],"picked":"Melter+1","floor":28},{"not_picked":["Ball Lightning","Rebound","Leap"],"picked":"SKIP","floor":30},{"not_picked":["Fission","Reboot"],"picked":"Thunder Strike","floor":33},{"not_picked":["Steam+1","Hologram+1","Rebound"],"picked":"SKIP","floor":35},{"not_picked":["Compile Driver","Consume"],"picked":"Hello World+1","floor":36},{"not_picked":["Hologram","Genetic Algorithm"],"picked":"Cold Snap+1","floor":37},{"not_picked":["Sweeping Beam","Barrage+1"],"picked":"Double Energy","floor":39},{"not_picked":["Gash","Redo+1"],"picked":"Go for the Eyes+1","floor":41},{"not_picked":["Turbo","Steam+1"],"picked":"Conserve Battery+1","floor":44},{"not_picked":["Stack","All For One"],"picked":"Melter+1","floor":45},{"not_picked":["Stack","Hologram+1"],"picked":"Cold Snap+1","floor":46},{"not_picked":["Sweeping Beam+1","Barrage"],"picked":"Beam Cell","floor":47},{"not_picked":["Conserve Battery+1","Chaos"],"picked":"Stack","floor":48}],"player_experience":381823,"relics_obtained":[{"floor":5.0,"key":"Happy Flower"},{"floor":7.0,"key":"Gremlin Horn"},{"floor":9.0,"key":"The Courier"},{"floor":10.0,"key":"Tiny Chest"},{"floor":23,"key":"Dead Branch"},{"floor":23,"key":"Ginger"},{"floor":26,"key":"Torii"},{"floor":28,"key":"Anchor"},{"floor":28,"key":"Lantern"},{"floor":41,"key":"Ancient Tea Set"},{"floor":41,"key":"Orichalcum"},{"floor":43,"key":"Potion Belt"},{"floor":45,"key":"Ice Cream"},{"floor":45,"key":"Old Coin"},{"floor":47,"key":"Shovel"},{"floor":47,"key":"Gambling Chip"}],"event_choices":[{"event_name":"Upgrade Shrine","player_choice":"Upgraded","floor":3.0,"damage_taken":0.0},{"event_name":"Living Wall","player_choice":"Grow","floor":4.0,"damage_taken":0.0},{"event_name":"Back to Basics","player_choice":"Simplicity","floor":19,"damage_taken":0},{"event_name":"Drug Dealer","player_choice":"Inject Mutagens","floor":20,"damage_taken":0},{"event_name":"Beggar","player_choice":"Gave Gold","floor":25,"damage_taken":0},{"event_name":"WeMeetAgain","player_choice":"Attack","floor":31,"damage_taken":0}],"is_beta":true,"boss_relics":[{"not_picked":["Fusion Hammer","Coffee Dripper"],"picked":"Black Star"},{"not_picked":["Velvet Choker","Lizard Tail"],"picked":"Eternal Feather"}],"items_purged_floors":[],"is_endless":false,"potions_floor_spawned":[2,10,14,16,18,24,28,33,39,41,44,47,48],"ascension_level":10}