{"gold_per_floor":[118,118,133,147,157,188,188,200,281,281],"floor_reached":10,"playtime":992,"items_purged":[],"score":91,"play_id":"fbe9683b-16df-4c90-8307-e253e02b1459","local_time":"20190325175955","is_ascension_mode":true,"campfire_choices":[{"floor":7,"key":"REST"}],"neow_cost":"NONE","seed_source_timestamp":24293641931097,"circlet_count":0,"master_deck":["Strike_B","Strike_B","Strike_B","Defend_B","Defend_B","Defend_B","Defend_B","Zap","Dualcast","Static Discharge","Redo","Genetic Algorithm","Ball Lightning","Beam Cell"],"relics":["Cracked Core","Ancient Tea Set","Singing Bowl","Toxic Egg 2"],"potions_floor_usage":[6,10],"damage_taken":[{"damage":2,"enemies":"Jaw Worm","floor":1,"turns":3},{"damage":1,"enemies":"Cultist","floor":3,"turns":3},{"damage":10,"enemies":"Small Slimes","floor":4,"turns":3},{"damage":12,"enemies":"Looter","floor":5,"turns":3},{"damage":33,"enemies":"Gremlin Nob","floor":6,"turns":4},{"damage":21,"enemies":"Exordium Thugs","floor":8,"turns":3},{"damage":15,"enemies":"Lagavulin","floor":10,"turns":5}],"seed_played":"6992350206810733441","potions_obtained":[{"floor":1,"key":"Explosive Potion"},{"floor":8,"key":"GamblersBrew"}],"is_trial":false,"path_per_floor":["M","?","M","M","M","E","R","M","T","E"],"character_chosen":"DEFECT","items_purchased":[],"campfire_rested":1,"item_purchase_floors":[],"current_hp_per_floor":[66,66,65,55,43,12,35,14,14,0],"gold":281,"neow_bonus":"RANDOM_COMMON_RELIC","is_prod":false,"is_daily":false,"chose_seed":false,"campfire_upgraded":0,"win_rate":0,"timestamp":1553561995,"path_taken":["M","?","M","?","M","E","R","M","T","E"],"build_version":"2019-01-23","purchased_purges":0,"victory":false,"max_hp_per_floor":[75,75,75,75,75,77,77,77,77,77],"card_choices":[{"not_picked":["Force Field","Streamline"],"picked":"Static Discharge","floor":1},{"not_picked":["Hologram","Steam"],"picked":"Genetic Algorithm","floor":3},{"not_picked":["Beam Cell","Stack"],"picked":"Ball Lightning","floor":4},{"not_picked":["Force Field","Redo","Stack"],"picked":"SKIP","floor":5},{"not_picked":["Scrape","Fusion","Redo"],"picked":"Singing Bowl","floor":6},{"not_picked":["Rip and Tear","Aggregate"],"picked":"Beam Cell","floor":8}],"player_experience":421614,"relics_obtained":[{"floor":6,"key":"Singing Bowl"},{"floor":9,"key":"Toxic Egg 2"}],"event_choices":[{"damage_healed":0,"gold_gain":0,"cards_transformed":["Strike_B"],"player_choice":"Transformed","damage_taken":0,"max_hp_gain":0,"max_hp_loss":0,"event_name":"Transmorgrifier","floor":2,"gold_loss":0,"cards_obtained":["Redo"]}],"is_beta":false,"boss_relics":[],"items_purged_floors":[],"is_endless":false,"potions_floor_spawned":[1,8],"killed_by":"Lagavulin","ascension_level":6}