{"gold_per_floor":[112,129,129,129,129,129,163,181,181,193,207,207,282,308,308,308],"floor_reached":16,"playtime":447,"items_purged":[],"score":270,"play_id":"af555620-a91a-4c35-ba83-cb285879078b","local_time":"20190126234536","is_ascension_mode":true,"campfire_choices":[{"data":"Dagger Spray","floor":6,"key":"SMITH"},{"data":"Deadly Poison","floor":12,"key":"SMITH"},{"floor":15,"key":"REST"}],"neow_cost":"NONE","seed_source_timestamp":40073179717141,"circlet_count":0,"master_deck":["AscendersBane","Defend_G+1","Defend_G","Defend_G","Defend_G","Defend_G","Strike_G","Strike_G","Strike_G","Strike_G","Strike_G","Survivor","Neutralize+1","Dagger Spray+1","Dagger Throw","Deadly Poison+1","PiercingWail","Glass Knife"],"relics":["Ring of the Snake","NeowsBlessing","Oddly Smooth Stone","Pear","Bronze Scales"],"potions_floor_usage":[14],"damage_taken":[{"damage":0,"enemies":"Small Slimes","floor":1,"turns":1},{"damage":0,"enemies":"2 Louse","floor":2,"turns":1},{"damage":0,"enemies":"3 Sentries","floor":7,"turns":1},{"damage":0,"enemies":"Jaw Worm","floor":8,"turns":2},{"damage":5,"enemies":"Red Slaver","floor":10,"turns":6},{"damage":6,"enemies":"Exordium Thugs","floor":11,"turns":6},{"damage":21,"enemies":"Gremlin Nob","floor":14,"turns":4},{"damage":39,"enemies":"Slime Boss","floor":16,"turns":6}],"seed_played":"-5801967255444129521","potions_obtained":[{"floor":1,"key":"FearPotion"},{"floor":8,"key":"Energy Potion"},{"floor":14,"key":"SpeedPotion"}],"is_trial":false,"path_per_floor":["M","M","?","?","$","R","E","M","T","M","M","R","?","E","R","B"],"character_chosen":"THE_SILENT","items_purchased":[],"campfire_rested":1,"item_purchase_floors":[],"current_hp_per_floor":[59,59,64,43,43,43,43,43,53,48,42,42,31,10,34,0],"gold":308,"neow_bonus":"THREE_ENEMY_KILL","is_prod":false,"is_daily":false,"chose_seed":false,"campfire_upgraded":2,"win_rate":0,"timestamp":1548542736,"path_taken":["M","M","?","?","?","R","E","M","T","M","?","R","?","E","R","BOSS"],"build_version":"2019-01-23","purchased_purges":0,"victory":false,"max_hp_per_floor":[66,66,71,71,71,71,71,71,81,81,81,81,81,81,81,81],"card_choices":[{"not_picked":["Tactician","Expertise"],"picked":"Dagger Spray","floor":1},{"not_picked":["Bane","Predator"],"picked":"Dagger Throw","floor":2},{"not_picked":["Dagger Throw","PiercingWail"],"picked":"Deadly Poison","floor":7},{"not_picked":["Sucker Punch","hubris:SlightOfHand","Eviscerate"],"picked":"SKIP","floor":8},{"not_picked":["Grand Finale","Caltrops"],"picked":"PiercingWail","floor":10},{"not_picked":["Dagger Throw","Flying Knee","Cloak And Dagger"],"picked":"SKIP","floor":11},{"not_picked":["Dodge and Roll","Masterful Stab"],"picked":"Glass Knife","floor":14}],"player_experience":1168826,"relics_obtained":[{"floor":7,"key":"Oddly Smooth Stone"},{"floor":9,"key":"Pear"},{"floor":14,"key":"Bronze Scales"}],"event_choices":[{"damage_healed":0,"gold_gain":0,"player_choice":"Donut","damage_taken":0,"max_hp_gain":5,"max_hp_loss":0,"event_name":"Big Fish","floor":3,"gold_loss":0},{"damage_healed":0,"gold_gain":0,"player_choice":"Entered Light","damage_taken":21,"max_hp_gain":0,"max_hp_loss":0,"event_name":"Shining Light","floor":4,"gold_loss":0,"cards_upgraded":["Defend_G","Neutralize"]},{"damage_healed":0,"gold_gain":75,"player_choice":"Gather Gold","damage_taken":11,"max_hp_gain":0,"max_hp_loss":0,"event_name":"World of Goop","floor":13,"gold_loss":0}],"is_beta":false,"boss_relics":[],"items_purged_floors":[],"is_endless":false,"potions_floor_spawned":[1,8,11,14],"killed_by":"Slime Boss","ascension_level":20}