{"gold_per_floor":[115,115,127,127,143,143,176,176,176,189,201,201,201,126,126,224,224,236,247,162,162,181,181,181,181,181,81,81,104,104,122,122,226,276,289,308,320,195,212,212,225,225,251,265,265,46,56,0,0,0],"floor_reached":50,"playtime":4989,"items_purged":["Strike_G","Strike_G","Defend_G","Defend_G"],"score":647,"play_id":"0c6fae70-b1e7-4e51-b840-f09d3a83c8f4","local_time":"20190813213350","is_ascension_mode":true,"campfire_choices":[{"data":"Neutralize","floor":6.0,"key":"SMITH"},{"floor":8.0,"key":"REST"},{"data":"Underhanded Strike","floor":12.0,"key":"SMITH"},{"data":"Underhanded Strike","floor":15.0,"key":"SMITH"},{"floor":23.0,"key":"REST"},{"data":"After Image","floor":25.0,"key":"SMITH"},{"data":"Footwork","floor":32.0,"key":"SMITH"},{"data":"Adrenaline","floor":40.0,"key":"SMITH"},{"floor":42.0,"key":"REST"},{"floor":45.0,"key":"REST"},{"data":"Caltrops","floor":49.0,"key":"SMITH"}],"neow_cost":"NONE","seed_source_timestamp":2068622320314300,"circlet_count":0,"master_deck":["Defend_G","Defend_G+1","Survivor","Neutralize+1","PiercingWail","All Out Attack","Well Laid Plans","Tactician+1","Underhanded Strike+1","Underhanded Strike+1","Malaise","Blur","After Image+1","Adrenaline+1","Footwork+1","Blur+1","Adrenaline","Blur+1","Blur+1","Caltrops+1"],"special_seed":0,"relics":["Ring of the Snake","Pantograph","Matryoshka","Anchor","Singing Bowl","Lizard Tail","Mummified Hand","Shuriken","Omamori","Art of War","Tiny House","War Paint","Red Mask"],"potions_floor_usage":[50,50,50],"damage_taken":[{"damage":0.0,"enemies":"2 Louse","floor":1.0,"turns":3.0},{"damage":0.0,"enemies":"Small Slimes","floor":3.0,"turns":5.0},{"damage":1.0,"enemies":"Jaw Worm","floor":5.0,"turns":5.0},{"damage":35.0,"enemies":"Lagavulin","floor":7.0,"turns":10.0},{"damage":0.0,"enemies":"3 Louse","floor":10.0,"turns":2.0},{"damage":10.0,"enemies":"Large Slime","floor":11.0,"turns":5.0},{"damage":41.0,"enemies":"Hexaghost","floor":16.0,"turns":15.0},{"damage":42.0,"enemies":"Spheric Guardian","floor":18.0,"turns":8.0},{"damage":11.0,"enemies":"Chosen","floor":19.0,"turns":8.0},{"damage":15.0,"enemies":"Snecko","floor":22.0,"turns":11.0},{"damage":0.0,"enemies":"Snake Plant","floor":31.0,"turns":6.0},{"damage":48.0,"enemies":"Collector","floor":33.0,"turns":24.0},{"damage":18.0,"enemies":"3 Shapes","floor":35.0,"turns":9.0},{"damage":0.0,"enemies":"Orb Walker","floor":36.0,"turns":7.0},{"damage":0.0,"enemies":"Spire Growth","floor":37.0,"turns":16.0},{"damage":0.0,"enemies":"Writhing Mass","floor":39.0,"turns":18.0},{"damage":38.0,"enemies":"Maw","floor":41.0,"turns":17.0},{"damage":0.0,"enemies":"Spire Growth","floor":44.0,"turns":14.0},{"damage":0.0,"enemies":"Writhing Mass","floor":47.0,"turns":14.0},{"damage":108,"enemies":"Donu and Deca","floor":50,"turns":11}],"seed_played":"6947179784401848700","potions_obtained":[{"floor":5.0,"key":"PowerPotion"},{"floor":10.0,"key":"Explosive Potion"},{"floor":16.0,"key":"PowerPotion"},{"floor":33.0,"key":"PowerPotion"},{"floor":36.0,"key":"Block Potion"},{"floor":39.0,"key":"LiquidBronze"},{"floor":41.0,"key":"Ancient Potion"}],"is_trial":false,"path_per_floor":["M","?","M","?","M","R","E","R","T","M","M","R","?","$","R","B",null,"M","M","?","?","M","R","?","R","T","$","?","T","$","M","R","B",null,"M","M","M","$","M","R","M","R","T","M","R","$","M","?","R","B"],"character_chosen":"THE_SILENT","items_purchased":["Caltrops"],"campfire_rested":4,"item_purchase_floors":[46],"current_hp_per_floor":[63,45,45,45,44,44,9,30,30,30,20,20,20,20,20,4,54,14,3,3,3,26,48,48,48,48,48,48,48,48,48,48,25,67,51,51,53,53,53,53,17,42,42,44,70,70,72,72,72,0],"gold":0,"neow_bonus":"REMOVE_CARD","is_prod":false,"is_daily":false,"chose_seed":false,"campfire_upgraded":7,"win_rate":0,"timestamp":1565703230,"path_taken":["M","?","M","?","M","R","E","R","T","M","M","R","?","$","R","BOSS","M","M","?","?","M","R","?","R","T","$","?","?","$","M","R","BOSS","M","M","?","$","M","R","M","R","T","M","R","$","M","?","R","BOSS"],"build_version":"2019-07-17","purchased_purges":4,"victory":false,"max_hp_per_floor":[70,70,70,70,70,70,70,70,70,70,70,70,70,70,70,70,70,72,72,72,72,74,74,74,74,74,74,74,74,74,74,74,74,79,81,81,83,83,83,83,85,85,85,87,87,87,89,89,89,89],"card_choices":[{"not_picked":["Distraction","Endless Agony"],"picked":"PiercingWail","floor":1.0},{"not_picked":["Eviscerate","PiercingWail"],"picked":"All Out Attack","floor":3.0},{"not_picked":["Deadly Poison","Distraction"],"picked":"Tactician","floor":5.0},{"not_picked":["Poisoned Stab","Deflect","Cloak And Dagger"],"picked":"SKIP","floor":7.0},{"not_picked":["Quick Slash","Choke"],"picked":"Underhanded Strike","floor":10.0},{"not_picked":["Terror","Flying Knee"],"picked":"Underhanded Strike","floor":11.0},{"not_picked":["Glass Knife","Storm of Steel"],"picked":"Malaise","floor":16.0},{"not_picked":["Dodge and Roll","Finisher","Blade Dance"],"picked":"Singing Bowl","floor":18.0},{"not_picked":["Slice","Distraction+1"],"picked":"Blur","floor":19.0},{"not_picked":["Slice","Flying Knee","Bane"],"picked":"Singing Bowl","floor":22.0},{"not_picked":["Noxious Fumes","Slice"],"picked":"Blur","floor":31.0},{"not_picked":["Storm of Steel","Bullet Time"],"picked":"Adrenaline","floor":33.0},{"not_picked":["Cloak And Dagger","Slice","Underhanded Strike+1"],"picked":"Singing Bowl","floor":35.0},{"not_picked":["Slice+1","Poisoned Stab+1"],"picked":"Blur+1","floor":36.0},{"not_picked":["Infinite Blades+1","Outmaneuver","Dagger Spray+1"],"picked":"Singing Bowl","floor":37.0},{"not_picked":["Reflex","Escape Plan"],"picked":"Blur+1","floor":39.0},{"not_picked":["Blade Dance","Underhanded Strike+1","Cloak And Dagger+1"],"picked":"Singing Bowl","floor":41.0},{"not_picked":["Choke","Backflip","Prepared+1"],"picked":"Singing Bowl","floor":44.0},{"not_picked":["Flying Knee+1","Venomology","Outmaneuver+1"],"picked":"Singing Bowl","floor":47.0}],"player_experience":291454,"relics_obtained":[{"floor":7.0,"key":"Matryoshka"},{"floor":9.0,"key":"Anchor"},{"floor":9.0,"key":"Singing Bowl"},{"floor":26.0,"key":"Shuriken"},{"floor":26.0,"key":"Omamori"},{"floor":29.0,"key":"Art of War"},{"floor":43.0,"key":"War Paint"}],"event_choices":[{"damage_healed":0.0,"max_hp_gain":0.0,"max_hp_loss":0.0,"gold_gain":0.0,"event_name":"Scrap Ooze","player_choice":"Success","floor":2.0,"gold_loss":0.0,"damage_taken":18.0,"relics_obtained":["Pantograph"]},{"damage_healed":0.0,"max_hp_gain":0.0,"max_hp_loss":0.0,"gold_gain":0.0,"cards_transformed":["Defend_G"],"event_name":"Living Wall","player_choice":"Change","floor":4.0,"gold_loss":0.0,"damage_taken":0.0,"cards_obtained":["Well Laid Plans"]},{"damage_healed":0.0,"max_hp_gain":0.0,"max_hp_loss":0.0,"gold_gain":0.0,"event_name":"Liars Game","player_choice":"Ignored","floor":13.0,"gold_loss":0.0,"damage_taken":0.0},{"damage_healed":0.0,"max_hp_gain":0.0,"max_hp_loss":0.0,"gold_gain":0.0,"event_name":"Addict","player_choice":"Obtained Relic","floor":20.0,"gold_loss":85.0,"damage_taken":0.0,"relics_obtained":["Mummified Hand"]},{"damage_healed":0.0,"max_hp_gain":0.0,"max_hp_loss":0.0,"gold_gain":0.0,"cards_transformed":["Strike_G","Strike_G"],"event_name":"Drug Dealer","player_choice":"Became Test Subject","floor":21.0,"gold_loss":0.0,"damage_taken":0.0,"cards_obtained":["After Image","Adrenaline"]},{"damage_healed":0.0,"max_hp_gain":0.0,"max_hp_loss":0.0,"gold_gain":0.0,"event_name":"The Library","player_choice":"Read","floor":24.0,"gold_loss":0.0,"damage_taken":0.0,"cards_obtained":["Footwork"]},{"damage_healed":0.0,"max_hp_gain":0.0,"max_hp_loss":0.0,"gold_gain":0.0,"event_name":"Cursed Tome","player_choice":"Ignored","floor":28.0,"gold_loss":0.0,"damage_taken":0.0},{"damage_healed":0.0,"max_hp_gain":0.0,"max_hp_loss":0.0,"gold_gain":0.0,"event_name":"Tomb of Lord Red Mask","player_choice":"Paid","floor":48.0,"gold_loss":56.0,"damage_taken":0.0,"relics_obtained":["Red Mask"]}],"is_beta":false,"boss_relics":[{"not_picked":["Black Star","Pandora\u0027s Box"],"picked":"Lizard Tail"},{"not_picked":["WristBlade","Empty Cage"],"picked":"Tiny House"}],"items_purged_floors":[14,27,38,46],"is_endless":false,"potions_floor_spawned":[5,10,16,31,33,36,39,41],"killed_by":"Donu and Deca","ascension_level":7}