{"gold_per_floor":[119,79,95,20,20,20,20,64,118,131,131,166,190,190,190,288,288,307,157,178,191,191,191,235,260,260,260],"floor_reached":27,"playtime":935,"items_purged":["Strike_G","Strike_G"],"score":532,"play_id":"743e0e18-a43d-49ac-a248-c06cb719dc20","local_time":"20191001081943","is_ascension_mode":true,"campfire_choices":[{"data":"Caltrops","floor":6.0,"key":"SMITH"},{"data":"Poisoned Stab","floor":11.0,"key":"SMITH"},{"data":"Corpse Explosion","floor":15.0,"key":"SMITH"},{"floor":23.0,"key":"REST"}],"neow_cost":"NONE","seed_source_timestamp":0,"circlet_count":0,"master_deck":["AscendersBane","Strike_G","Strike_G","Strike_G","Defend_G","Defend_G","Defend_G","Defend_G","Defend_G","Survivor","Neutralize","Caltrops+1","Poisoned Stab+1","Dash","Leg Sweep","Corpse Explosion+1","Deadly Poison","Glass Knife","CurseOfTheBell","Escape Plan","PiercingWail","Escape Plan","Infinite Blades+1","Glass Knife","Cloak And Dagger"],"special_seed":0,"relics":["Ring of the Snake","NeowsBlessing","Golden Idol","Centennial Puzzle","Tiny Chest","Lizard Tail","Calling Bell","Snake Skull","Kunai","Turnip","Potion Belt","White Beast Statue","Ornamental Fan"],"potions_floor_usage":[27,27],"damage_taken":[{"damage":0.0,"enemies":"Small Slimes","floor":1.0,"turns":1.0},{"damage":0.0,"enemies":"Cultist","floor":3.0,"turns":1.0},{"damage":0.0,"enemies":"Lagavulin","floor":8.0,"turns":1.0},{"damage":2.0,"enemies":"Jaw Worm","floor":10.0,"turns":3.0},{"damage":18.0,"enemies":"Gremlin Nob","floor":12.0,"turns":5.0},{"damage":0.0,"enemies":"3 Louse","floor":13.0,"turns":1.0},{"damage":30.0,"enemies":"The Guardian","floor":16.0,"turns":8.0},{"damage":2.0,"enemies":"3 Byrds","floor":18.0,"turns":3.0},{"damage":19.0,"enemies":"Chosen","floor":20.0,"turns":4.0},{"damage":28.0,"enemies":"Shelled Parasite and Fungi","floor":21.0,"turns":9.0},{"damage":64.0,"enemies":"Slavers","floor":24.0,"turns":4.0},{"damage":6.0,"enemies":"Centurion and Healer","floor":25.0,"turns":4.0},{"damage":8,"enemies":"Gremlin Leader","floor":27,"turns":4}],"seed_played":"-3207783896380348142","potions_obtained":[{"floor":2.0,"key":"DuplicationPotion"},{"floor":2.0,"key":"Block Potion"},{"floor":3.0,"key":"PowerPotion"},{"floor":12.0,"key":"FearPotion"},{"floor":16.0,"key":"SkillPotion"},{"floor":20.0,"key":"Regen Potion"},{"floor":24.0,"key":"Dexterity Potion"},{"floor":25.0,"key":"FearPotion"}],"is_trial":false,"path_per_floor":["M","?","M","$","?","R","?","E","T","M","R","E","M","?","R","B",null,"M","$","M","M","T","R","E","M","T","E"],"character_chosen":"THE_SILENT","items_purchased":["PiercingWail"],"campfire_rested":1,"item_purchase_floors":[19],"current_hp_per_floor":[59,59,59,59,64,64,64,64,64,62,62,44,44,44,44,14,52,50,50,31,18,18,37,11,5,5,0],"gold":260,"neow_bonus":"THREE_ENEMY_KILL","is_prod":false,"is_daily":false,"chose_seed":false,"campfire_upgraded":3,"win_rate":0,"timestamp":1569910783,"path_taken":["M","?","?","$","?","R","?","E","T","M","R","E","M","?","R","BOSS","M","$","M","M","?","R","E","M","T","E"],"build_version":"2019-09-27","purchased_purges":2,"victory":false,"max_hp_per_floor":[66,66,66,66,71,71,64,64,64,64,64,64,64,64,64,64,64,64,64,64,64,64,64,64,64,64,64],"card_choices":[{"not_picked":["Prepared","Backflip"],"picked":"Caltrops","floor":1.0},{"not_picked":["Flying Knee","Dagger Throw"],"picked":"Poisoned Stab","floor":3.0},{"not_picked":["Slice","Acrobatics"],"picked":"Dash","floor":8.0},{"not_picked":["Slice","Outmaneuver"],"picked":"Leg Sweep","floor":10.0},{"not_picked":["Reflex","Skewer"],"picked":"Corpse Explosion","floor":12.0},{"not_picked":["Dagger Spray","Bouncing Flask"],"picked":"Deadly Poison","floor":13.0},{"not_picked":["Storm of Steel","Malaise"],"picked":"Glass Knife","floor":16.0},{"not_picked":["Slice","Quick Slash"],"picked":"Escape Plan","floor":18.0},{"not_picked":["Flechettes","Slice"],"picked":"Escape Plan","floor":20.0},{"not_picked":["Underhanded Strike","Slice","Infinite Blades+1"],"picked":"SKIP","floor":21.0},{"not_picked":["Underhanded Strike","Slice"],"picked":"Infinite Blades+1","floor":21.0},{"not_picked":["Sucker Punch+1","Deadly Poison"],"picked":"Glass Knife","floor":24.0},{"not_picked":["Cloak And Dagger","Quick Slash","Dagger Throw+1"],"picked":"SKIP","floor":25.0},{"not_picked":["Quick Slash","Dagger Throw+1"],"picked":"Cloak And Dagger","floor":25.0}],"player_experience":2126572,"relics_obtained":[{"floor":8.0,"key":"Centennial Puzzle"},{"floor":9.0,"key":"Tiny Chest"},{"floor":12.0,"key":"Lizard Tail"},{"floor":17.0,"key":"Snake Skull"},{"floor":17.0,"key":"Kunai"},{"floor":17.0,"key":"Turnip"},{"floor":22.0,"key":"Potion Belt"},{"floor":24.0,"key":"White Beast Statue"},{"floor":26.0,"key":"Ornamental Fan"}],"event_choices":[{"damage_healed":0.0,"max_hp_gain":0.0,"max_hp_loss":0.0,"gold_gain":0.0,"event_name":"The Woman in Blue","player_choice":"Bought 3 Potions","floor":2.0,"gold_loss":0.0,"damage_taken":0.0},{"damage_healed":0.0,"max_hp_gain":5.0,"max_hp_loss":0.0,"gold_gain":0.0,"event_name":"Big Fish","player_choice":"Donut","floor":5.0,"gold_loss":0.0,"damage_taken":0.0},{"damage_healed":0.0,"max_hp_gain":0.0,"max_hp_loss":7.0,"gold_gain":0.0,"event_name":"Golden Idol","player_choice":"Lose Max HP","floor":7.0,"gold_loss":0.0,"damage_taken":0.0,"relics_obtained":["Golden Idol"]},{"damage_healed":0.0,"max_hp_gain":0.0,"max_hp_loss":0.0,"gold_gain":0.0,"event_name":"Match and Keep!","player_choice":"0 cards matched","floor":14.0,"gold_loss":0.0,"damage_taken":0.0,"cards_obtained":[]}],"is_beta":true,"boss_relics":[{"not_picked":["HoveringKite","Ring of the Serpent"],"picked":"Calling Bell"}],"items_purged_floors":[4,19],"is_endless":false,"potions_floor_spawned":[3,12,16,20,24,25],"killed_by":"Gremlin Leader","ascension_level":20}