{"gold_per_floor":[115,190,207,30,43,43,59,70,93,123,140,140,154,174,174,272,272,284,284,284,295,35,35,35,35,81,81,98,98,58,72,72,168,168,180,199,46,46,46,46,46,0,46,46,61,61],"floor_reached":46,"playtime":1264,"items_purged":["Strike_B"],"score":447,"play_id":"5524789c-c5e2-44e0-90ac-bf18cb143f6d","local_time":"20190704234604","is_ascension_mode":false,"campfire_choices":[{"data":"Storm","floor":6,"key":"SMITH"},{"floor":12,"key":"REST"},{"floor":15,"key":"REST"},{"floor":23,"key":"REST"},{"floor":27,"key":"REST"},{"floor":29,"key":"REST"},{"data":"Static Discharge","floor":32,"key":"SMITH"},{"floor":40,"key":"REST"},{"floor":44,"key":"REST"}],"neow_cost":"NONE","seed_source_timestamp":1560065445481840,"circlet_count":0,"master_deck":["Zap+1","Dualcast","Static Discharge+1","Heatsinks","Storm+1","Leap","Hologram","Defragment+1","Genetic Algorithm+1","Redo","Static Discharge+1","Conserve Battery","Beam Cell","Seek+1","Rebound","Auto Shields","Electrodynamics","Conserve Battery","Streamline+1","Hologram+1","Force Field","The Bomb","Shame","Reinforced Body+1","Hyperbeam","Meteor Strike","Rebound","Beam Cell","Core Surge","Storm","All For One","Beam Cell","Sweeping Beam+1","Leap+1","BootSequence"],"relics":["Cracked Core","Juzu Bracelet","Orrery","Vajra","Blood Vial","Boot","Pandora\u0027s Box","War Paint","Question Card","Red Mask","Oddly Smooth Stone"],"potions_floor_usage":[10,10,33,33,41],"damage_taken":[{"damage":1,"enemies":"2 Louse","floor":1,"turns":2},{"damage":1,"enemies":"Cultist","floor":3,"turns":3},{"damage":1,"enemies":"Jaw Worm","floor":5,"turns":3},{"damage":3,"enemies":"3 Louse","floor":7,"turns":3},{"damage":8,"enemies":"Red Slaver","floor":8,"turns":2},{"damage":26,"enemies":"Gremlin Nob","floor":10,"turns":4},{"damage":0,"enemies":"Large Slime","floor":11,"turns":4},{"damage":23,"enemies":"Lots of Slimes","floor":13,"turns":4},{"damage":6,"enemies":"2 Fungi Beasts","floor":14,"turns":3},{"damage":16,"enemies":"Slime Boss","floor":16,"turns":10},{"damage":21,"enemies":"Shell Parasite","floor":18,"turns":3},{"damage":24,"enemies":"2 Thieves","floor":21,"turns":3},{"damage":20,"enemies":"Centurion and Healer","floor":28,"turns":6},{"damage":17,"enemies":"Snake Plant","floor":31,"turns":4},{"damage":30,"enemies":"Champ","floor":33,"turns":8},{"damage":21,"enemies":"Orb Walker","floor":35,"turns":3},{"damage":34,"enemies":"3 Darklings","floor":36,"turns":4},{"damage":28,"enemies":"Transient","floor":41,"turns":5},{"damage":50,"enemies":"Spire Growth","floor":45,"turns":4},{"damage":4,"enemies":"Maw","floor":46,"turns":4}],"seed_played":"-409900119934541960","potions_obtained":[{"floor":1,"key":"Poison Potion"},{"floor":8,"key":"SkillPotion"},{"floor":13,"key":"Block Potion"},{"floor":16,"key":"Ancient Potion"},{"floor":18,"key":"PowerPotion"},{"floor":21,"key":"FocusPotion"},{"floor":33,"key":"Ancient Potion"},{"floor":39,"key":"LiquidBronze"},{"floor":39,"key":"SmokeBomb"}],"is_trial":false,"path_per_floor":["M","?","M","$","M","R","M","M","T","E","M","R","M","M","R","B",null,"M","?","?","M","$","R","?","?","T","R","M","R","?","M","R","B",null,"M","M","$","T","?","R","M","?","T","R","M","M"],"character_chosen":"DEFECT","items_purchased":["Storm","Leap","Force Field","The Bomb","War Paint"],"campfire_rested":7,"item_purchase_floors":[4,4,22,22,37],"current_hp_per_floor":[74,67,66,66,65,65,62,54,54,28,28,50,27,21,43,27,75,54,54,40,16,16,40,40,40,40,64,46,70,70,55,55,27,80,59,27,27,27,27,51,25,25,25,49,1,0],"gold":61,"neow_bonus":"UPGRADE_CARD","is_prod":false,"is_daily":false,"chose_seed":false,"campfire_upgraded":2,"win_rate":0,"timestamp":1562251564,"path_taken":["M","?","?","$","M","R","M","M","T","E","M","R","M","M","R","BOSS","M","?","?","M","$","R","?","?","T","R","M","R","?","M","R","BOSS","M","M","$","?","?","R","M","?","T","R","M","M"],"build_version":"2019-07-01","purchased_purges":1,"victory":false,"max_hp_per_floor":[75,75,75,75,75,75,75,75,75,75,75,75,75,75,75,75,75,75,75,80,80,80,80,80,80,80,80,80,80,80,80,80,80,80,80,80,80,80,80,80,80,80,80,80,80,80],"card_choices":[{"not_picked":["Gash","Coolheaded"],"picked":"Static Discharge","floor":1},{"not_picked":["Compile Driver","Sweeping Beam"],"picked":"Heatsinks","floor":3},{"not_picked":["Steam Power","Doom and Gloom"],"picked":"Hologram","floor":5},{"not_picked":["Steam","Streamline"],"picked":"Defragment","floor":7},{"not_picked":["Stack","Barrage"],"picked":"Genetic Algorithm","floor":8},{"not_picked":["Coolheaded","Blizzard"],"picked":"Redo","floor":10},{"not_picked":["Seek","Steam"],"picked":"Static Discharge","floor":11},{"not_picked":["Doom and Gloom","Double Energy"],"picked":"Conserve Battery","floor":13},{"not_picked":["Steam Power","Compile Driver"],"picked":"Beam Cell","floor":14},{"not_picked":["Amplify","Core Surge"],"picked":"Seek","floor":16},{"not_picked":["Hologram","Sweeping Beam"],"picked":"Rebound","floor":17},{"not_picked":["Cold Snap","Compile Driver"],"picked":"Auto Shields","floor":17},{"not_picked":["Leap","Consume"],"picked":"Electrodynamics","floor":17},{"not_picked":["Turbo","Loop"],"picked":"Conserve Battery","floor":17},{"not_picked":["Reprogram+1","Turbo"],"picked":"Streamline+1","floor":18},{"not_picked":["Coolheaded","Stack+1"],"picked":"Hologram+1","floor":21},{"not_picked":["Stack","Gash+1"],"picked":"Reinforced Body+1","floor":28},{"not_picked":["Sweeping Beam","Glacier","Sunder+1"],"picked":"SKIP","floor":31},{"not_picked":["Biased Cognition","Rainbow"],"picked":"Hyperbeam","floor":33},{"not_picked":["Compile Driver","Coolheaded"],"picked":"Sweeping Beam+1","floor":35},{"not_picked":["Barrage+1","Turbo+1"],"picked":"Leap+1","floor":36},{"not_picked":["Rebound+1","Stack+1","Biased Cognition"],"picked":"BootSequence","floor":45}],"player_experience":208872,"relics_obtained":[{"floor":10,"key":"Juzu Bracelet"},{"floor":26,"key":"Boot"},{"floor":38,"key":"Question Card"},{"floor":43,"key":"Oddly Smooth Stone"}],"event_choices":[{"damage_healed":0,"gold_gain":75,"player_choice":"Touch","damage_taken":7,"max_hp_gain":0,"max_hp_loss":0,"event_name":"FaceTrader","floor":2,"gold_loss":0},{"damage_healed":0,"gold_gain":0,"player_choice":"Opened","damage_taken":0,"relics_obtained":["Vajra"],"max_hp_gain":0,"max_hp_loss":0,"event_name":"The Mausoleum","floor":19,"gold_loss":0},{"damage_healed":0,"gold_gain":0,"player_choice":"Shed Blood","damage_taken":19,"max_hp_gain":5,"max_hp_loss":0,"event_name":"Forgotten Altar","floor":20,"gold_loss":0},{"damage_healed":0,"gold_gain":0,"player_choice":"Forge","damage_taken":0,"max_hp_gain":0,"max_hp_loss":0,"event_name":"Accursed Blacksmith","floor":24,"gold_loss":0,"cards_upgraded":["Defragment"]},{"damage_healed":0,"gold_gain":0,"player_choice":"Stole Relic","damage_taken":0,"relics_obtained":["Blood Vial"],"max_hp_gain":0,"max_hp_loss":0,"event_name":"Addict","floor":25,"gold_loss":0,"cards_obtained":["Shame"]},{"damage_healed":0,"gold_gain":0,"player_choice":"Upgraded Two","damage_taken":0,"max_hp_gain":0,"max_hp_loss":0,"event_name":"Designer","floor":30,"gold_loss":40,"cards_upgraded":["Defend_B","Static Discharge"]},{"damage_healed":0,"gold_gain":0,"player_choice":"Got Potions","damage_taken":0,"max_hp_gain":0,"max_hp_loss":0,"event_name":"Lab","floor":39,"gold_loss":0},{"damage_healed":0,"gold_gain":0,"player_choice":"Paid","damage_taken":0,"relics_obtained":["Red Mask"],"max_hp_gain":0,"max_hp_loss":0,"event_name":"Tomb of Lord Red Mask","floor":42,"gold_loss":46}],"is_beta":false,"boss_relics":[{"not_picked":["Philosopher\u0027s Stone","Astrolabe"],"picked":"Orrery"},{"not_picked":["Snecko Eye","Cursed Key"],"picked":"Pandora\u0027s Box"}],"items_purged_floors":[4],"is_endless":false,"potions_floor_spawned":[1,8,13,16,18,21,33,41],"killed_by":"Maw","ascension_level":0}