{"gold_per_floor":[109,34,45,56,72,72,92,92,92,57,4,14,30,56,56,128,128,147,159,159,84,84,115,115,143,143,43,73,86,99,99,99,172,172,191,201,215,235,235,270,270,295,322,152,152,162,162,162,162,162],"floor_reached":50,"playtime":3863,"items_purged":["Normality","Pain","Parasite"],"score":1040,"play_id":"b35d5598-1208-49da-87e6-5863f879b904","local_time":"20181023233155","is_ascension_mode":true,"campfire_choices":[{"data":"Sunder","floor":6.0,"key":"SMITH"},{"data":"Defragment","floor":8.0,"key":"SMITH"},{"data":"Deep Breath","floor":15.0,"key":"SMITH"},{"floor":24,"key":"REST"},{"data":"Skim","floor":32,"key":"SMITH"},{"data":"1","floor":41,"key":"LIFT"},{"floor":45,"key":"REST"},{"data":"2","floor":47,"key":"LIFT"},{"floor":49,"key":"REST"}],"neow_cost":"CURSE","seed_source_timestamp":0,"circlet_count":0,"master_deck":["Strike_B+1","Strike_B+1","Strike_B+1","Defend_B+1","Defend_B+1","Defend_B+1","Defend_B+1","Zap","Dualcast","AscendersBane","Deep Breath+1","Good Instincts","Coolheaded+1","BootSequence","Sunder+1","Self Repair","Defragment+1","Cold Snap+1","Streamline+1","Glacier","Buffer+1","Capacitor+1","Streamline+1","RitualDagger+1","Defragment+1","Hologram+1","Skim+1","Sweeping Beam+1","Echo Form+1","Sweeping Beam+1","Barrage+1","Rebound+1","Heatsinks+1","Amplify","Storm+1"],"special_seed":0,"relics":["Cracked Core","Mercury Hourglass","Molten Egg 2","Frozen Egg 2","Cursed Key","Meat on the Bone","War Paint","Kunai","Ornamental Fan","Busted Crown","WingedGreaves","Girya","The Courier","DataDisk"],"potions_floor_usage":[19,28,33,37,42,48,50],"damage_taken":[{"damage":8.0,"enemies":"Jaw Worm","floor":1.0,"turns":4.0},{"damage":0.0,"enemies":"Small Slimes","floor":3.0,"turns":2.0},{"damage":0.0,"enemies":"Cultist","floor":4.0,"turns":4.0},{"damage":3.0,"enemies":"2 Fungi Beasts","floor":5.0,"turns":4.0},{"damage":0.0,"enemies":"Large Slime","floor":7.0,"turns":4.0},{"damage":7.0,"enemies":"Exordium Wildlife","floor":12.0,"turns":3.0},{"damage":1.0,"enemies":"Looter","floor":13.0,"turns":3.0},{"damage":3.0,"enemies":"3 Sentries","floor":14.0,"turns":5.0},{"damage":18.0,"enemies":"The Guardian","floor":16.0,"turns":11.0},{"damage":0,"enemies":"3 Byrds","floor":18,"turns":5},{"damage":20,"enemies":"2 Thieves","floor":19,"turns":3},{"damage":24,"enemies":"Slavers","floor":23,"turns":6},{"damage":17,"enemies":"Book of Stabbing","floor":25,"turns":6},{"damage":19,"enemies":"Gremlin Leader","floor":28,"turns":7},{"damage":0,"enemies":"Centurion and Healer","floor":29,"turns":5},{"damage":0,"enemies":"Cultist and Chosen","floor":30,"turns":8},{"damage":8,"enemies":"Automaton","floor":33,"turns":12},{"damage":1,"enemies":"Orb Walker","floor":35,"turns":4},{"damage":0,"enemies":"3 Shapes","floor":36,"turns":3},{"damage":0,"enemies":"Jaw Worm Horde","floor":37,"turns":4},{"damage":0,"enemies":"Writhing Mass","floor":38,"turns":6},{"damage":0,"enemies":"Mind Bloom Boss Battle","floor":39,"turns":5},{"damage":26,"enemies":"Reptomancer","floor":40,"turns":6},{"damage":33,"enemies":"Nemesis","floor":42,"turns":5},{"damage":0,"enemies":"3 Darklings","floor":46,"turns":6},{"damage":30,"enemies":"Maw","floor":48,"turns":4},{"damage":53,"enemies":"Awakened One","floor":50,"turns":5}],"seed_played":"-6999213741502210729","potions_obtained":[{"floor":4.0,"key":"GamblersBrew"},{"floor":13.0,"key":"Fire Potion"},{"floor":14.0,"key":"SmokeBomb"},{"floor":23,"key":"PowerPotion"},{"floor":29,"key":"EssenceOfSteel"},{"floor":36,"key":"Energy Potion"},{"floor":37,"key":"EssenceOfSteel"},{"floor":42,"key":"Dexterity Potion"}],"is_trial":false,"path_per_floor":["M","$","M","M","M","R","M","R","T","?","?","M","M","E","R","B",null,"M","M","?","?","?","E","R","E","T","$","E","M","M","?","R","B",null,"M","M","M","M","?","E","R","E","T","$","R","M","R","M","R"],"character_chosen":"DEFECT","items_purchased":["Storm+1"],"campfire_rested":3,"item_purchase_floors":[44],"current_hp_per_floor":[56,56,56,56,53,53,53,53,53,70,70,63,62,59,59,48,65,71,51,51,51,45,21,42,44,44,44,44,44,51,51,51,50,66,71,71,71,71,71,45,45,24,24,24,44,44,44,33,53,0],"gold":162,"neow_bonus":"RANDOM_COLORLESS_2","is_prod":false,"is_daily":false,"chose_seed":false,"campfire_upgraded":4,"win_rate":0,"timestamp":1540330315,"path_taken":["M","$","M","M","M","R","M","R","T","?","?","M","M","E","R","BOSS","M","M","?","?","?","E","R","E","T","$","E","?","M","?","R","BOSS","M","M","M","M","?","E","R","E","T","$","R","M","R","M","R","BOSS"],"build_version":"2018-10-22","purchased_purges":3,"victory":false,"max_hp_per_floor":[71,71,71,71,71,71,71,71,71,71,71,71,71,71,71,71,71,71,71,71,71,71,71,71,71,71,71,71,71,71,71,71,71,71,71,71,71,71,71,71,71,71,71,68,68,68,68,68,68,68],"card_choices":[{"not_picked":["Conserve Battery","Redo"],"picked":"Coolheaded","floor":1.0},{"not_picked":["Go for the Eyes","Stack"],"picked":"BootSequence","floor":3.0},{"not_picked":["Doom and Gloom","Ball Lightning"],"picked":"Sunder","floor":4.0},{"not_picked":["Redo","Steam"],"picked":"Self Repair","floor":5.0},{"not_picked":["Doom and Gloom","Rebound"],"picked":"Defragment","floor":7.0},{"not_picked":["Ball Lightning+1","Turbo"],"picked":"Cold Snap+1","floor":12.0},{"not_picked":["Coolheaded","Hologram"],"picked":"Streamline+1","floor":13.0},{"not_picked":["Force Field","Go for the Eyes+1"],"picked":"Glacier","floor":14.0},{"not_picked":["All For One+1","Core Surge+1"],"picked":"Buffer+1","floor":16.0},{"not_picked":["Rebound+1","Turbo"],"picked":"Capacitor+1","floor":18},{"not_picked":["Leap","Redo"],"picked":"Streamline+1","floor":19},{"not_picked":["Coolheaded","Heatsinks+1"],"picked":"Defragment+1","floor":23},{"not_picked":["Force Field","Meteor Strike+1"],"picked":"Hologram","floor":25},{"not_picked":["Gash+1","Steam"],"picked":"Skim","floor":28},{"not_picked":["Aggregate","Stack","Coolheaded"],"picked":"SKIP","floor":29},{"not_picked":["Gash+1","Coolheaded"],"picked":"Sweeping Beam+1","floor":30},{"not_picked":["Rainbow","Fission"],"picked":"Echo Form+1","floor":33},{"not_picked":[],"picked":"Sweeping Beam+1","floor":35},{"not_picked":[],"picked":"Barrage+1","floor":36},{"not_picked":["Gash+1"],"picked":"SKIP","floor":37},{"not_picked":[],"picked":"Rebound+1","floor":38},{"not_picked":[],"picked":"Heatsinks+1","floor":39},{"not_picked":["Turbo"],"picked":"SKIP","floor":40},{"not_picked":[],"picked":"Amplify","floor":42},{"not_picked":["Double Energy"],"picked":"SKIP","floor":46}],"player_experience":666794,"relics_obtained":[{"floor":9.0,"key":"Mercury Hourglass"},{"floor":14.0,"key":"Frozen Egg 2"},{"floor":23,"key":"Meat on the Bone"},{"floor":25,"key":"War Paint"},{"floor":26,"key":"Kunai"},{"floor":28,"key":"Ornamental Fan"},{"floor":39,"key":"WingedGreaves"},{"floor":40,"key":"Girya"},{"floor":42,"key":"The Courier"},{"floor":43,"key":"DataDisk"}],"event_choices":[{"damage_healed":17.0,"max_hp_gain":0.0,"max_hp_loss":0.0,"gold_gain":0.0,"event_name":"The Cleric","player_choice":"Healed","floor":10.0,"gold_loss":35.0,"damage_taken":0.0},{"damage_healed":0.0,"max_hp_gain":0.0,"max_hp_loss":0.0,"gold_gain":0.0,"event_name":"WeMeetAgain","player_choice":"Paid Gold","floor":11.0,"gold_loss":53.0,"damage_taken":0.0,"relics_obtained":["Molten Egg 2"]},{"damage_healed":0,"gold_gain":0,"player_choice":"Ignored","damage_taken":0,"max_hp_gain":0,"max_hp_loss":0,"event_name":"Ghosts","floor":20,"gold_loss":0},{"cards_removed":["Strike_B"],"damage_healed":0,"gold_gain":0,"player_choice":"Gave Gold","damage_taken":0,"max_hp_gain":0,"max_hp_loss":0,"event_name":"Beggar","floor":21,"gold_loss":75},{"damage_healed":0,"gold_gain":0,"player_choice":"Joined the Cult","damage_taken":6,"max_hp_gain":0,"max_hp_loss":0,"event_name":"Nest","floor":22,"gold_loss":0,"cards_obtained":["RitualDagger"]},{"damage_healed":0,"gold_gain":0,"player_choice":"Simplicity","damage_taken":0,"max_hp_gain":0,"max_hp_loss":0,"event_name":"Back to Basics","floor":31,"gold_loss":0,"cards_upgraded":["Strike_B","Strike_B","Strike_B","Defend_B","Defend_B","Defend_B","Defend_B"]},{"damage_healed":0,"gold_gain":0,"player_choice":"Fight","damage_taken":0,"max_hp_gain":0,"max_hp_loss":0,"event_name":"MindBloom","floor":39,"gold_loss":0}],"is_beta":true,"boss_relics":[{"not_picked":["Lizard Tail","Ectoplasm"],"picked":"Cursed Key"},{"not_picked":["Black Star","Snecko Eye"],"picked":"Busted Crown"}],"items_purged_floors":[2,27,44],"is_endless":false,"potions_floor_spawned":[4,13,14,23,25,29,36,37,39,42],"killed_by":"Awakened One","ascension_level":16}