{"gold_per_floor":[119,139,139,139,20,20,52,52,52,62,91,91,166,12,12,89,89,107,107,107,29,46,80,80,80,157,157],"floor_reached":27,"playtime":731,"items_purged":["Strike_R"],"score":470,"play_id":"a15196b1-a64a-44fb-95ae-2862ad8ccdbd","local_time":"20190218172936","is_ascension_mode":true,"campfire_choices":[{"data":"Corruption","floor":6,"key":"SMITH"},{"data":"Bash","floor":8,"key":"SMITH"},{"data":"Carnage","floor":12,"key":"SMITH"},{"floor":15,"key":"REST"},{"data":"Disarm","floor":24,"key":"SMITH"}],"neow_cost":"NONE","seed_source_timestamp":10720415684556,"circlet_count":0,"master_deck":["AscendersBane","Strike_R","Strike_R","Strike_R","Strike_R","Defend_R","Defend_R","Defend_R","Defend_R","Bash+1","Juggernaut+1","Anger","Shrug It Off","Sentinel","Corruption+1","Shrug It Off","Carnage+1","Rampage","Feel No Pain","Immolate","Intimidate","Disarm+1","Shockwave","Uppercut"],"relics":["Burning Blood","Boot","Red Skull","hubris:ChampionShield","Gremlin Horn","Snecko Eye","hubris:BottledRain","Nilry\u0027s Codex","Kunai","MutagenicStrength"],"potions_floor_usage":[7,16,23,27],"damage_taken":[{"damage":7,"enemies":"Small Slimes","floor":1,"turns":5},{"damage":3,"enemies":"2 Louse","floor":2,"turns":3},{"damage":14,"enemies":"3 Sentries","floor":7,"turns":6},{"damage":0,"enemies":"Jaw Worm","floor":10,"turns":3},{"damage":24,"enemies":"Gremlin Nob","floor":11,"turns":4},{"damage":24,"enemies":"The Guardian","floor":16,"turns":9},{"damage":6,"enemies":"Shell Parasite","floor":18,"turns":4},{"damage":5,"enemies":"Chosen","floor":22,"turns":3},{"damage":16,"enemies":"Gremlin Leader","floor":23,"turns":5},{"damage":28,"enemies":"Slavers","floor":27,"turns":2}],"seed_played":"339570495714656460","potions_obtained":[{"floor":1,"key":"PowerPotion"},{"floor":10,"key":"Explosive Potion"},{"floor":16,"key":"Energy Potion"}],"is_trial":false,"path_per_floor":["M","M","?","?","$","R","E","R","T","M","E","R","?","$","R","B",null,"M","T","?","$","M","E","R","?","T","E"],"character_chosen":"IRONCLAD","items_purchased":["Shrug It Off","Sentinel","Corruption","Fire Potion","Feel No Pain","Disarm"],"campfire_rested":1,"item_purchase_floors":[5,5,5,5,14,21],"current_hp_per_floor":[67,70,35,35,35,35,27,27,27,33,15,15,4,4,26,8,58,58,58,37,37,38,28,28,28,28,0],"gold":157,"neow_bonus":"ONE_RANDOM_RARE_CARD","is_prod":false,"is_daily":false,"chose_seed":false,"campfire_upgraded":4,"win_rate":0,"timestamp":1550507376,"path_taken":["M","M","?","?","$","R","E","R","T","M","E","R","?","?","R","BOSS","M","?","?","$","M","E","R","?","T","E"],"build_version":"2019-01-23","purchased_purges":1,"victory":false,"max_hp_per_floor":[75,75,75,75,75,75,75,75,75,75,75,75,75,75,75,75,75,75,75,75,75,75,75,75,75,75,75],"card_choices":[{"not_picked":["Warcry","Cleave"],"picked":"Anger","floor":1},{"not_picked":["Entrench","Warcry","Cleave"],"picked":"SKIP","floor":2},{"not_picked":["Entrench","Bloodletting"],"picked":"Shrug It Off","floor":7},{"not_picked":["Headbutt","Dual Wield"],"picked":"Carnage","floor":10},{"not_picked":["Headbutt","Juggernaut"],"picked":"Rampage","floor":11},{"not_picked":["Exhume","hubris:StunningStrike"],"picked":"Immolate","floor":16},{"not_picked":["Pommel Strike","Iron Wave"],"picked":"Intimidate","floor":18},{"not_picked":["Headbutt","Thunderclap"],"picked":"Shockwave","floor":22},{"not_picked":["Clothesline","Sword Boomerang"],"picked":"Uppercut","floor":23}],"player_experience":1293566,"relics_obtained":[{"floor":7,"key":"Red Skull"},{"floor":9,"key":"hubris:ChampionShield"},{"floor":11,"key":"Gremlin Horn"},{"floor":19,"key":"hubris:BottledRain"},{"floor":20,"key":"Nilry\u0027s Codex"},{"floor":23,"key":"Kunai"}],"event_choices":[{"damage_healed":0,"gold_gain":0,"player_choice":"Success","damage_taken":35,"relics_obtained":["Boot"],"max_hp_gain":0,"max_hp_loss":0,"event_name":"Scrap Ooze","floor":3,"gold_loss":0},{"damage_healed":0,"gold_gain":0,"player_choice":"Grow","damage_taken":0,"max_hp_gain":0,"max_hp_loss":0,"event_name":"Living Wall","floor":4,"gold_loss":0,"cards_upgraded":["Juggernaut"]},{"damage_healed":0,"gold_gain":75,"player_choice":"Gather Gold","damage_taken":11,"max_hp_gain":0,"max_hp_loss":0,"event_name":"World of Goop","floor":13,"gold_loss":0},{"damage_healed":0,"gold_gain":0,"player_choice":"Obtained Book","damage_taken":21,"max_hp_gain":0,"max_hp_loss":0,"event_name":"Cursed Tome","floor":20,"gold_loss":0},{"damage_healed":0,"gold_gain":0,"player_choice":"Inject Mutagens","damage_taken":0,"relics_obtained":["MutagenicStrength"],"max_hp_gain":0,"max_hp_loss":0,"event_name":"Drug Dealer","floor":25,"gold_loss":0}],"is_beta":false,"boss_relics":[{"not_picked":["infinitespire:Cupcake","Orrery"],"picked":"Snecko Eye"}],"items_purged_floors":[14],"is_endless":false,"potions_floor_spawned":[1,10,16,18],"killed_by":"Slavers","ascension_level":20}