{"gold_per_floor":[110,123,123,135,135,167,167,178,255,255,289,305,305,320,320,320],"floor_reached":16,"playtime":2952,"items_purged":[],"score":179,"play_id":"c76cafa6-8ac4-4246-b3a8-2656aad7b79b","local_time":"20180928224055","is_ascension_mode":true,"campfire_choices":[{"data":"Infernal Blade","floor":7,"key":"SMITH"},{"data":"Uppercut","floor":10,"key":"SMITH"},{"data":"Strike_R","floor":15,"key":"PURGE"}],"neow_cost":"","seed_source_timestamp":48535659880515,"circlet_count":0,"master_deck":["Strike_R","Strike_R","Strike_R","Strike_R","Defend_R","Defend_R","Defend_R","Defend_R","Bash","AscendersBane","Infernal Blade+1","Uppercut+1","Pummel","Rampage"],"relics":["Burning Blood","Peace Pipe","Bag of Marbles","Pear","Turnip"],"potions_floor_usage":[16],"damage_taken":[{"damage":1,"enemies":"Cultist","floor":1,"turns":4},{"damage":12,"enemies":"Small Slimes","floor":2,"turns":3},{"damage":4,"enemies":"Jaw Worm","floor":4,"turns":3},{"damage":30,"enemies":"Lagavulin","floor":6,"turns":6},{"damage":0,"enemies":"3 Louse","floor":8,"turns":2},{"damage":26,"enemies":"Gremlin Nob","floor":11,"turns":4},{"damage":6,"enemies":"Large Slime","floor":12,"turns":4},{"damage":9,"enemies":"Looter","floor":14,"turns":3},{"damage":31,"enemies":"The Guardian","floor":16,"turns":9}],"seed_played":"-3885230921657919144","potions_obtained":[{"floor":1,"key":"Weak Potion"},{"floor":11,"key":"FearPotion"}],"is_trial":false,"path_per_floor":["M","M","$","M","?","E","R","M","T","R","E","M","?","M","R"],"character_chosen":"IRONCLAD","items_purchased":[],"campfire_rested":0,"item_purchase_floors":[],"current_hp_per_floor":[77,71,71,73,61,37,37,43,53,53,33,33,33,30,30,0],"gold":320,"neow_bonus":"","is_prod":false,"is_daily":false,"chose_seed":false,"campfire_upgraded":2,"win_rate":0,"timestamp":1538167255,"path_taken":["M","M","$","M","?","E","R","M","T","R","E","M","?","M","R","BOSS"],"build_version":"2018-09-27","purchased_purges":0,"victory":false,"max_hp_per_floor":[80,80,80,80,80,80,80,80,90,90,90,90,90,90,90,90],"card_choices":[{"not_picked":["Heavy Blade","Wild Strike"],"picked":"Infernal Blade","floor":1},{"not_picked":["Heavy Blade","Clash"],"picked":"Uppercut","floor":2},{"not_picked":["Sentinel","Dual Wield"],"picked":"Pummel","floor":4},{"not_picked":["Power Through","Reckless Charge","Anger"],"picked":"SKIP","floor":6},{"not_picked":["Armaments","Rupture","Uppercut"],"picked":"SKIP","floor":8},{"not_picked":["Metallicize","Perfected Strike"],"picked":"Rampage","floor":11},{"not_picked":["Warcry","Pommel Strike","Bludgeon"],"picked":"SKIP","floor":12},{"not_picked":["Uppercut","Shockwave","Wild Strike"],"picked":"SKIP","floor":14}],"player_experience":550871,"relics_obtained":[{"floor":6,"key":"Bag of Marbles"},{"floor":9,"key":"Pear"},{"floor":11,"key":"Turnip"}],"event_choices":[{"event_name":"Scrap Ooze","player_choice":"success","floor":5,"damage_taken":12},{"event_name":"Liars Game","player_choice":"disagreed","floor":13,"damage_taken":0}],"is_beta":true,"boss_relics":[],"items_purged_floors":[],"is_endless":false,"potions_floor_spawned":[1,11,12,14],"killed_by":"The Guardian","ascension_level":12}