{"gold_per_floor":[118,118,118,118,43,43,77,98,98,98,131,155,171,195,195,284,284,297,107,121,142,142],"floor_reached":22,"playtime":542,"items_purged":["Strike_R"],"score":492,"play_id":"59cbdb11-1828-4370-9c53-bbc195a4e6c3","local_time":"20190620005334","is_ascension_mode":true,"campfire_choices":[{"data":"Perfected Strike","floor":6.0,"key":"SMITH"},{"data":"Pommel Strike","floor":10.0,"key":"SMITH"},{"data":"Perfected Strike","floor":15.0,"key":"SMITH"}],"neow_cost":"NONE","seed_source_timestamp":53284024616010,"circlet_count":0,"master_deck":["AscendersBane","Strike_R","Strike_R","Strike_R","Defend_R","Defend_R","Defend_R","Defend_R","Bash+1","Perfected Strike+1","Pommel Strike+1","Wild Strike","True Grit","Fiend Fire","Perfected Strike+1","Spot Weakness","Exhume","Armaments","Shockwave","Perfected Strike","Inflame","Heavy Blade+1"],"special_seed":0,"relics":["Burning Blood","NeowsBlessing","Golden Idol","Pen Nib","Peace Pipe","Bird Faced Urn","Runic Dome"],"potions_floor_usage":[21,22,22],"damage_taken":[{"damage":0.0,"enemies":"Small Slimes","floor":1.0,"turns":1.0},{"damage":0.0,"enemies":"Gremlin Nob","floor":7.0,"turns":1.0},{"damage":0.0,"enemies":"Jaw Worm","floor":8.0,"turns":1.0},{"damage":25.0,"enemies":"3 Sentries","floor":11.0,"turns":8.0},{"damage":0.0,"enemies":"Cultist","floor":12.0,"turns":2.0},{"damage":12.0,"enemies":"Large Slime","floor":13.0,"turns":2.0},{"damage":2.0,"enemies":"3 Louse","floor":14.0,"turns":3.0},{"damage":48.0,"enemies":"The Guardian","floor":16.0,"turns":10.0},{"damage":20.0,"enemies":"Shell Parasite","floor":18.0,"turns":3.0},{"damage":11,"enemies":"2 Thieves","floor":20,"turns":2},{"damage":12,"enemies":"Cultist and Chosen","floor":21,"turns":3},{"damage":47,"enemies":"Masked Bandits","floor":22,"turns":3}],"seed_played":"2898610534986938247","potions_obtained":[{"floor":8.0,"key":"EssenceOfSteel"},{"floor":13.0,"key":"Fire Potion"},{"floor":21,"key":"BloodPotion"}],"is_trial":false,"path_per_floor":["M","?","?","?","?","R","E","M","T","R","E","M","M","M","R","B",null,"M","$","M","M","?"],"character_chosen":"IRONCLAD","items_purchased":["Shockwave","Perfected Strike"],"campfire_rested":0,"item_purchase_floors":[19,19],"current_hp_per_floor":[74,68,68,73,73,73,73,73,73,73,54,60,54,58,58,16,59,45,45,40,34,0],"gold":142,"neow_bonus":"THREE_ENEMY_KILL","is_prod":false,"is_daily":false,"chose_seed":false,"campfire_upgraded":3,"win_rate":0,"timestamp":1560984814,"path_taken":["M","?","?","?","?","R","E","?","T","R","E","M","?","M","R","BOSS","M","$","M","M","?"],"build_version":"2019-01-23","purchased_purges":1,"victory":false,"max_hp_per_floor":[75,68,68,73,73,73,73,73,73,73,73,73,73,73,73,73,73,73,73,73,73,73],"card_choices":[{"not_picked":["Clash","Bloodletting"],"picked":"Perfected Strike","floor":1.0},{"not_picked":["Bloodletting","True Grit"],"picked":"Pommel Strike","floor":7.0},{"not_picked":["Armaments","Heavy Blade"],"picked":"Wild Strike","floor":8.0},{"not_picked":["Clash","Seeing Red"],"picked":"True Grit","floor":11.0},{"not_picked":["Body Slam","Infernal Blade"],"picked":"Fiend Fire","floor":12.0},{"not_picked":["Armaments","Twin Strike"],"picked":"Perfected Strike","floor":13.0},{"not_picked":["Warcry","Feel No Pain"],"picked":"Spot Weakness","floor":14.0},{"not_picked":["Bludgeon","Berserk"],"picked":"Exhume","floor":16.0},{"not_picked":["Body Slam","Havoc"],"picked":"Armaments","floor":18.0},{"not_picked":["Seeing Red","Wild Strike"],"picked":"Inflame","floor":20},{"not_picked":["Metallicize","Body Slam"],"picked":"Heavy Blade+1","floor":21}],"player_experience":1756222,"relics_obtained":[{"floor":7.0,"key":"Pen Nib"},{"floor":9.0,"key":"Peace Pipe"},{"floor":11.0,"key":"Bird Faced Urn"}],"event_choices":[{"damage_healed":0.0,"max_hp_gain":0.0,"max_hp_loss":7.0,"gold_gain":0.0,"event_name":"Golden Idol","player_choice":"Lose Max HP","floor":2.0,"gold_loss":0.0,"damage_taken":0.0,"relics_obtained":["Golden Idol"]},{"damage_healed":0.0,"max_hp_gain":0.0,"max_hp_loss":0.0,"gold_gain":0.0,"event_name":"Living Wall","player_choice":"Grow","floor":3.0,"gold_loss":0.0,"damage_taken":0.0,"cards_upgraded":["Bash"]},{"damage_healed":0.0,"max_hp_gain":5.0,"max_hp_loss":0.0,"gold_gain":0.0,"event_name":"Big Fish","player_choice":"Donut","floor":4.0,"gold_loss":0.0,"damage_taken":0.0},{"cards_removed":["Strike_R"],"damage_healed":0.0,"max_hp_gain":0.0,"max_hp_loss":0.0,"gold_gain":0.0,"event_name":"The Cleric","player_choice":"Card Removal","floor":5.0,"gold_loss":75.0,"damage_taken":0.0},{"damage_healed":0,"gold_gain":0,"player_choice":"Fought Bandits","damage_taken":0,"max_hp_gain":0,"max_hp_loss":0,"event_name":"Masked Bandits","floor":22,"gold_loss":0}],"is_beta":false,"boss_relics":[{"not_picked":["Lizard Tail","Tiny House"],"picked":"Runic Dome"}],"items_purged_floors":[19],"is_endless":false,"potions_floor_spawned":[8,13,14,21],"killed_by":"Masked Bandits","ascension_level":20}