{"path_per_floor":["M","?","M","M","$","R","E","R","T","E","R","M","E","?","R","B",null,"M","$","M","M","?","R","?","M","T","E","R","M","R","?","R","B",null,"M","M","M","?","M","R","E","R","T","?","?","E","M","$","R","B"],"character_chosen":"DEFECT","items_purchased":["Consume","Loop","Blood Vial","Mind Blast","Apotheosis","Oddly Smooth Stone"],"gold_per_floor":[115,115,129,142,28,28,60,60,60,95,95,109,140,140,140,242,242,259,12,26,43,43,43,43,61,61,87,87,97,97,97,97,196,196,211,222,241,290,305,305,340,340,340,340,340,368,381,23,23,23],"floor_reached":51,"campfire_rested":1,"playtime":1934,"item_purchase_floors":[5,5,19,19,48,48],"current_hp_per_floor":[61,61,61,55,55,55,47,47,47,44,44,24,18,75,75,75,75,65,65,62,64,64,64,64,60,60,28,28,30,30,30,52,33,65,69,75,65,71,75,75,29,29,29,63,63,52,75,75,75,42],"items_purged":[],"gold":23,"score":1366,"play_id":"c1222acc-577f-4eff-95a9-461ccacc23fc","local_time":"20180606153424","is_prod":false,"is_daily":false,"chose_seed":false,"is_ascension_mode":true,"campfire_upgraded":10,"win_rate":0,"timestamp":1528292064,"campfire_choices":[{"data":"Consume","floor":6,"key":"SMITH"},{"data":"White Noise","floor":8,"key":"SMITH"},{"data":"Buffer","floor":11,"key":"SMITH"},{"data":"Tempest","floor":15,"key":"SMITH"},{"data":"Mind Blast","floor":23,"key":"SMITH"},{"data":"Double Energy","floor":28,"key":"SMITH"},{"data":"Dualcast","floor":30,"key":"SMITH"},{"floor":32,"key":"REST"},{"data":"Echo Form","floor":40,"key":"SMITH"},{"data":"Amplify","floor":42,"key":"SMITH"},{"data":"Apotheosis","floor":49,"key":"SMITH"}],"path_taken":["M","?","M","?","$","R","E","R","T","E","R","M","E","?","R","BOSS","M","$","M","M","?","R","?","M","T","E","R","?","R","?","R","BOSS","M","M","?","?","?","R","E","R","T","?","?","E","M","$","R","BOSS"],"build_version":"2018-06-05","seed_source_timestamp":16280093139450,"purchased_purges":0,"victory":true,"master_deck":["Strike_B","Strike_B","Defend_B","Defend_B","Defend_B","Defend_B","Zap+1","Dualcast+1","Tempest+1","Steam","Consume+1","Loop","White Noise+1","Buffer+1","Leap","Steam Power","Electrodynamics","Recycle+1","Mind Blast+1","Double Energy+1","Tempest","Capacitor","Amplify+1","Thunder Strike","All For One","Echo Form+1","Self Repair","Ball Lightning+1","Beam Cell+1","Self Repair","Reinforced Body+1","Self Repair","Aggregate+1","Creative AI","Apotheosis+1"],"max_hp_per_floor":[75,75,75,75,75,75,75,75,75,75,75,75,75,75,75,75,75,75,75,75,75,75,75,75,75,75,75,75,75,75,75,75,75,75,75,75,75,75,75,75,75,75,75,75,75,75,75,75,75,75],"relics":["Cracked Core","Letter Opener","Vajra","Bottled Tornado","Bag of Preparation","Inserter","Blood Vial","Ginger","Bag of Marbles","Bird Faced Urn","Nuclear Battery","Sundial","Lantern","Bottled Lightning","Calipers","Bronze Scales","Oddly Smooth Stone"],"card_choices":[{"not_picked":["Leap","Auto Shields"],"picked":"Tempest","floor":1},{"not_picked":["Coolheaded","Rebound"],"picked":"Steam","floor":3},{"not_picked":["Heatsinks","Go for the Eyes"],"picked":"Ball Lightning","floor":4},{"not_picked":["Ball Lightning","Rebound"],"picked":"White Noise","floor":7},{"not_picked":["Turbo","Reprogram"],"picked":"Buffer","floor":10},{"not_picked":["Coolheaded","Darkness"],"picked":"Leap","floor":12},{"not_picked":["Hologram","Darkness"],"picked":"Steam Power","floor":13},{"not_picked":["Reboot","All For One"],"picked":"Electrodynamics","floor":16},{"not_picked":["Coolheaded+1","Compile Driver"],"picked":"Recycle+1","floor":18},{"not_picked":["Streamline","Go for the Eyes+1"],"picked":"Double Energy","floor":20},{"not_picked":["Coolheaded+1","Gash+1"],"picked":"Tempest","floor":21},{"not_picked":["Beam Cell","Leap"],"picked":"Thunder Strike","floor":25},{"not_picked":["Recycle+1","Redo"],"picked":"All For One","floor":27},{"not_picked":["Sweeping Beam","Cold Snap","Go for the Eyes"],"picked":"SKIP","floor":29},{"not_picked":["Hyperbeam","Meteor Strike"],"picked":"Echo Form","floor":33},{"not_picked":["Sweeping Beam+1","Auto Shields"],"picked":"Self Repair","floor":35},{"not_picked":["Chaos+1","Sweeping Beam"],"picked":"Ball Lightning+1","floor":36},{"not_picked":["Doom and Gloom+1","Hologram+1"],"picked":"Beam Cell+1","floor":37},{"not_picked":["Go for the Eyes","Beam Cell"],"picked":"Self Repair","floor":38},{"not_picked":["Barrage","Coolheaded+1","Blizzard+1"],"picked":"SKIP","floor":39},{"not_picked":["Streamline+1","Capacitor"],"picked":"Reinforced Body+1","floor":41},{"not_picked":["Cold Snap+1","Barrage+1"],"picked":"Self Repair","floor":44},{"not_picked":["Go for the Eyes","Conserve Battery+1"],"picked":"Aggregate+1","floor":46},{"not_picked":["Recycle+1","Cold Snap"],"picked":"Creative AI","floor":47}],"player_experience":285572,"potions_floor_usage":[12,18,27,27,33,33,33,33,41,44,44,50],"damage_taken":[{"damage":7,"enemies":"Jaw Worm","floor":1,"turns":3},{"damage":0,"enemies":"Cultist","floor":3,"turns":3},{"damage":6,"enemies":"2 Louse","floor":4,"turns":2},{"damage":8,"enemies":"Gremlin Nob","floor":7,"turns":3},{"damage":3,"enemies":"3 Sentries","floor":10,"turns":2},{"damage":20,"enemies":"Gremlin Gang","floor":12,"turns":3},{"damage":6,"enemies":"Lagavulin","floor":13,"turns":4},{"damage":0,"enemies":"Slime Boss","floor":16,"turns":7},{"damage":10,"enemies":"Shell Parasite","floor":18,"turns":3},{"damage":5,"enemies":"3 Byrds","floor":20,"turns":2},{"damage":0,"enemies":"3 Cultists","floor":21,"turns":3},{"damage":6,"enemies":"Sentry and Sphere","floor":25,"turns":3},{"damage":34,"enemies":"Book of Stabbing","floor":27,"turns":4},{"damage":0,"enemies":"Snake Plant","floor":29,"turns":3},{"damage":29,"enemies":"Automaton","floor":33,"turns":6},{"damage":0,"enemies":"Orb Walker","floor":35,"turns":1},{"damage":0,"enemies":"3 Darklings","floor":36,"turns":2},{"damage":12,"enemies":"Flame Bruiser 2 Orb","floor":37,"turns":3},{"damage":0,"floor":38,"turns":2},{"damage":0,"enemies":"Spire Growth","floor":39,"turns":3},{"damage":55,"enemies":"2 Orb Walkers","floor":41,"turns":5},{"damage":0,"floor":44,"turns":5},{"damage":52,"enemies":"Nemesis","floor":46,"turns":5},{"damage":0,"enemies":"4 Shapes","floor":47,"turns":5},{"damage":73,"enemies":"Donu and Deca","floor":50,"turns":6}],"relics_obtained":[{"floor":7,"key":"Letter Opener"},{"floor":9,"key":"Vajra"},{"floor":10,"key":"Bottled Tornado"},{"floor":13,"key":"Bag of Preparation"},{"floor":26,"key":"Ginger"},{"floor":27,"key":"Bag of Marbles"},{"floor":38,"key":"Sundial"},{"floor":41,"key":"Lantern"},{"floor":43,"key":"Bottled Lightning"},{"floor":44,"key":"Calipers"},{"floor":46,"key":"Bronze Scales"}],"event_choices":[{"event_name":"Purifier","player_choice":"One Purge","floor":2,"damage_taken":0},{"event_name":"Wheel of Change","player_choice":"Full Heal","floor":14,"damage_taken":0},{"event_name":"The Library","player_choice":"Read","floor":22,"damage_taken":0},{"event_name":"Transmorgrifier","player_choice":"Transform","floor":24,"damage_taken":0},{"event_name":"The Mausoleum","player_choice":"Yes","floor":31,"damage_taken":0},{"event_name":"Mysterious Sphere","player_choice":"Fight","floor":38,"damage_taken":0},{"event_name":"MindBloom","player_choice":"Fight","floor":44,"damage_taken":0}],"boss_relics":[{"not_picked":["Sozu","Black Star"],"picked":"Inserter"},{"not_picked":["Orrery","White Beast Statue"],"picked":"Nuclear Battery"}],"items_purged_floors":[],"potions_floor_spawned":[4,13,16,25,27,29,33,35,36,37,47],"seed_played":"8491878584460881802","ascension_level":6,"potions_obtained":[{"floor":4,"key":"Energy Potion"},{"floor":13,"key":"LiquidBronze"},{"floor":16,"key":"Weak Potion"},{"floor":25,"key":"Fire Potion"},{"floor":27,"key":"Poison Potion"},{"floor":29,"key":"EntropicBrew"},{"floor":33,"key":"Swift Potion"},{"floor":35,"key":"Weak Potion"},{"floor":47,"key":"Strength Potion"}],"is_trial":false}