{"gold_per_floor":[214,66,66,85,99,99,128,139,139,64,395,407,407,427,427,427],"floor_reached":16,"playtime":493,"items_purged":[],"score":224,"play_id":"4b99deee-658f-43e3-b889-8a6f97ac6292","local_time":"20190328094637","is_ascension_mode":true,"campfire_choices":[{"data":"Shockwave","floor":6,"key":"SMITH"},{"data":"Infernal Blade","floor":13,"key":"SMITH"},{"floor":15,"key":"DIG"}],"neow_cost":"NONE","seed_source_timestamp":1665529714684,"circlet_count":0,"master_deck":["AscendersBane","Strike_R","Strike_R","Strike_R","Strike_R","Defend_R","Defend_R","Defend_R","Defend_R","Bash+1","Iron Wave","Twin Strike","Shockwave+1","Feel No Pain","Shrug It Off","Infernal Blade+1","Impervious","Cleave","Battle Trance"],"relics":["Burning Blood","Unceasing Top","Shovel","Old Coin","Orichalcum"],"potions_floor_usage":[12,16],"damage_taken":[{"damage":12,"enemies":"Small Slimes","floor":1,"turns":4},{"damage":1,"enemies":"Cultist","floor":4,"turns":3},{"damage":9,"enemies":"Jaw Worm","floor":5,"turns":4},{"damage":34,"enemies":"Gremlin Nob","floor":7,"turns":5},{"damage":4,"enemies":"2 Fungi Beasts","floor":8,"turns":4},{"damage":19,"enemies":"3 Sentries","floor":11,"turns":9},{"damage":0,"enemies":"Lots of Slimes","floor":12,"turns":1},{"damage":6,"enemies":"3 Louse","floor":14,"turns":4},{"damage":46,"enemies":"Slime Boss","floor":16,"turns":7}],"seed_played":"-1180795397885145920","potions_obtained":[{"floor":7,"key":"Block Potion"},{"floor":8,"key":"AttackPotion"},{"floor":11,"key":"PowerPotion"},{"floor":12,"key":"LiquidBronze"}],"is_trial":false,"path_per_floor":["M","$","?","M","M","R","E","M","T","?","E","M","R","M","R","B"],"character_chosen":"IRONCLAD","items_purchased":["Twin Strike","Shockwave"],"campfire_rested":0,"item_purchase_floors":[2,2],"current_hp_per_floor":[62,62,62,67,64,64,36,38,38,38,25,31,31,31,31,0],"gold":427,"neow_bonus":"HUNDRED_GOLD","is_prod":false,"is_daily":false,"chose_seed":false,"campfire_upgraded":2,"win_rate":0,"timestamp":1553762797,"path_taken":["M","$","?","M","M","R","E","?","T","?","E","M","R","M","R","BOSS"],"build_version":"2019-01-23","purchased_purges":0,"victory":false,"max_hp_per_floor":[75,75,75,75,75,75,75,75,75,75,75,75,75,75,75,75],"card_choices":[{"not_picked":["Burning Pact","Intimidate"],"picked":"Iron Wave","floor":1},{"not_picked":["True Grit","Twin Strike"],"picked":"Feel No Pain","floor":4},{"not_picked":["Entrench","Seeing Red"],"picked":"Shrug It Off","floor":5},{"not_picked":["Heavy Blade","Clothesline","Dual Wield"],"picked":"SKIP","floor":7},{"not_picked":["Perfected Strike","Combust"],"picked":"Infernal Blade","floor":8},{"not_picked":["Entrench","Flex"],"picked":"Impervious","floor":11},{"not_picked":["Heavy Blade","Clothesline","Cleave"],"picked":"SKIP","floor":12},{"not_picked":["Heavy Blade","Clothesline"],"picked":"Cleave","floor":12},{"not_picked":["Fire Breathing","Disarm"],"picked":"Battle Trance","floor":14}],"player_experience":1490954,"relics_obtained":[{"floor":7,"key":"Unceasing Top"},{"floor":9,"key":"Shovel"},{"floor":11,"key":"Old Coin"},{"floor":15,"key":"Orichalcum"}],"event_choices":[{"damage_healed":0,"gold_gain":0,"player_choice":"Forge","damage_taken":0,"max_hp_gain":0,"max_hp_loss":0,"event_name":"Accursed Blacksmith","floor":3,"gold_loss":0,"cards_upgraded":["Bash"]},{"cards_removed":["Strike_R"],"damage_healed":0,"gold_gain":0,"player_choice":"Card Removal","damage_taken":0,"max_hp_gain":0,"max_hp_loss":0,"event_name":"The Cleric","floor":10,"gold_loss":75}],"is_beta":false,"boss_relics":[],"items_purged_floors":[],"is_endless":false,"potions_floor_spawned":[7,8,11,12],"killed_by":"Slime Boss","ascension_level":20}