{"gold_per_floor":[112,77,131,146,162,188,188,223,248,258,271,271,600,625,625,701,701,712,712,712,627,644,644,672,296,346,346,366,366,381,280,280,280],"floor_reached":33,"playtime":2600,"items_purged":[],"score":566,"play_id":"21111ea4-ef7e-4e82-9f15-879a556fa02f","local_time":"20190112102852","is_ascension_mode":true,"campfire_choices":[{"floor":12,"key":"REST"},{"data":"Coolheaded","floor":15,"key":"SMITH"},{"data":"Electrodynamics","floor":23,"key":"SMITH"},{"data":"Forethought","floor":27,"key":"SMITH"},{"data":"Coolheaded","floor":29,"key":"SMITH"},{"floor":32,"key":"REST"}],"neow_cost":"PERCENT_DAMAGE","seed_source_timestamp":2983195140961,"circlet_count":0,"master_deck":["AscendersBane","Strike_B+1","Strike_B+1","Strike_B+1","Strike_B+1","Defend_B+1","Defend_B+1","Defend_B+1","Defend_B+1","Zap","Dualcast","Core Surge","Doom and Gloom","Coolheaded+1","Gash","Compile Driver","Leap","Glacier","Cold Snap+1","Electrodynamics+1","Sweeping Beam","Ball Lightning","Turbo","Forethought+1","Coolheaded+1","Gash","Glacier","Discovery"],"relics":["Cracked Core","Potion Belt","Lantern","Bag of Marbles","Old Coin","Whetstone","Runic Pyramid","WingedGreaves","Strawberry","Vajra","Omamori"],"potions_floor_usage":[13,16,16,16,33],"damage_taken":[{"damage":2,"enemies":"Jaw Worm","floor":1,"turns":3},{"damage":0,"enemies":"2 Louse","floor":4,"turns":2},{"damage":5,"enemies":"Small Slimes","floor":5,"turns":4},{"damage":35,"enemies":"3 Sentries","floor":6,"turns":9},{"damage":21,"enemies":"Lagavulin","floor":8,"turns":6},{"damage":7,"enemies":"Looter","floor":10,"turns":4},{"damage":1,"enemies":"2 Fungi Beasts","floor":11,"turns":3},{"damage":11,"enemies":"Gremlin Nob","floor":13,"turns":4},{"damage":24,"enemies":"Slime Boss","floor":16,"turns":12},{"damage":19,"enemies":"Spheric Guardian","floor":18,"turns":8},{"damage":5,"enemies":"3 Byrds","floor":22,"turns":4},{"damage":13,"enemies":"Gremlin Leader","floor":24,"turns":5},{"damage":0,"enemies":"Cultist and Chosen","floor":28,"turns":3},{"damage":21,"enemies":"Snecko","floor":30,"turns":5},{"damage":31,"enemies":"Champ","floor":33,"turns":13}],"seed_played":"9171768836687170959","potions_obtained":[{"floor":1,"key":"SteroidPotion"},{"floor":6,"key":"SteroidPotion"},{"floor":8,"key":"Fire Potion"},{"floor":11,"key":"FearPotion"},{"floor":28,"key":"Poison Potion"}],"is_trial":false,"path_per_floor":["M","?","?","M","M","E","?","E","T","M","M","R","E","T","R","B",null,"M","?","?","?","M","R","E","$","T","R","M","R","M","$","R","B"],"character_chosen":"DEFECT","items_purchased":["Forethought","Coolheaded","Vajra","Dexterity Potion","Discovery"],"campfire_rested":2,"item_purchase_floors":[25,25,25,25,31],"current_hp_per_floor":[44,61,61,61,56,21,44,23,23,16,15,36,25,25,25,1,54,35,35,35,35,30,30,24,24,24,24,24,24,3,3,26,0],"gold":280,"neow_bonus":"THREE_RARE_CARDS","is_prod":false,"is_daily":false,"chose_seed":false,"campfire_upgraded":4,"win_rate":0,"timestamp":1547285332,"path_taken":["M","?","?","M","M","E","?","E","T","M","M","R","E","?","R","BOSS","M","?","?","?","M","R","E","$","T","R","M","R","M","$","R","BOSS"],"build_version":"2019-01-10","purchased_purges":0,"victory":false,"max_hp_per_floor":[71,71,71,71,71,71,71,71,71,71,71,71,71,71,71,71,71,71,71,71,71,71,71,78,78,78,78,78,78,78,78,78,78],"card_choices":[{"not_picked":["Thunder Strike","Hyperbeam"],"picked":"Core Surge","floor":0},{"not_picked":["Blizzard","Chill"],"picked":"Doom and Gloom","floor":1},{"not_picked":["Capacitor","Hologram"],"picked":"Coolheaded","floor":4},{"not_picked":["Steam","Go for the Eyes"],"picked":"Gash","floor":5},{"not_picked":["Recycle","Scrape"],"picked":"Compile Driver","floor":6},{"not_picked":["Thunder Strike","Streamline"],"picked":"Leap","floor":10},{"not_picked":["Streamline","Hologram"],"picked":"Glacier","floor":11},{"not_picked":["Steam","Leap"],"picked":"Cold Snap","floor":13},{"not_picked":["Machine Learning","Reboot"],"picked":"Electrodynamics","floor":16},{"not_picked":["Cold Snap","Redo"],"picked":"Sweeping Beam","floor":18},{"not_picked":["Force Field","Redo"],"picked":"Ball Lightning","floor":22},{"not_picked":["Steam","Go for the Eyes"],"picked":"Turbo","floor":24},{"not_picked":["Turbo","Heatsinks"],"picked":"Gash","floor":28},{"not_picked":["Reprogram","Leap"],"picked":"Glacier","floor":30}],"player_experience":1087165,"relics_obtained":[{"floor":6,"key":"Potion Belt"},{"floor":8,"key":"Lantern"},{"floor":9,"key":"Bag of Marbles"},{"floor":13,"key":"Old Coin"},{"floor":14,"key":"Whetstone"},{"floor":24,"key":"Strawberry"},{"floor":26,"key":"Omamori"}],"event_choices":[{"damage_healed":17,"gold_gain":0,"player_choice":"Healed","damage_taken":0,"max_hp_gain":0,"max_hp_loss":0,"event_name":"The Cleric","floor":2,"gold_loss":35},{"damage_healed":0,"gold_gain":54,"player_choice":"Gained Gold","damage_taken":0,"max_hp_gain":0,"max_hp_loss":0,"event_name":"Golden Wing","floor":3,"gold_loss":0},{"damage_healed":23,"gold_gain":0,"player_choice":"Banana","damage_taken":0,"max_hp_gain":0,"max_hp_loss":0,"event_name":"Big Fish","floor":7,"gold_loss":0},{"damage_healed":0,"gold_gain":0,"player_choice":"Simplicity","damage_taken":0,"max_hp_gain":0,"max_hp_loss":0,"event_name":"Back to Basics","floor":19,"gold_loss":0,"cards_upgraded":["Strike_B","Strike_B","Strike_B","Defend_B","Defend_B","Defend_B","Defend_B"]},{"damage_healed":0,"gold_gain":0,"player_choice":"Ignored","damage_taken":0,"max_hp_gain":0,"max_hp_loss":0,"event_name":"Vampires","floor":20,"gold_loss":0},{"damage_healed":0,"gold_gain":0,"player_choice":"Obtained Relic","damage_taken":0,"relics_obtained":["WingedGreaves"],"max_hp_gain":0,"max_hp_loss":0,"event_name":"Addict","floor":21,"gold_loss":85}],"is_beta":false,"boss_relics":[{"not_picked":["Empty Cage","White Beast Statue"],"picked":"Runic Pyramid"}],"items_purged_floors":[],"is_endless":false,"potions_floor_spawned":[1,6,8,11,28],"killed_by":"Champ","ascension_level":20}