{"gold_per_floor":[10,10,10,27,43,43,43,43,43,74,74,109,129,54,54,131,131,151,151,176,126,144,178,178,211,237,266,266,283,298,56,56,56],"floor_reached":33,"playtime":1237,"items_purged":[],"score":560,"play_id":"d00d4d9e-eccb-41cd-9a74-9c1a3333507c","local_time":"20181114125206","is_ascension_mode":true,"campfire_choices":[{"data":"Whirlwind","floor":6,"key":"SMITH"},{"data":"Inflame","floor":11,"key":"SMITH"},{"data":"Limit Break","floor":15,"key":"SMITH"},{"floor":24,"key":"REST"},{"floor":28,"key":"REST"},{"floor":32,"key":"REST"}],"neow_cost":"NO_GOLD","seed_source_timestamp":10569562604091,"circlet_count":0,"master_deck":["AscendersBane","Strike_R+1","Strike_R+1","Strike_R+1","Strike_R+1","Defend_R+1","Defend_R+1","Defend_R+1","Defend_R+1","Bash+1","Whirlwind+1","Flex","Anger","Inflame+1","Metallicize","Rampage","Limit Break+1","Double Tap","Thunderclap","Headbutt","Rage+1","Offering","Anger","Warcry","Corruption+1","Dual Wield","Pummel","Spot Weakness"],"relics":["Burning Blood","Thread and Needle","War Paint","Unceasing Top","Juzu Bracelet","Anchor","Orrery","Red Mask","Frozen Egg 2","Bronze Scales","Art of War","Bag of Marbles","Strawberry"],"potions_floor_usage":[10,12,23,25,27,33],"damage_taken":[{"damage":0,"enemies":"2 Louse","floor":1,"turns":3},{"damage":2,"enemies":"Cultist","floor":4,"turns":3},{"damage":0,"enemies":"Jaw Worm","floor":5,"turns":4},{"damage":15,"enemies":"Lagavulin","floor":10,"turns":5},{"damage":4,"enemies":"Gremlin Nob","floor":12,"turns":3},{"damage":2,"enemies":"Exordium Thugs","floor":13,"turns":4},{"damage":31,"enemies":"Slime Boss","floor":16,"turns":7},{"damage":11,"enemies":"Spheric Guardian","floor":18,"turns":5},{"damage":24,"enemies":"Masked Bandits","floor":20,"turns":5},{"damage":0,"enemies":"3 Byrds","floor":22,"turns":4},{"damage":37,"enemies":"Book of Stabbing","floor":23,"turns":5},{"damage":20,"enemies":"Slavers","floor":25,"turns":6},{"damage":26,"enemies":"Book of Stabbing","floor":27,"turns":4},{"damage":14,"enemies":"Snake Plant","floor":29,"turns":4},{"damage":18,"enemies":"Sentry and Sphere","floor":30,"turns":3},{"damage":77,"enemies":"Champ","floor":33,"turns":7}],"seed_played":"-2127874429577906154","potions_obtained":[{"floor":4,"key":"Poison Potion"},{"floor":10,"key":"Strength Potion"},{"floor":12,"key":"Swift Potion"},{"floor":16,"key":"Ancient Potion"},{"floor":22,"key":"Explosive Potion"},{"floor":23,"key":"Weak Potion"},{"floor":29,"key":"Ancient Potion"}],"is_trial":false,"path_per_floor":["M","?","?","M","M","R","$","?","T","E","R","E","M","$","R","B",null,"M","?","?","?","M","E","R","E","T","E","R","M","M","$","R","B"],"character_chosen":"IRONCLAD","items_purchased":["Limit Break","Strawberry","Spot Weakness"],"campfire_rested":3,"item_purchase_floors":[14,31,31],"current_hp_per_floor":[74,74,74,75,75,75,75,75,75,66,66,68,72,72,72,47,68,63,63,45,45,51,20,42,28,28,8,30,22,10,17,41,0],"gold":56,"neow_bonus":"ONE_RARE_RELIC","is_prod":false,"is_daily":false,"chose_seed":false,"campfire_upgraded":3,"win_rate":0,"timestamp":1542196326,"path_taken":["M","?","?","?","M","R","?","?","T","E","R","E","M","$","R","BOSS","M","?","?","?","M","E","R","E","T","E","R","M","M","$","R","BOSS"],"build_version":"2018-11-13","purchased_purges":0,"victory":false,"max_hp_per_floor":[75,75,75,75,75,75,75,75,75,75,75,75,75,75,75,75,75,75,75,75,75,75,75,75,75,75,75,75,75,75,82,82,82],"card_choices":[{"not_picked":["Flex","True Grit"],"picked":"Anger","floor":1},{"not_picked":["Iron Wave","Clothesline"],"picked":"Whirlwind","floor":4},{"not_picked":["Intimidate","Body Slam"],"picked":"Flex","floor":5},{"not_picked":["Warcry","Infernal Blade"],"picked":"Inflame","floor":10},{"not_picked":["Armaments","Perfected Strike"],"picked":"Metallicize","floor":12},{"not_picked":["Entrench","Perfected Strike"],"picked":"Rampage","floor":13},{"not_picked":["Barricade","Fiend Fire"],"picked":"Double Tap","floor":16},{"not_picked":["Anger","Uppercut"],"picked":"Thunderclap","floor":17},{"not_picked":["Wild Strike","Clothesline"],"picked":"Headbutt","floor":17},{"not_picked":["Anger+1","Cleave"],"picked":"Rage+1","floor":18},{"not_picked":["Anger","Havoc"],"picked":"Offering","floor":20},{"not_picked":["Burning Pact","Havoc"],"picked":"Anger","floor":22},{"not_picked":["Infernal Blade","Perfected Strike+1"],"picked":"Warcry","floor":23},{"not_picked":["Clothesline","Clash"],"picked":"Corruption+1","floor":25},{"not_picked":["True Grit","Clothesline"],"picked":"Dual Wield","floor":27},{"not_picked":["Cleave","Rage","Sentinel"],"picked":"SKIP","floor":29},{"not_picked":["Feed","Heavy Blade"],"picked":"Pummel","floor":30}],"player_experience":802407,"relics_obtained":[{"floor":9,"key":"Unceasing Top"},{"floor":10,"key":"Juzu Bracelet"},{"floor":12,"key":"Anchor"},{"floor":20,"key":"Red Mask"},{"floor":23,"key":"Frozen Egg 2"},{"floor":25,"key":"Bronze Scales"},{"floor":26,"key":"Art of War"},{"floor":27,"key":"Bag of Marbles"}],"event_choices":[{"damage_healed":0,"gold_gain":0,"player_choice":"Grow","damage_taken":0,"max_hp_gain":0,"max_hp_loss":0,"event_name":"Living Wall","floor":2,"gold_loss":0,"cards_upgraded":["Bash"]},{"cards_removed":["Anger"],"damage_healed":0,"gold_gain":0,"player_choice":"Gave Card","damage_taken":0,"relics_obtained":["War Paint"],"max_hp_gain":0,"max_hp_loss":0,"event_name":"WeMeetAgain","floor":3,"gold_loss":0},{"damage_healed":0,"gold_gain":0,"cards_transformed":["Strike_R"],"player_choice":"Transformed","damage_taken":0,"max_hp_gain":0,"max_hp_loss":0,"event_name":"Transmorgrifier","floor":8,"gold_loss":0,"cards_obtained":["Anger"]},{"damage_healed":0,"gold_gain":0,"player_choice":"Simplicity","damage_taken":0,"max_hp_gain":0,"max_hp_loss":0,"event_name":"Back to Basics","floor":19,"gold_loss":0,"cards_upgraded":["Strike_R","Strike_R","Strike_R","Strike_R","Defend_R","Defend_R"]},{"damage_healed":0,"gold_gain":0,"player_choice":"Fought Bandits","damage_taken":0,"max_hp_gain":0,"max_hp_loss":0,"event_name":"Masked Bandits","floor":20,"gold_loss":0},{"damage_healed":0,"gold_gain":0,"player_choice":"Bet on Murderer","damage_taken":0,"max_hp_gain":0,"max_hp_loss":0,"event_name":"The Joust","floor":21,"gold_loss":50}],"is_beta":true,"boss_relics":[{"not_picked":["White Beast Statue","Tiny House"],"picked":"Orrery"}],"items_purged_floors":[],"is_endless":false,"potions_floor_spawned":[4,10,12,16,20,22,23,29],"killed_by":"Champ","ascension_level":16}