{"gold_per_floor":[114,114,129,144,159,159,174,204,279,309,324,324,324,52,52,152,152,167,182,182,197,199,229,229,229,254,254,284,284,284,60,60,160,160,175,190,412,412,6,6,21,21,46,76,76,40,55,85,85,85],"floor_reached":51,"playtime":6095,"items_purged":["Defend_G","Defend_G","Strike_G"],"score":851,"play_id":"165971e7-29f8-43b4-b9e2-9ebe86e4d397","local_time":"20190325124859","daily_mods":["Specialized","Red Cards","Binary"],"is_ascension_mode":false,"campfire_choices":[{"data":"Neutralize","floor":6,"key":"SMITH"},{"data":"Armaments","floor":12,"key":"SMITH"},{"data":"Tools of the Trade","floor":15,"key":"SMITH"},{"data":"Pommel Strike","floor":24,"key":"SMITH"},{"data":"Immolate","floor":27,"key":"SMITH"},{"data":"Sucker Punch","floor":29,"key":"SMITH"},{"data":"A Thousand Cuts","floor":32,"key":"SMITH"},{"data":"Inflame","floor":40,"key":"SMITH"},{"data":"Flex","floor":42,"key":"SMITH"},{"data":"Searing Blow+1","floor":49,"key":"SMITH"}],"neow_cost":"","seed_source_timestamp":0,"circlet_count":0,"master_deck":["Defend_G","Defend_G","Defend_G","Strike_G","Strike_G","Strike_G","Strike_G","Survivor","Neutralize+1","After Image","After Image","After Image","After Image","Sucker Punch+1","Pommel Strike+1","Armaments+1","Immolate+1","Tools of the Trade+1","Backflip","Battle Trance","A Thousand Cuts+1","PiercingWail","Necronomicurse","Flex+1","Exhume","Inflame+1","Acrobatics","Feed","Shrug It Off+1","Heavy Blade","Corruption+1","Evolve+1","Sadistic Nature+1","Impatience","Apotheosis","Noxious Fumes+1","Searing Blow+2","Burning Pact+1"],"special_seed":17980,"relics":["Ring of the Snake","Strawberry","Pear","The Specimen","Membership Card","Sozu","Necronomicon","Red Mask","Bottled Flame","Lantern","Anchor","Gremlin Horn","Philosopher\u0027s Stone","Oddly Smooth Stone","HandDrill","Frozen Egg 2","Smiling Mask","Blue Candle","Ancient Tea Set"],"potions_floor_usage":[10,44],"damage_taken":[{"damage":2,"enemies":"Jaw Worm","floor":1,"turns":7},{"damage":0,"enemies":"Cultist","floor":3,"turns":5},{"damage":0,"enemies":"Small Slimes","floor":4,"turns":5},{"damage":2,"enemies":"2 Fungi Beasts","floor":5,"turns":6},{"damage":1,"enemies":"Large Slime","floor":7,"turns":9},{"damage":0,"enemies":"Lagavulin","floor":8,"turns":12},{"damage":3,"enemies":"3 Sentries","floor":10,"turns":9},{"damage":3,"enemies":"Exordium Wildlife","floor":11,"turns":4},{"damage":14,"enemies":"Slime Boss","floor":16,"turns":12},{"damage":0,"enemies":"Spheric Guardian","floor":18,"turns":4},{"damage":1,"enemies":"3 Byrds","floor":19,"turns":5},{"damage":0,"enemies":"3 Cultists","floor":21,"turns":4},{"damage":0,"enemies":"Masked Bandits","floor":22,"turns":1},{"damage":5,"enemies":"Gremlin Leader","floor":23,"turns":9},{"damage":0,"enemies":"Slavers","floor":28,"turns":1},{"damage":14,"enemies":"Automaton","floor":33,"turns":11},{"damage":0,"enemies":"Orb Walker","floor":35,"turns":2},{"damage":0,"enemies":"3 Darklings","floor":36,"turns":1},{"damage":10,"enemies":"Writhing Mass","floor":41,"turns":5},{"damage":2,"enemies":"Nemesis","floor":44,"turns":7},{"damage":0,"enemies":"Jaw Worm Horde","floor":47,"turns":1},{"damage":4,"enemies":"Giant Head","floor":48,"turns":8},{"damage":23,"enemies":"Donu and Deca","floor":50,"turns":7}],"seed_played":"7193510018301327522","potions_obtained":[{"floor":3,"key":"SkillPotion"},{"floor":4,"key":"Weak Potion"},{"floor":10,"key":"Swift Potion"}],"is_trial":false,"path_per_floor":["M","?","M","M","M","R","M","E","T","E","M","R","?","$","R","B",null,"M","M","?","M","?","E","R","?","T","R","E","R","?","$","R","B",null,"M","M","?","?","$","R","M","R","T","E","?","$","M","E","R","B",null],"character_chosen":"THE_SILENT","items_purchased":["Membership Card","Battle Trance","Inflame","Acrobatics","Gremlin Horn","Oddly Smooth Stone","Heavy Blade","HandDrill","Frozen Egg 2","Corruption+1","Noxious Fumes+1"],"campfire_rested":0,"item_purchase_floors":[14,14,31,31,31,39,39,39,39,39,46],"current_hp_per_floor":[68,73,73,73,71,71,70,77,87,84,81,81,102,102,102,88,102,102,101,85,85,85,80,80,80,80,80,80,80,59,59,59,45,107,110,110,110,104,104,104,94,94,94,92,82,82,82,78,78,55],"gold":85,"neow_bonus":"","is_prod":false,"is_daily":true,"chose_seed":false,"campfire_upgraded":10,"win_rate":0,"timestamp":1553543339,"path_taken":["M","?","M","M","M","R","M","E","T","E","M","R","?","$","R","BOSS","M","?","?","M","?","E","R","?","T","R","E","R","?","$","R","BOSS","M","M","?","?","$","R","M","R","T","E","?","$","M","E","R","BOSS"],"build_version":"2019-01-23","purchased_purges":3,"victory":true,"max_hp_per_floor":[70,75,75,75,75,75,75,82,92,92,92,92,102,102,102,102,102,102,102,102,102,102,102,102,102,102,102,102,102,107,107,107,107,107,110,110,110,104,104,104,104,104,104,104,104,104,104,104,104,104],"card_choices":[{"not_picked":["Havoc","Perfected Strike"],"picked":"SKIP","floor":1},{"not_picked":["Clothesline","Outmaneuver"],"picked":"SKIP","floor":3},{"not_picked":["Havoc"],"picked":"Sucker Punch","floor":4},{"not_picked":["Sever Soul"],"picked":"Pommel Strike","floor":5},{"not_picked":["Wild Strike"],"picked":"Armaments","floor":7},{"not_picked":["Underhanded Strike"],"picked":"Immolate","floor":8},{"not_picked":["Dodge and Roll"],"picked":"Tools of the Trade","floor":10},{"not_picked":["Cleave"],"picked":"Backflip","floor":11},{"not_picked":["Immolate"],"picked":"A Thousand Cuts","floor":16},{"not_picked":["Sucker Punch","Choke"],"picked":"SKIP","floor":18},{"not_picked":["Deadly Poison"],"picked":"PiercingWail","floor":19},{"not_picked":["Sword Boomerang+1","Armaments"],"picked":"SKIP","floor":21},{"not_picked":["Flying Knee+1"],"picked":"Flex","floor":22},{"not_picked":["Deadly Poison"],"picked":"Exhume","floor":23},{"not_picked":["All Out Attack","Leg Sweep+1"],"picked":"SKIP","floor":28},{"not_picked":["Phantasmal Killer"],"picked":"Feed","floor":33},{"not_picked":["True Grit","Blade Dance+1"],"picked":"SKIP","floor":35},{"not_picked":["Quick Slash+1"],"picked":"Shrug It Off+1","floor":36},{"not_picked":["Quick Slash+1"],"picked":"Evolve+1","floor":41},{"not_picked":["Evolve+1","Flex"],"picked":"SKIP","floor":44},{"not_picked":["Madness"],"picked":"Sadistic Nature+1","floor":45},{"not_picked":["Chrysalis"],"picked":"Impatience","floor":45},{"not_picked":["Jack Of All Trades"],"picked":"Apotheosis","floor":45},{"not_picked":["Body Slam"],"picked":"Searing Blow+1","floor":47},{"not_picked":["Sword Boomerang+1"],"picked":"Burning Pact+1","floor":48}],"player_experience":415519,"relics_obtained":[{"floor":8,"key":"Strawberry"},{"floor":9,"key":"Pear"},{"floor":10,"key":"The Specimen"},{"floor":20,"key":"Necronomicon"},{"floor":22,"key":"Red Mask"},{"floor":23,"key":"Bottled Flame"},{"floor":26,"key":"Lantern"},{"floor":28,"key":"Anchor"},{"floor":43,"key":"Smiling Mask"},{"floor":44,"key":"Blue Candle"},{"floor":48,"key":"Ancient Tea Set"}],"event_choices":[{"damage_healed":0,"gold_gain":0,"player_choice":"Donut","damage_taken":0,"max_hp_gain":5,"max_hp_loss":0,"event_name":"Big Fish","floor":2,"gold_loss":0},{"cards_removed":["After Image"],"damage_healed":11,"gold_gain":0,"player_choice":"Offered Rare","damage_taken":0,"max_hp_gain":10,"max_hp_loss":0,"event_name":"Bonfire Elementals","floor":13,"gold_loss":0},{"damage_healed":0,"gold_gain":0,"player_choice":"Obtained Book","damage_taken":16,"max_hp_gain":0,"max_hp_loss":0,"event_name":"Cursed Tome","floor":20,"gold_loss":0},{"damage_healed":0,"gold_gain":0,"player_choice":"Fought Bandits","damage_taken":0,"max_hp_gain":0,"max_hp_loss":0,"event_name":"Masked Bandits","floor":22,"gold_loss":0},{"damage_healed":0,"gold_gain":0,"player_choice":"Ignored","damage_taken":0,"max_hp_gain":0,"max_hp_loss":0,"event_name":"Ghosts","floor":25,"gold_loss":0},{"damage_healed":0,"gold_gain":0,"player_choice":"Shed Blood","damage_taken":26,"max_hp_gain":5,"max_hp_loss":0,"event_name":"Forgotten Altar","floor":30,"gold_loss":0},{"damage_healed":0,"gold_gain":222,"player_choice":"Wore Mask","damage_taken":0,"max_hp_gain":0,"max_hp_loss":0,"event_name":"Tomb of Lord Red Mask","floor":37,"gold_loss":0},{"damage_healed":0,"gold_gain":0,"player_choice":"Max HP","damage_taken":0,"max_hp_gain":0,"max_hp_loss":6,"event_name":"Winding Halls","floor":38,"gold_loss":0},{"damage_healed":0,"gold_gain":0,"player_choice":"Memory 3","damage_taken":10,"max_hp_gain":0,"max_hp_loss":0,"event_name":"SensoryStone","floor":45,"gold_loss":0}],"is_beta":false,"boss_relics":[{"not_picked":["Tiny House","Runic Dome"],"picked":"Sozu"},{"not_picked":["Lizard Tail","Pandora\u0027s Box"],"picked":"Philosopher\u0027s Stone"}],"items_purged_floors":[14,31,39],"is_endless":false,"potions_floor_spawned":[3,4,10,21,22,33,41,47,48],"ascension_level":0}