{"gold_per_floor":[110,110,53,53,71,71,104,114,114,140,140,157,157,182,182,253,253,271,282,52,72,72,107,107,122,149,160,187,127,161,178,178,252,252,268,26,75,92,110,143,143,10,10,20,55,55,55,75,75,75,75,75,75,3,3],"floor_reached":55,"playtime":3451,"items_purged":["Strike_R"],"score":1985,"play_id":"4b8cfa76-dc72-4b92-96b3-de132b6b61da","local_time":"20190313191055","is_ascension_mode":true,"campfire_choices":[{"data":"Armaments","floor":6,"key":"SMITH"},{"floor":13,"key":"REST"},{"data":"Bash","floor":15,"key":"SMITH"},{"data":"Disarm","floor":24,"key":"SMITH"},{"data":"Anger","floor":32,"key":"SMITH"},{"floor":41,"key":"RECALL"}],"neow_cost":"PERCENT_DAMAGE","seed_source_timestamp":31659021391764,"circlet_count":0,"master_deck":["AscendersBane","Strike_R","Strike_R","Strike_R","Defend_R","Defend_R","Defend_R","Defend_R","Bash+1","Anger+1","Armaments+1","Pummel","Shrug It Off","Immolate+1","Disarm+1","Feed","Flex+1","Anger+1","Flame Barrier+1","True Grit+1","Shrug It Off+1","Spot Weakness+1","Seeing Red+1","Reaper","Burning Pact+1","Feel No Pain","Sword Boomerang+1","Spot Weakness+1","Metallicize","Inflame","Seeing Red+1","Battle Trance+1","Decay","Havoc+1","Demon Form","Warcry+1","Shrug It Off+1"],"relics":["Burning Blood","Calipers","The Courier","Pantograph","Pocketwatch","Sundial","Coffee Dripper","Toxic Egg 2","Gremlin Horn","Vajra","Dodecahedron","Dead Branch","Fusion Hammer","Membership Card","Bronze Scales","Strawberry","Happy Flower","Unceasing Top"],"potions_floor_usage":[10,10,14,16,28,30,51],"damage_taken":[{"damage":4,"enemies":"Jaw Worm","floor":1,"turns":5},{"damage":13,"enemies":"Small Slimes","floor":5,"turns":4},{"damage":41,"enemies":"Lagavulin","floor":7,"turns":8},{"damage":9,"enemies":"2 Louse","floor":8,"turns":2},{"damage":19,"enemies":"3 Sentries","floor":10,"turns":8},{"damage":0,"enemies":"Red Slaver","floor":12,"turns":3},{"damage":8,"enemies":"Gremlin Nob","floor":14,"turns":3},{"damage":3,"enemies":"Slime Boss","floor":16,"turns":7},{"damage":13,"enemies":"Shell Parasite","floor":18,"turns":6},{"damage":10,"enemies":"2 Thieves","floor":19,"turns":3},{"damage":7,"enemies":"3 Cultists","floor":21,"turns":3},{"damage":25,"enemies":"Gremlin Leader","floor":23,"turns":5},{"damage":34,"enemies":"Chosen and Byrds","floor":25,"turns":6},{"damage":6,"enemies":"Snake Plant","floor":27,"turns":5},{"damage":11,"enemies":"Book of Stabbing","floor":28,"turns":4},{"damage":11,"enemies":"Gremlin Leader","floor":30,"turns":7},{"damage":0,"enemies":"Cultist and Chosen","floor":31,"turns":4},{"damage":51,"enemies":"Champ","floor":33,"turns":22},{"damage":9,"enemies":"Orb Walker","floor":35,"turns":3},{"damage":16,"enemies":"3 Shapes","floor":38,"turns":9},{"damage":0,"enemies":"Jaw Worm Horde","floor":39,"turns":4},{"damage":4,"enemies":"Reptomancer","floor":40,"turns":4},{"damage":34,"enemies":"Writhing Mass","floor":44,"turns":6},{"damage":49,"enemies":"Giant Head","floor":45,"turns":7},{"damage":10,"enemies":"Sphere and 2 Shapes","floor":48,"turns":3},{"damage":48,"enemies":"Donu and Deca","floor":50,"turns":8},{"damage":98,"enemies":"Time Eater","floor":51,"turns":14},{"damage":103,"enemies":"Shield and Spear","floor":55,"turns":6}],"seed_played":"-3513470007410515775","potions_obtained":[{"floor":5,"key":"LiquidBronze"},{"floor":7,"key":"SkillPotion"},{"floor":12,"key":"FearPotion"},{"floor":14,"key":"FearPotion"},{"floor":19,"key":"Ancient Potion"},{"floor":21,"key":"Regen Potion"},{"floor":28,"key":"SkillPotion"},{"floor":33,"key":"Weak Potion"},{"floor":45,"key":"Regen Potion"}],"is_trial":false,"path_per_floor":["M","?","$","?","M","R","E","M","T","E","?","M","R","E","R","B",null,"M","M","$","M","?","E","R","M","T","M","E","$","E","M","R","B",null,"M","$","T","M","M","E","R","$","T","M","E","?","R","M","R","B","B",null,"R","$","E"],"character_chosen":"IRONCLAD","items_purchased":["Armaments","Toxic Egg 2","Feel No Pain","Membership Card","Happy Flower","Metallicize","Inflame","Demon Form","Warcry+1","Shrug It Off+1"],"campfire_rested":1,"item_purchase_floors":[3,20,36,36,42,42,42,54,54,54],"current_hp_per_floor":[52,45,45,70,63,63,28,25,25,12,12,18,40,38,38,66,73,70,70,70,73,73,58,58,30,30,34,41,41,40,49,49,29,84,88,88,88,106,109,116,116,116,116,100,73,73,73,87,87,71,30,95,95,95,0],"gold":3,"neow_bonus":"ONE_RARE_RELIC","is_prod":false,"is_daily":false,"chose_seed":false,"campfire_upgraded":4,"win_rate":0,"timestamp":1552500655,"path_taken":["M","?","$","?","M","R","E","M","T","E","?","?","R","E","R","BOSS","M","M","?","M","?","E","R","M","T","M","E","?","E","M","R","BOSS","M","$","?","?","M","E","R","?","T","M","E","?","R","M","R","BOSS","BOSS","R","$","E"],"build_version":"2019-01-23","purchased_purges":1,"victory":false,"max_hp_per_floor":[75,75,75,75,75,75,75,75,75,75,75,75,75,75,75,75,75,79,83,83,87,87,91,91,91,91,95,95,95,99,102,102,102,102,102,102,102,106,109,116,116,116,116,116,116,116,116,116,116,116,116,116,116,116,116],"card_choices":[{"not_picked":["Iron Wave","Corruption"],"picked":"Anger","floor":1},{"not_picked":["Rupture","True Grit"],"picked":"Pummel","floor":5},{"not_picked":["Armaments","Sword Boomerang"],"picked":"Shrug It Off","floor":7},{"not_picked":["Heavy Blade","Armaments","Havoc"],"picked":"SKIP","floor":8},{"not_picked":["Havoc","Sword Boomerang"],"picked":"Immolate","floor":10},{"not_picked":["Shrug It Off","Armaments"],"picked":"Disarm","floor":12},{"not_picked":["Warcry","Havoc","Twin Strike"],"picked":"SKIP","floor":14},{"not_picked":["Impervious","Immolate"],"picked":"Feed","floor":16},{"not_picked":["Headbutt","Iron Wave","Twin Strike"],"picked":"SKIP","floor":18},{"not_picked":["Entrench","Carnage","Twin Strike"],"picked":"SKIP","floor":19},{"not_picked":["Reckless Charge","Thunderclap+1"],"picked":"Flex+1","floor":21},{"not_picked":["Perfected Strike","Rupture"],"picked":"Anger+1","floor":23},{"not_picked":["Heavy Blade","Barricade"],"picked":"Flame Barrier+1","floor":25},{"not_picked":["Heavy Blade","Havoc+1"],"picked":"True Grit+1","floor":27},{"not_picked":["Havoc+1","True Grit+1"],"picked":"Shrug It Off+1","floor":28},{"not_picked":["Carnage","Inflame"],"picked":"Spot Weakness+1","floor":30},{"not_picked":["Headbutt","Barricade"],"picked":"Seeing Red+1","floor":31},{"not_picked":["Exhume+1","Berserk"],"picked":"Reaper","floor":33},{"not_picked":["Sentinel+1","Pommel Strike"],"picked":"Burning Pact+1","floor":35},{"not_picked":["Wild Strike","Pommel Strike"],"picked":"Sword Boomerang+1","floor":38},{"not_picked":["Body Slam","Thunderclap"],"picked":"Spot Weakness+1","floor":39},{"not_picked":["Flex+1","Bludgeon","Body Slam"],"picked":"SKIP","floor":40},{"not_picked":["Cleave+1","Uppercut"],"picked":"Seeing Red+1","floor":44},{"not_picked":["Iron Wave","Power Through+1"],"picked":"Battle Trance+1","floor":45},{"not_picked":["Searing Blow","Anger"],"picked":"Havoc+1","floor":48}],"player_experience":1404217,"relics_obtained":[{"floor":7,"key":"The Courier"},{"floor":9,"key":"Pantograph"},{"floor":10,"key":"Pocketwatch"},{"floor":14,"key":"Sundial"},{"floor":23,"key":"Gremlin Horn"},{"floor":26,"key":"Vajra"},{"floor":28,"key":"Dodecahedron"},{"floor":30,"key":"Dead Branch"},{"floor":37,"key":"Bronze Scales"},{"floor":40,"key":"Strawberry"},{"floor":45,"key":"Unceasing Top"}],"event_choices":[{"cards_removed":["Strike_R"],"damage_healed":0,"gold_gain":0,"player_choice":"Card Removal","damage_taken":7,"max_hp_gain":0,"max_hp_loss":0,"event_name":"Golden Wing","floor":2,"gold_loss":0},{"damage_healed":25,"gold_gain":0,"player_choice":"Banana","damage_taken":0,"max_hp_gain":0,"max_hp_loss":0,"event_name":"Big Fish","floor":4,"gold_loss":0},{"damage_healed":0,"gold_gain":0,"player_choice":"Upgraded","damage_taken":0,"max_hp_gain":0,"max_hp_loss":0,"event_name":"Upgrade Shrine","floor":11,"gold_loss":0,"cards_upgraded":["Immolate"]},{"damage_healed":0,"gold_gain":0,"player_choice":"Ignored","damage_taken":0,"max_hp_gain":0,"max_hp_loss":0,"event_name":"Vampires","floor":22,"gold_loss":0},{"damage_healed":0,"gold_gain":0,"player_choice":"Cursed","damage_taken":0,"max_hp_gain":0,"max_hp_loss":0,"event_name":"Wheel of Change","floor":46,"gold_loss":0,"cards_obtained":["Decay"]}],"is_beta":false,"boss_relics":[{"not_picked":["Empty Cage","Tiny House"],"picked":"Coffee Dripper"},{"not_picked":["Cursed Key","Sozu"],"picked":"Fusion Hammer"}],"items_purged_floors":[29],"is_endless":false,"potions_floor_spawned":[5,7,12,14,19,21,28,33,39,40,45],"killed_by":"Shield and Spear","ascension_level":20}