{"gold_per_floor":[119,133,148,166,180,211,228,261,261,288,288,288,303,303],"floor_reached":14,"playtime":1141,"items_purged":[],"score":125,"play_id":"1bff13b3-7a98-4fac-9a8c-e85980470e86","local_time":"20191001202954","is_ascension_mode":true,"campfire_choices":[{"data":"Neutralize","floor":11,"key":"SMITH"}],"neow_cost":"NONE","seed_source_timestamp":520230198668100,"circlet_count":0,"master_deck":["Strike_G","Strike_G","Strike_G","Strike_G","Strike_G","Defend_G","Defend_G","Defend_G","Defend_G","Defend_G","Survivor","Neutralize+1","Storm of Steel","Dagger Spray","Cloak And Dagger","Deflect","Backflip","Finisher","A Thousand Cuts","Expertise","Blur","Acrobatics","Terror+1"],"relics":["Ring of the Snake","Ancient Tea Set","The Specimen","Unceasing Top","Odd Mushroom","Toxic Egg 2"],"potions_floor_usage":[5,6,8,14],"damage_taken":[{"damage":1,"enemies":"Cultist","floor":1,"turns":4},{"damage":1,"enemies":"Small Slimes","floor":2,"turns":3},{"damage":0,"enemies":"2 Louse","floor":3,"turns":2},{"damage":0,"enemies":"2 Fungi Beasts","floor":4,"turns":3},{"damage":1,"enemies":"Looter","floor":5,"turns":4},{"damage":24,"enemies":"Gremlin Nob","floor":6,"turns":4},{"damage":0,"enemies":"Large Slime","floor":7,"turns":6},{"damage":15,"enemies":"3 Sentries","floor":8,"turns":5},{"damage":12,"enemies":"The Mushroom Lair","floor":10,"turns":6},{"damage":1,"enemies":"Red Slaver","floor":13,"turns":3},{"damage":16,"enemies":"Exordium Thugs","floor":14,"turns":3}],"seed_played":"-6402781304223172755","potions_obtained":[{"floor":3,"key":"AttackPotion"},{"floor":4,"key":"GamblersBrew"},{"floor":6,"key":"Strength Potion"},{"floor":8,"key":"Weak Potion"},{"floor":10,"key":"GamblersBrew"}],"is_trial":false,"path_per_floor":["M","M","M","M","M","E","M","E","T","?","R","?","M","M"],"character_chosen":"THE_SILENT","items_purchased":[],"campfire_rested":0,"item_purchase_floors":[],"current_hp_per_floor":[69,68,68,68,67,43,43,28,28,16,16,16,15,0],"gold":303,"neow_bonus":"ONE_RANDOM_RARE_CARD","is_prod":false,"is_daily":false,"chose_seed":false,"campfire_upgraded":1,"win_rate":0,"timestamp":1569972594,"path_taken":["M","M","M","?","M","E","M","E","T","?","R","?","?","M"],"build_version":"2019-07-17","purchased_purges":0,"victory":false,"max_hp_per_floor":[70,70,70,70,70,70,70,70,70,70,70,70,70,70],"card_choices":[{"not_picked":["Quick Slash","Outmaneuver"],"picked":"Dagger Spray","floor":1},{"not_picked":["PiercingWail","Underhanded Strike"],"picked":"Cloak And Dagger","floor":2},{"not_picked":["Slice","Underhanded Strike"],"picked":"Deflect","floor":3},{"not_picked":["Dodge and Roll","Deadly Poison"],"picked":"Backflip","floor":4},{"not_picked":["Blade Dance","Prepared"],"picked":"Finisher","floor":5},{"not_picked":["Distraction","Sucker Punch"],"picked":"A Thousand Cuts","floor":6},{"not_picked":["Dagger Throw","Sucker Punch"],"picked":"Expertise","floor":7},{"not_picked":["Sucker Punch","Bouncing Flask"],"picked":"Blur","floor":8},{"not_picked":["Predator","Finisher"],"picked":"Acrobatics","floor":10},{"not_picked":["Dagger Throw","Distraction+1"],"picked":"Terror+1","floor":13}],"player_experience":120610,"relics_obtained":[{"floor":6,"key":"Ancient Tea Set"},{"floor":8,"key":"The Specimen"},{"floor":9,"key":"Unceasing Top"},{"floor":10,"key":"Odd Mushroom"}],"event_choices":[{"damage_healed":0,"gold_gain":0,"player_choice":"Fought Mushrooms","damage_taken":0,"max_hp_gain":0,"max_hp_loss":0,"event_name":"Mushrooms","floor":10,"gold_loss":0},{"damage_healed":0,"gold_gain":0,"player_choice":"Gave Potion","damage_taken":0,"relics_obtained":["Toxic Egg 2"],"max_hp_gain":0,"max_hp_loss":0,"event_name":"WeMeetAgain","floor":12,"gold_loss":0}],"is_beta":false,"boss_relics":[],"items_purged_floors":[],"is_endless":false,"potions_floor_spawned":[3,4,6,8,10],"killed_by":"Exordium Thugs","ascension_level":4}