{"path_per_floor":["M","M","?","?","M","R","E","R","T","R","?","M","$","E","R","B",null,"M","?","$","M","M"],"character_chosen":"THE_SILENT","items_purchased":["Footwork","Footwork","Gremlin Horn","Fruit Juice","Bronze Scales","Footwork","Noxious Fumes"],"gold_per_floor":[115,126,201,201,216,216,545,545,545,545,545,562,152,180,180,285,285,302,302,56,74,88,88],"floor_reached":23,"campfire_rested":1,"playtime":979,"item_purchase_floors":[13,13,13,13,20,20,20],"current_hp_per_floor":[57,50,39,39,39,39,8,29,29,29,70,69,69,50,50,21,62,52,52,52,18,27,0],"items_purged":[],"gold":88,"score":279,"play_id":"2cd0507b-fb9f-4834-b6bb-932c0c0958c0","local_time":"20180626095627","is_prod":false,"is_daily":false,"chose_seed":false,"is_ascension_mode":true,"campfire_upgraded":3,"win_rate":0,"timestamp":1529999787,"campfire_choices":[{"data":"Cloak And Dagger","floor":6,"key":"SMITH"},{"floor":8,"key":"REST"},{"data":"Catalyst","floor":10,"key":"SMITH"},{"data":"Footwork","floor":15,"key":"SMITH"}],"path_taken":["M","M","?","?","M","R","E","R","T","R","?","M","?","E","R","BOSS","M","?","?","M","M","E"],"build_version":"2018-06-21","seed_source_timestamp":1022451367123,"purchased_purges":0,"circlet_count":0,"victory":false,"master_deck":["Defend_G","Defend_G","Defend_G","Defend_G","Defend_G","Strike_G","Strike_G","Strike_G","Strike_G","Strike_G","Survivor","Neutralize+1","Deflect","Cloak And Dagger+1","Escape Plan","Sucker Punch","Footwork","Footwork+1","Heel Hook","Venomology","Flying Knee","Footwork","Noxious Fumes","Skewer+1","Flying Knee"],"max_hp_per_floor":[70,70,70,70,70,70,70,70,70,70,70,70,70,75,75,75,75,75,75,75,75,75,75],"relics":["Lizard Tail","Old Coin","The Courier","Gremlin Horn","Ninja Scroll","Philosopher\u0027s Stone","Bronze Scales"],"card_choices":[{"not_picked":["Underhanded Strike","Dodge and Roll"],"picked":"Deflect","floor":1},{"not_picked":["Heel Hook","Acrobatics"],"picked":"Catalyst","floor":2},{"not_picked":["Terror","Prepared"],"picked":"Cloak And Dagger","floor":5},{"not_picked":["Bane","Slice"],"picked":"Escape Plan","floor":7},{"not_picked":["Acrobatics","Prepared"],"picked":"Sucker Punch","floor":12},{"not_picked":["Tools of the Trade","Blur"],"picked":"Heel Hook","floor":14},{"not_picked":["Die Die Die","Doppelganger"],"picked":"Venomology","floor":16},{"not_picked":["Prepared+1","Flechettes+1"],"picked":"Flying Knee","floor":18},{"not_picked":["Masterful Stab+1","Cloak And Dagger"],"picked":"Skewer+1","floor":21},{"not_picked":["Concentrate","Footwork"],"picked":"Flying Knee","floor":22}],"player_experience":370850,"potions_floor_usage":[7,14,14,22,22,22],"damage_taken":[{"damage":6,"enemies":"2 Louse","floor":1,"turns":3},{"damage":7,"enemies":"Small Slimes","floor":2,"turns":6},{"damage":0,"enemies":"Cultist","floor":5,"turns":5},{"damage":31,"enemies":"Lagavulin","floor":7,"turns":11},{"damage":1,"enemies":"2 Fungi Beasts","floor":12,"turns":5},{"damage":24,"enemies":"Gremlin Nob","floor":14,"turns":5},{"damage":29,"enemies":"The Guardian","floor":16,"turns":21},{"damage":10,"enemies":"3 Byrds","floor":18,"turns":8},{"damage":34,"enemies":"Chosen","floor":21,"turns":7},{"damage":34,"enemies":"Centurion and Healer","floor":22,"turns":5},{"damage":27,"enemies":"Book of Stabbing","floor":23,"turns":4}],"relics_obtained":[{"floor":7,"key":"Old Coin"},{"floor":9,"key":"The Courier"},{"floor":14,"key":"Ninja Scroll"}],"event_choices":[{"event_name":"World of Goop","player_choice":"Gather Gold","floor":3,"damage_taken":0},{"event_name":"Living Wall","player_choice":"Grow","floor":4,"damage_taken":0},{"event_name":"Bonfire Elementals","player_choice":"UNCOMMON","floor":11,"damage_taken":0},{"event_name":"Ghosts","player_choice":"Ignored","floor":19,"damage_taken":0}],"boss_relics":[{"not_picked":["Sozu","Snecko Eye"],"picked":"Philosopher\u0027s Stone"}],"items_purged_floors":[],"is_endless":false,"potions_floor_spawned":[2,5,12,21],"seed_played":"6984260968757275189","killed_by":"Book of Stabbing","ascension_level":8,"potions_obtained":[{"floor":2,"key":"Ancient Potion"},{"floor":5,"key":"SteroidPotion"},{"floor":12,"key":"AttackPotion"}],"is_trial":false}