{"gold_per_floor":[118,118,118,138,213,244,26,26],"floor_reached":8,"playtime":186,"items_purged":["Strike_G"],"score":158,"play_id":"f28aadfb-27eb-4084-8cc5-49da58484c51","local_time":"20190826013212","is_ascension_mode":true,"campfire_choices":[],"neow_cost":"NONE","seed_source_timestamp":54970075570787,"circlet_count":0,"master_deck":["AscendersBane","Strike_G","Strike_G","Strike_G","Strike_G","Defend_G","Defend_G","Defend_G","Defend_G","Defend_G","Survivor","Neutralize","Quick Slash","Night Terror+1","Leg Sweep+1","Blade Dance+1"],"relics":["Ring of the Snake","NeowsBlessing","Toxic Egg 2","Golden Idol","Art of War"],"potions_floor_usage":[8],"damage_taken":[{"damage":0,"enemies":"2 Louse","floor":1,"turns":1},{"damage":0,"enemies":"Small Slimes","floor":4,"turns":1},{"damage":0,"enemies":"Gremlin Nob","floor":6,"turns":1},{"damage":44,"enemies":"Lagavulin","floor":8,"turns":16}],"seed_played":"3082706254105729118","potions_obtained":[{"floor":6,"key":"SkillPotion"}],"is_trial":false,"path_per_floor":["M","?","?","M","?","E","$","E"],"character_chosen":"THE_SILENT","items_purchased":["Leg Sweep+1","Blade Dance+1"],"campfire_rested":0,"item_purchase_floors":[7,7],"current_hp_per_floor":[59,41,41,41,30,30,30,0],"gold":26,"neow_bonus":"THREE_ENEMY_KILL","is_prod":false,"is_daily":false,"chose_seed":false,"campfire_upgraded":0,"win_rate":0,"timestamp":1566775932,"path_taken":["M","?","?","M","?","E","$","E"],"build_version":"2019-07-17","purchased_purges":1,"victory":false,"max_hp_per_floor":[66,66,60,60,60,60,60,60],"card_choices":[{"not_picked":["Deflect","Blur"],"picked":"Quick Slash","floor":1},{"not_picked":["Acrobatics+1","Masterful Stab","Slice"],"picked":"SKIP","floor":4},{"not_picked":["Flying Knee","Finisher"],"picked":"Night Terror+1","floor":6}],"player_experience":1970001,"relics_obtained":[{"floor":6,"key":"Art of War"}],"event_choices":[{"damage_healed":0,"gold_gain":0,"player_choice":"Success","damage_taken":18,"relics_obtained":["Toxic Egg 2"],"max_hp_gain":0,"max_hp_loss":0,"event_name":"Scrap Ooze","floor":2,"gold_loss":0},{"damage_healed":0,"gold_gain":0,"player_choice":"Lose Max HP","damage_taken":0,"relics_obtained":["Golden Idol"],"max_hp_gain":0,"max_hp_loss":6,"event_name":"Golden Idol","floor":3,"gold_loss":0},{"damage_healed":0,"gold_gain":75,"player_choice":"Gather Gold","damage_taken":11,"max_hp_gain":0,"max_hp_loss":0,"event_name":"World of Goop","floor":5,"gold_loss":0}],"is_beta":false,"boss_relics":[],"items_purged_floors":[7],"is_endless":false,"potions_floor_spawned":[6],"killed_by":"Lagavulin","ascension_level":20}