{"gold_per_floor":[118,193,193,143,143,143,177,137,137,155,155,166,166,70,70,173,173,192,372,382,398,243,243,278,292,316,348,358,358],"floor_reached":29,"playtime":2819,"items_purged":["Strike_B"],"score":378,"play_id":"3f3f4efc-531b-4077-8e8e-65b73d2a0a42","local_time":"20190415114230","is_ascension_mode":true,"campfire_choices":[{"data":"Zap","floor":6,"key":"SMITH"},{"floor":11,"key":"REST"},{"data":"Beam Cell","floor":13,"key":"SMITH"},{"data":"Creative AI","floor":15,"key":"SMITH"},{"floor":23,"key":"REST"}],"neow_cost":"CURSE","seed_source_timestamp":126317906901153,"circlet_count":0,"master_deck":["Strike_B","Strike_B+1","Defend_B+1","Defend_B","Defend_B","Defend_B","Zap+1","Dualcast","Electrodynamics","Rip and Tear","Ball Lightning","BootSequence","Beam Cell+1","Creative AI+1","Stack","Genetic Algorithm","Seek","Sunder+1","Chill","Storm","Capacitor","Undo","Self Repair","Redo"],"relics":["Cracked Core","Regal Pillow","Symbiotic Virus","Fusion Hammer","Gremlin Horn","Lantern","Blood Vial"],"potions_floor_usage":[16,16,18,29],"damage_taken":[{"damage":12,"enemies":"Small Slimes","floor":1,"turns":2},{"damage":22,"enemies":"Lagavulin","floor":7,"turns":7},{"damage":0,"enemies":"Jaw Worm","floor":10,"turns":2},{"damage":0,"enemies":"Cultist","floor":12,"turns":2},{"damage":21,"enemies":"The Guardian","floor":16,"turns":10},{"damage":4,"enemies":"3 Byrds","floor":18,"turns":3},{"damage":0,"enemies":"Spheric Guardian","floor":20,"turns":3},{"damage":15,"enemies":"Snake Plant","floor":21,"turns":4},{"damage":19,"enemies":"Gremlin Leader","floor":24,"turns":5},{"damage":12,"enemies":"Snecko","floor":25,"turns":4},{"damage":9,"enemies":"Slavers","floor":27,"turns":3},{"damage":20,"enemies":"Cultist and Chosen","floor":28,"turns":5},{"damage":10,"enemies":"Gremlin Leader","floor":29,"turns":1}],"seed_played":"-6206067006398844204","potions_obtained":[{"floor":1,"key":"Dexterity Potion"},{"floor":12,"key":"Weak Potion"},{"floor":16,"key":"Dexterity Potion"},{"floor":18,"key":"GamblersBrew"},{"floor":24,"key":"FearPotion"},{"floor":27,"key":"SpeedPotion"}],"is_trial":false,"path_per_floor":["M","?","?","?","?","R","E","$","T","M","R","M","R","$","R","B",null,"M","?","M","M","$","R","E","M","T","E","M","E"],"character_chosen":"DEFECT","items_purchased":["BootSequence","Stack","Genetic Algorithm","Capacitor"],"campfire_rested":2,"item_purchase_floors":[8,14,14,22],"current_hp_per_floor":[56,45,45,45,30,30,8,8,8,8,45,45,45,45,45,24,62,58,37,37,22,22,59,40,28,28,19,8,0],"gold":358,"neow_bonus":"THREE_RARE_CARDS","is_prod":false,"is_daily":false,"chose_seed":false,"campfire_upgraded":3,"win_rate":0,"timestamp":1555353750,"path_taken":["M","?","?","?","?","R","E","$","T","M","R","M","R","$","R","BOSS","M","?","M","M","$","R","E","?","T","E","M","E"],"build_version":"2019-01-23","purchased_purges":1,"victory":false,"max_hp_per_floor":[75,75,75,75,75,75,75,75,75,75,75,75,75,75,75,75,75,75,75,75,75,75,75,75,75,75,75,75,75],"card_choices":[{"not_picked":["Thunder Strike","Reboot"],"picked":"Electrodynamics","floor":0},{"not_picked":["Leap","Blizzard"],"picked":"Rip and Tear","floor":1},{"not_picked":["Chill","Beam Cell"],"picked":"Ball Lightning","floor":7},{"not_picked":["Hologram","Streamline"],"picked":"Beam Cell","floor":10},{"not_picked":["Stack","Coolheaded"],"picked":"Creative AI","floor":12},{"not_picked":["Core Surge","Creative AI"],"picked":"Seek","floor":16},{"not_picked":["Blizzard","Conserve Battery"],"picked":"Sunder+1","floor":18},{"not_picked":["Barrage","Turbo"],"picked":"Chill","floor":20},{"not_picked":["Go for the Eyes+1","Loop"],"picked":"Storm","floor":21},{"not_picked":["Beam Cell","Coolheaded","Hyperbeam"],"picked":"SKIP","floor":24},{"not_picked":["Gash","Streamline"],"picked":"Undo","floor":25},{"not_picked":["White Noise+1","Turbo"],"picked":"Self Repair","floor":27},{"not_picked":["BootSequence","Stack"],"picked":"Redo","floor":28}],"player_experience":576785,"relics_obtained":[{"floor":7,"key":"Regal Pillow"},{"floor":9,"key":"Symbiotic Virus"},{"floor":24,"key":"Gremlin Horn"},{"floor":26,"key":"Lantern"},{"floor":27,"key":"Blood Vial"}],"event_choices":[{"damage_healed":0,"gold_gain":75,"player_choice":"Gather Gold","damage_taken":11,"max_hp_gain":0,"max_hp_loss":0,"event_name":"World of Goop","floor":2,"gold_loss":0},{"cards_removed":["Doubt"],"damage_healed":0,"gold_gain":0,"player_choice":"Forget","damage_taken":0,"max_hp_gain":0,"max_hp_loss":0,"event_name":"Living Wall","floor":3,"gold_loss":0},{"cards_removed":["Strike_B"],"damage_healed":0,"gold_gain":0,"player_choice":"Card Removal","damage_taken":0,"max_hp_gain":0,"max_hp_loss":0,"event_name":"The Cleric","floor":4,"gold_loss":50},{"damage_healed":0,"gold_gain":0,"player_choice":"Entered Light","damage_taken":15,"max_hp_gain":0,"max_hp_loss":0,"event_name":"Shining Light","floor":5,"gold_loss":0,"cards_upgraded":["Defend_B","Strike_B"]},{"damage_healed":0,"gold_gain":180,"player_choice":"GOLD GOLD ","damage_taken":21,"max_hp_gain":0,"max_hp_loss":0,"event_name":"Knowing Skull","floor":19,"potions_obtained":[],"gold_loss":0,"cards_obtained":[]}],"is_beta":false,"boss_relics":[{"not_picked":["Eternal Feather","Snecko Eye"],"picked":"Fusion Hammer"}],"items_purged_floors":[22],"is_endless":false,"potions_floor_spawned":[1,12,16,18,24,27],"killed_by":"Gremlin Leader","ascension_level":9}