{"gold_per_floor":[116,129,141,155,167,167,182,182,182,201,221,236,20,40,40,112,112,131,46,62,23,37,37,64,83,83,83],"floor_reached":27,"playtime":1617,"items_purged":[],"score":538,"play_id":"95e4fa80-da3b-4b89-8a6f-fa244950fa58","local_time":"20181114121545","is_ascension_mode":true,"campfire_choices":[{"data":"Zap","floor":6.0,"key":"SMITH"},{"data":"Dualcast","floor":8.0,"key":"SMITH"},{"floor":15.0,"key":"REST"},{"data":"White Noise","floor":23.0,"key":"SMITH"}],"neow_cost":"TEN_PERCENT_HP_LOSS","seed_source_timestamp":0,"circlet_count":0,"master_deck":["AscendersBane","Strike_B","Strike_B","Strike_B","Strike_B","Defend_B","Defend_B","Defend_B","Defend_B","Zap+1","Dualcast+1","All For One","Chill","Beam Cell","Scrape","Core Surge","Compile Driver","Ball Lightning","Coolheaded","Static Discharge","White Noise+1","Electrodynamics","Reinforced Body","Rip and Tear","FTL","Reboot","Capacitor"],"special_seed":0,"relics":["Cracked Core","Mercury Hourglass","Membership Card","Nuclear Battery","Sundial","Letter Opener","Emotion Chip"],"potions_floor_usage":[27],"damage_taken":[{"damage":6.0,"enemies":"Cultist","floor":1.0,"turns":3.0},{"damage":7.0,"enemies":"Jaw Worm","floor":2.0,"turns":4.0},{"damage":4.0,"enemies":"Small Slimes","floor":3.0,"turns":3.0},{"damage":9.0,"enemies":"Blue Slaver","floor":4.0,"turns":4.0},{"damage":1.0,"enemies":"2 Fungi Beasts","floor":5.0,"turns":3.0},{"damage":0.0,"enemies":"Large Slime","floor":7.0,"turns":3.0},{"damage":28.0,"enemies":"Exordium Thugs","floor":10.0,"turns":4.0},{"damage":0.0,"enemies":"3 Louse","floor":11.0,"turns":1.0},{"damage":8.0,"enemies":"Large Slime","floor":12.0,"turns":3.0},{"damage":0.0,"enemies":"Red Slaver","floor":14.0,"turns":2.0},{"damage":0.0,"enemies":"Slime Boss","floor":16.0,"turns":6.0},{"damage":0.0,"enemies":"3 Byrds","floor":18.0,"turns":2.0},{"damage":6.0,"enemies":"Spheric Guardian","floor":20.0,"turns":3.0},{"damage":5.0,"enemies":"Centurion and Healer","floor":22.0,"turns":6.0},{"damage":19.0,"enemies":"Slavers","floor":24.0,"turns":3.0},{"damage":15.0,"enemies":"Snake Plant","floor":25.0,"turns":4.0},{"damage":12,"enemies":"Book of Stabbing","floor":27,"turns":1}],"seed_played":"-7435345561659489498","potions_obtained":[{"floor":3.0,"key":"FocusPotion"},{"floor":5.0,"key":"Weak Potion"},{"floor":14.0,"key":"PowerPotion"},{"floor":16.0,"key":"AttackPotion"},{"floor":20.0,"key":"GamblersBrew"},{"floor":22.0,"key":"AttackPotion"}],"is_trial":false,"path_per_floor":["M","M","M","M","M","R","M","R","T","M","M","M","$","M","R","B",null,"M","?","M","$","M","R","E","M","M","T","E"],"character_chosen":"DEFECT","items_purchased":["Membership Card","FTL"],"campfire_rested":1,"item_purchase_floors":[13,21],"current_hp_per_floor":[58,51,47,38,37,37,37,37,37,9,9,1,1,1,20,20,53,53,53,47,47,42,42,23,8,8,0],"gold":83,"neow_bonus":"THREE_RARE_CARDS","is_prod":false,"is_daily":false,"chose_seed":false,"campfire_upgraded":3,"win_rate":0,"timestamp":1542194145,"path_taken":["M","M","?","M","M","R","M","R","T","M","M","M","$","M","R","BOSS","M","?","M","$","M","R","E","M","T","E"],"build_version":"2018-11-13","purchased_purges":0,"victory":false,"max_hp_per_floor":[64,64,64,64,64,64,64,64,64,64,64,64,64,64,64,64,64,64,64,64,64,64,64,64,64,64,64],"card_choices":[{"not_picked":["Multi-Cast","Thunder Strike"],"picked":"All For One","floor":0.0},{"not_picked":["Streamline","Cold Snap"],"picked":"Chill","floor":1.0},{"not_picked":["Steam","Redo"],"picked":"Beam Cell","floor":2.0},{"not_picked":["Cold Snap","Loop"],"picked":"Scrape","floor":3.0},{"not_picked":["Turbo","Aggregate","Heatsinks"],"picked":"SKIP","floor":4.0},{"not_picked":["Reprogram","Coolheaded"],"picked":"Core Surge","floor":5.0},{"not_picked":["Rebound","BootSequence"],"picked":"Compile Driver","floor":7.0},{"not_picked":["Rebound","Cold Snap"],"picked":"Ball Lightning","floor":10.0},{"not_picked":["Turbo","Hologram"],"picked":"Coolheaded","floor":11.0},{"not_picked":["Melter","Redo"],"picked":"Static Discharge","floor":12.0},{"not_picked":["Streamline","Static Discharge"],"picked":"White Noise","floor":14.0},{"not_picked":["Core Surge","Fission"],"picked":"Electrodynamics","floor":16.0},{"not_picked":["Rip and Tear","Rebound"],"picked":"Reinforced Body","floor":18.0},{"not_picked":["Aggregate","Conserve Battery"],"picked":"Rip and Tear","floor":20.0},{"not_picked":["Compile Driver","Sweeping Beam"],"picked":"Reboot","floor":22.0},{"not_picked":["Consume","Seek"],"picked":"Capacitor","floor":24.0},{"not_picked":["Leap","Conserve Battery","Rip and Tear"],"picked":"SKIP","floor":25}],"player_experience":800015,"relics_obtained":[{"floor":9.0,"key":"Mercury Hourglass"},{"floor":24.0,"key":"Letter Opener"},{"floor":26,"key":"Emotion Chip"}],"event_choices":[{"damage_healed":0.0,"max_hp_gain":0.0,"max_hp_loss":0.0,"gold_gain":0.0,"event_name":"Addict","player_choice":"Obtained Relic","floor":19.0,"gold_loss":85.0,"damage_taken":0.0,"relics_obtained":["Sundial"]}],"is_beta":true,"boss_relics":[{"not_picked":["Fusion Hammer","Calling Bell"],"picked":"Nuclear Battery"}],"items_purged_floors":[],"is_endless":false,"potions_floor_spawned":[3,5,10,12,14,16,20,22],"killed_by":"Book of Stabbing","ascension_level":18}