{"gold_per_floor":[112,187,197,197,99,99,119,89,139,139,166,217,217,227,227,328,328,343,354,279,55,55,55,75,75],"floor_reached":25,"playtime":784,"items_purged":[],"score":279,"play_id":"09f9e61c-5aa1-4692-9667-72b8b174a5c2","local_time":"20180911112628","is_ascension_mode":true,"campfire_choices":[{"data":"Neutralize","floor":6,"key":"SMITH"},{"data":"Bandage Up","floor":10,"key":"SMITH"},{"floor":13,"key":"REST"},{"data":"Die Die Die","floor":15,"key":"SMITH"},{"data":"Noxious Fumes","floor":23,"key":"SMITH"}],"neow_cost":"","seed_source_timestamp":3955131174764,"circlet_count":0,"master_deck":["Defend_G","Defend_G","Defend_G","Defend_G","Strike_G+1","Strike_G+1","Strike_G+1","Strike_G+1","Strike_G","Survivor","Neutralize+1","Backflip","Deadly Poison","Bandage Up+1","Deflect","All Out Attack","Quick Slash","Die Die Die+1","A Thousand Cuts","Deadly Poison","Cloak And Dagger","Noxious Fumes+1","Bouncing Flask+1"],"relics":["Ring of the Snake","Regal Pillow","Whetstone","Black Star","Oddly Smooth Stone"],"potions_floor_usage":[11,18,19,19],"damage_taken":[{"damage":0,"enemies":"Small Slimes","floor":1,"turns":3},{"damage":9,"enemies":"2 Louse","floor":3,"turns":3},{"damage":0,"enemies":"Cultist","floor":7,"turns":3},{"damage":0,"enemies":"Looter","floor":8,"turns":4},{"damage":38,"enemies":"Gremlin Nob","floor":11,"turns":6},{"damage":1,"enemies":"Blue Slaver","floor":14,"turns":3},{"damage":25,"enemies":"The Guardian","floor":16,"turns":13},{"damage":38,"enemies":"Spheric Guardian","floor":18,"turns":6},{"damage":8,"enemies":"Chosen","floor":19,"turns":5},{"damage":26,"enemies":"Snake Plant","floor":24,"turns":5},{"damage":35,"enemies":"Book of Stabbing","floor":25,"turns":4}],"seed_played":"-1305767897329815858","potions_obtained":[{"floor":7,"key":"SpeedPotion"},{"floor":11,"key":"SpeedPotion"},{"floor":14,"key":"EssenceOfSteel"},{"floor":16,"key":"Dexterity Potion"}],"is_trial":false,"path_per_floor":["M","?","M","?","$","R","M","M","T","R","E","?","R","M","R","B",null,"M","M","?","$","?","R","M"],"character_chosen":"THE_SILENT","items_purchased":["Bandage Up","Noxious Fumes","Oddly Smooth Stone"],"campfire_rested":1,"item_purchase_floors":[5,21,21],"current_hp_per_floor":[63,52,43,29,29,29,33,37,37,37,5,5,41,46,46,27,59,27,25,25,25,48,48,28,0],"gold":75,"neow_bonus":"","is_prod":false,"is_daily":false,"chose_seed":false,"campfire_upgraded":4,"win_rate":0,"timestamp":1536657988,"path_taken":["M","?","M","?","?","R","?","M","T","R","E","?","R","M","R","BOSS","M","M","?","$","?","R","M","E"],"build_version":"2018-09-10","purchased_purges":0,"victory":false,"max_hp_per_floor":[70,70,70,70,70,70,70,70,70,70,70,70,70,70,70,70,70,70,70,70,70,70,70,70,70],"card_choices":[{"not_picked":["Deflect","Bouncing Flask"],"picked":"Backflip","floor":1},{"not_picked":["Acrobatics","Dagger Spray"],"picked":"Deadly Poison","floor":3},{"not_picked":["Deadly Poison","Backflip"],"picked":"Deflect","floor":7},{"not_picked":["Deadly Poison","Quick Slash"],"picked":"All Out Attack","floor":8},{"not_picked":["Reflex","Dagger Spray"],"picked":"Quick Slash","floor":11},{"not_picked":["Flying Knee","Well Laid Plans"],"picked":"Die Die Die","floor":14},{"not_picked":["Glass Knife","Burst"],"picked":"A Thousand Cuts","floor":16},{"not_picked":["Acrobatics+1","Underhanded Strike"],"picked":"Deadly Poison","floor":18},{"not_picked":["Sucker Punch","Slice"],"picked":"Cloak And Dagger","floor":19},{"not_picked":["Venomology","Blade Dance"],"picked":"Bouncing Flask+1","floor":24}],"player_experience":415017,"relics_obtained":[{"floor":9,"key":"Regal Pillow"},{"floor":11,"key":"Whetstone"}],"event_choices":[{"event_name":"World of Goop","player_choice":"Gather Gold","floor":2,"damage_taken":0},{"event_name":"Shining Light","player_choice":"Entered Light","floor":4,"damage_taken":0},{"event_name":"Golden Wing","player_choice":"Gained Gold","floor":12,"damage_taken":0},{"event_name":"Beggar","player_choice":"Gave Gold","floor":20,"damage_taken":0},{"event_name":"The Library","player_choice":"Heal","floor":22,"damage_taken":0}],"is_beta":true,"boss_relics":[{"not_picked":["Velvet Choker","Snecko Eye"],"picked":"Black Star"}],"items_purged_floors":[],"is_endless":false,"potions_floor_spawned":[7,11,14,16],"killed_by":"Book of Stabbing","ascension_level":8}