{"gold_per_floor":[367,377,5,5,20,54,54,80,80,105,105,135,147,124,136,245,257,279,291,228,254,283,321,353,365,377,43,43,57,12,41,41,41],"floor_reached":33,"playtime":1249,"items_purged":["Injury"],"score":523,"play_id":"c82127b3-40f0-479a-aac2-f44a62b1be76","local_time":"20180928092409","is_ascension_mode":true,"campfire_choices":[{"data":"Flex","floor":7,"key":"SMITH"},{"data":"Perfected Strike","floor":11,"key":"SMITH"},{"data":"Rage","floor":15,"key":"SMITH"},{"data":"Pummel","floor":25,"key":"SMITH"},{"data":"Juggernaut","floor":28,"key":"SMITH"},{"data":"Panacea","floor":32,"key":"SMITH"}],"neow_cost":"CURSE","seed_source_timestamp":2433970946010,"circlet_count":0,"master_deck":["Strike_R","Strike_R","Strike_R","Strike_R","Strike_R","Defend_R","Defend_R+1","Defend_R","Defend_R","Bash","AscendersBane","Perfected Strike+1","Cleave","Rage+1","Flex+1","Juggernaut+1","Thunderclap","Flex+1","Pummel+1","Immolate","Regret","Regret","Wild Strike","Iron Wave","Juggernaut","Dropkick","Perfected Strike+1","Dramatic Entrance+1","Cleave+1","Panacea+1","Perfected Strike+1"],"relics":["Burning Blood","Membership Card","Kunai","Gremlin Horn","Mango","Bird Faced Urn","Du-Vu Doll","MawBank","Mercury Hourglass","Calling Bell","Bag of Marbles","Meat on the Bone","Thread and Needle","War Paint","Pear","Molten Egg 2","Juzu Bracelet","DollysMirror","Pocketwatch"],"potions_floor_usage":[8,12,16,23],"damage_taken":[{"damage":10,"enemies":"Cultist","floor":1,"turns":5},{"damage":2,"enemies":"2 Louse","floor":2,"turns":2},{"damage":6,"enemies":"Jaw Worm","floor":5,"turns":3},{"damage":17,"enemies":"Gremlin Nob","floor":6,"turns":4},{"damage":9,"enemies":"3 Sentries","floor":8,"turns":4},{"damage":8,"enemies":"Gremlin Nob","floor":10,"turns":3},{"damage":24,"enemies":"Lagavulin","floor":12,"turns":6},{"damage":46,"enemies":"Hexaghost","floor":16,"turns":9},{"damage":8,"enemies":"Chosen","floor":18,"turns":3},{"damage":20,"enemies":"Shell Parasite","floor":21,"turns":3},{"damage":15,"enemies":"Snake Plant","floor":22,"turns":2},{"damage":6,"enemies":"Slavers","floor":23,"turns":3},{"damage":3,"enemies":"Cultist and Chosen","floor":24,"turns":4},{"damage":2,"enemies":"Chosen and Byrds","floor":29,"turns":3},{"damage":41,"enemies":"Book of Stabbing","floor":31,"turns":4},{"damage":68,"enemies":"Automaton","floor":33,"turns":6}],"seed_played":"-8963995958518509180","potions_obtained":[{"floor":1,"key":"Weak Potion"},{"floor":6,"key":"AttackPotion"},{"floor":8,"key":"LiquidBronze"},{"floor":16,"key":"SmokeBomb"},{"floor":18,"key":"Poison Potion"}],"is_trial":false,"path_per_floor":["M","M","$","$","M","E","R","E","T","E","R","E","?","?","R","B",null,"M","$","?","M","M","E","M","R","T","$","R","M","$","E","R"],"character_chosen":"IRONCLAD","items_purchased":["Membership Card","Rage","Kunai","Molten Egg 2","Juzu Bracelet","DollysMirror","Dramatic Entrance+1","Panacea"],"campfire_rested":0,"item_purchase_floors":[3,3,3,27,27,27,27,30],"current_hp_per_floor":[68,72,72,72,72,61,61,72,72,70,70,54,42,65,65,25,77,75,75,75,61,64,64,67,67,77,77,77,83,83,60,60,0],"gold":41,"neow_bonus":"TWO_FIFTY_GOLD","is_prod":false,"is_daily":false,"chose_seed":false,"campfire_upgraded":6,"win_rate":0,"timestamp":1538119449,"path_taken":["M","M","?","$","M","E","R","E","T","E","R","E","?","?","R","BOSS","M","$","?","M","M","E","M","R","T","$","R","M","$","E","R","BOSS"],"build_version":"2018-09-26v2","purchased_purges":1,"victory":false,"max_hp_per_floor":[80,80,80,80,80,80,80,94,94,94,94,94,94,94,94,94,94,94,94,94,94,94,94,94,94,104,104,104,104,104,104,104,104],"card_choices":[{"not_picked":["Shrug It Off","Pommel Strike"],"picked":"Perfected Strike","floor":1},{"not_picked":["Anger","True Grit"],"picked":"Cleave","floor":2},{"not_picked":["Headbutt","Sentinel"],"picked":"Flex","floor":5},{"not_picked":["Pommel Strike","Corruption"],"picked":"Juggernaut","floor":6},{"not_picked":["Sword Boomerang","Clothesline"],"picked":"Thunderclap","floor":8},{"not_picked":["Armaments","Headbutt"],"picked":"Flex","floor":10},{"not_picked":["Headbutt","Heavy Blade"],"picked":"Pummel","floor":12},{"not_picked":["Barricade","Limit Break"],"picked":"Immolate","floor":16},{"not_picked":["Warcry","Clothesline"],"picked":"Wild Strike","floor":18},{"not_picked":["Clothesline","Shrug It Off"],"picked":"Iron Wave","floor":21},{"not_picked":["Feel No Pain","Body Slam"],"picked":"Juggernaut","floor":22},{"not_picked":["Anger","Clothesline","Reckless Charge"],"picked":"SKIP","floor":23},{"not_picked":["Wild Strike","Flex"],"picked":"Dropkick","floor":24},{"not_picked":["Armaments","Warcry"],"picked":"Cleave+1","floor":29},{"not_picked":["Flex","Havoc"],"picked":"Perfected Strike+1","floor":31}],"player_experience":534207,"relics_obtained":[{"floor":6,"key":"Gremlin Horn"},{"floor":8,"key":"Mango"},{"floor":9,"key":"Bird Faced Urn"},{"floor":10,"key":"Du-Vu Doll"},{"floor":12,"key":"MawBank"},{"floor":17,"key":"Bag of Marbles"},{"floor":17,"key":"Meat on the Bone"},{"floor":17,"key":"Thread and Needle"},{"floor":23,"key":"War Paint"},{"floor":26,"key":"Pear"},{"floor":31,"key":"Pocketwatch"}],"event_choices":[{"event_name":"Scrap Ooze","player_choice":"success","floor":13,"damage_taken":12},{"event_name":"The Cleric","player_choice":"Healed","floor":14,"damage_taken":0},{"event_name":"Beggar","player_choice":"Gave Gold","floor":20,"damage_taken":0}],"is_beta":true,"boss_relics":[{"not_picked":["White Beast Statue","Snecko Eye"],"picked":"Calling Bell"}],"items_purged_floors":[3],"is_endless":false,"potions_floor_spawned":[1,6,8,16,18],"killed_by":"Automaton","ascension_level":12}