{"gold_per_floor":[116,266,266,316,326,359,373,405,405,405],"floor_reached":10,"playtime":314,"items_purged":[],"score":202,"play_id":"844e0daf-3124-46d4-afc3-f7762e6d90a9","local_time":"20190912224501","is_ascension_mode":true,"campfire_choices":[],"neow_cost":"NONE","seed_source_timestamp":36875739469776,"circlet_count":0,"master_deck":["AscendersBane","Strike_B","Strike_B","Strike_B","Strike_B","Defend_B","Defend_B","Defend_B","Defend_B","Zap","Dualcast","Ball Lightning","Doubt","Ball Lightning","Hyperbeam","Hologram","Cold Snap"],"relics":["Cracked Core","NeowsBlessing","Ancient Tea Set","Pantograph","Meat on the Bone","Centennial Puzzle"],"potions_floor_usage":[10],"damage_taken":[{"damage":0,"enemies":"2 Louse","floor":1,"turns":1},{"damage":0,"enemies":"Jaw Worm","floor":5,"turns":1},{"damage":0,"enemies":"Lagavulin","floor":6,"turns":1},{"damage":5,"enemies":"Small Slimes","floor":7,"turns":2},{"damage":25,"enemies":"3 Sentries","floor":8,"turns":4},{"damage":29,"enemies":"Gremlin Nob","floor":10,"turns":3}],"seed_played":"-6490083595855942303","potions_obtained":[{"floor":5,"key":"SpeedPotion"},{"floor":6,"key":"SkillPotion"}],"is_trial":false,"path_per_floor":["M","?","?","?","M","E","M","E","T","E"],"character_chosen":"DEFECT","items_purchased":[],"campfire_rested":0,"item_purchase_floors":[],"current_hp_per_floor":[64,64,59,59,59,59,54,29,29,0],"gold":405,"neow_bonus":"THREE_ENEMY_KILL","is_prod":false,"is_daily":false,"chose_seed":false,"campfire_upgraded":0,"win_rate":0,"timestamp":1568321101,"path_taken":["M","?","?","?","M","E","M","E","T","E"],"build_version":"2019-09-11v2","purchased_purges":0,"victory":false,"max_hp_per_floor":[71,71,71,71,71,71,71,71,71,71],"card_choices":[{"not_picked":["Defragment","Turbo"],"picked":"Ball Lightning","floor":1},{"not_picked":["Consume","Redo"],"picked":"Ball Lightning","floor":5},{"not_picked":["BootSequence","Stack"],"picked":"Hyperbeam","floor":6},{"not_picked":["Chaos","Redo"],"picked":"Hologram","floor":7},{"not_picked":["White Noise","Redo"],"picked":"Cold Snap","floor":8}],"player_experience":2030560,"relics_obtained":[{"floor":6,"key":"Pantograph"},{"floor":8,"key":"Meat on the Bone"},{"floor":9,"key":"Centennial Puzzle"}],"event_choices":[{"damage_healed":0,"gold_gain":150,"player_choice":"AGREE","damage_taken":0,"max_hp_gain":0,"max_hp_loss":0,"event_name":"Liars Game","floor":2,"gold_loss":0,"cards_obtained":["Doubt"]},{"damage_healed":0,"gold_gain":0,"player_choice":"Success","damage_taken":5,"relics_obtained":["Ancient Tea Set"],"max_hp_gain":0,"max_hp_loss":0,"event_name":"Scrap Ooze","floor":3,"gold_loss":0},{"damage_healed":0,"gold_gain":50,"player_choice":"Pray","damage_taken":0,"max_hp_gain":0,"max_hp_loss":0,"event_name":"Golden Shrine","floor":4,"gold_loss":0}],"is_beta":true,"boss_relics":[],"items_purged_floors":[],"is_endless":false,"potions_floor_spawned":[5,6],"killed_by":"Gremlin Nob","ascension_level":20}