{"gold_per_floor":[99,99,99,99,99,99,99,99,99,99,99,99,99,99,99,99,99,99,39,39,39,39,39,39,39,39,39,39],"floor_reached":28,"playtime":1917,"items_purged":[],"score":317,"play_id":"149c4f3e-7509-46a1-8b24-2e74f38b01fa","local_time":"20181121185540","is_ascension_mode":true,"campfire_choices":[{"data":"Neutralize","floor":7,"key":"SMITH"},{"floor":15,"key":"REST"},{"floor":23,"key":"REST"}],"neow_cost":"NONE","seed_source_timestamp":70786631833868,"circlet_count":0,"master_deck":["Defend_G","Defend_G","Defend_G","Defend_G","Defend_G","Strike_G","Strike_G","Strike_G","Strike_G","Strike_G","Survivor","Neutralize+1","Backflip","Poisoned Stab","Cloak And Dagger","Heel Hook","Adrenaline","Backstab","Escape Plan","Choke","Dagger Throw+1","Venomology","Quick Slash+1","Pain","Bouncing Flask"],"relics":["Ectoplasm","Incense Burner","Darkstone Periapt","Ancient Tea Set","Art of War","Lizard Tail","WarpedTongs","Oddly Smooth Stone"],"potions_floor_usage":[6,6,8,16,20,20,22,24,25],"damage_taken":[{"damage":5,"enemies":"Jaw Worm","floor":1,"turns":4},{"damage":0,"enemies":"Small Slimes","floor":2,"turns":3},{"damage":1,"enemies":"Cultist","floor":3,"turns":3},{"damage":1,"enemies":"Exordium Wildlife","floor":4,"turns":4},{"damage":2,"enemies":"Blue Slaver","floor":5,"turns":4},{"damage":13,"enemies":"Gremlin Nob","floor":6,"turns":4},{"damage":16,"enemies":"Lagavulin","floor":8,"turns":7},{"damage":20,"enemies":"3 Sentries","floor":10,"turns":10},{"damage":0,"enemies":"3 Louse","floor":11,"turns":2},{"damage":15,"enemies":"Hexaghost","floor":16,"turns":13},{"damage":8,"enemies":"Shell Parasite","floor":18,"turns":4},{"damage":15,"enemies":"2 Thieves","floor":19,"turns":4},{"damage":36,"enemies":"Sentry and Sphere","floor":20,"turns":8},{"damage":17,"enemies":"Centurion and Healer","floor":22,"turns":6},{"damage":13,"enemies":"Snecko","floor":24,"turns":5},{"damage":29,"enemies":"Shelled Parasite and Fungi","floor":25,"turns":5},{"damage":3,"enemies":"Snake Plant","floor":28,"turns":1}],"seed_played":"3246138254961505907","potions_obtained":[{"floor":1,"key":"GamblersBrew"},{"floor":5,"key":"Poison Potion"},{"floor":6,"key":"Regen Potion"},{"floor":8,"key":"PowerPotion"},{"floor":10,"key":"Block Potion"},{"floor":19,"key":"Fire Potion"},{"floor":22,"key":"SteroidPotion"}],"is_trial":false,"path_per_floor":["M","M","M","M","M","E","R","E","T","E","M","$","?","?","R","B",null,"M","M","M","?","M","R","M","M","T","?","M"],"character_chosen":"THE_SILENT","items_purchased":[],"campfire_rested":2,"item_purchase_floors":[],"current_hp_per_floor":[58,58,57,56,54,41,41,40,40,20,20,20,9,9,30,15,56,48,33,32,38,21,43,30,1,1,1,0],"gold":39,"neow_bonus":"BOSS_RELIC","is_prod":false,"is_daily":false,"chose_seed":false,"campfire_upgraded":1,"win_rate":0,"timestamp":1542797740,"path_taken":["M","M","M","M","M","E","R","E","T","E","M","$","?","?","R","BOSS","M","M","M","?","M","R","?","M","T","?","M"],"build_version":"2018-11-15","purchased_purges":0,"victory":false,"max_hp_per_floor":[70,70,70,70,70,70,70,70,70,70,70,70,70,70,70,70,70,70,70,70,76,76,76,76,76,76,76,76],"card_choices":[{"not_picked":["Prepared","Underhanded Strike"],"picked":"Backflip","floor":1},{"not_picked":["Flying Knee","Deflect"],"picked":"Poisoned Stab","floor":2},{"not_picked":["Distraction","Endless Agony"],"picked":"Cloak And Dagger","floor":3},{"not_picked":["Finisher","Well Laid Plans","Prepared"],"picked":"SKIP","floor":4},{"not_picked":["Bane","Poisoned Stab"],"picked":"Heel Hook","floor":5},{"not_picked":["Flechettes","Dagger Throw"],"picked":"Adrenaline","floor":6},{"not_picked":["Quick Slash","Escape Plan"],"picked":"Backstab","floor":8},{"not_picked":["Bullet Time","Eviscerate"],"picked":"Escape Plan","floor":10},{"not_picked":["Bouncing Flask","Sucker Punch"],"picked":"Choke","floor":11},{"not_picked":["Tactician","Bane+1"],"picked":"Dagger Throw+1","floor":18},{"not_picked":["Riddle With Holes","Bane"],"picked":"Venomology","floor":19},{"not_picked":["Backflip+1","Acrobatics+1"],"picked":"Quick Slash+1","floor":20},{"not_picked":["Accuracy","Dagger Spray","Deflect"],"picked":"SKIP","floor":22},{"not_picked":["Poisoned Stab","Bullet Time","Prepared+1"],"picked":"SKIP","floor":24},{"not_picked":["Escape Plan","Underhanded Strike"],"picked":"Bouncing Flask","floor":25}],"player_experience":259787,"relics_obtained":[{"floor":6,"key":"Incense Burner"},{"floor":8,"key":"Darkstone Periapt"},{"floor":9,"key":"Ancient Tea Set"},{"floor":10,"key":"Art of War"},{"floor":26,"key":"Oddly Smooth Stone"}],"event_choices":[{"damage_healed":0,"gold_gain":75,"player_choice":"Gather Gold","damage_taken":11,"max_hp_gain":0,"max_hp_loss":0,"event_name":"World of Goop","floor":13,"gold_loss":0},{"damage_healed":0,"gold_gain":0,"player_choice":"Leave","damage_taken":0,"max_hp_gain":0,"max_hp_loss":0,"event_name":"The Cleric","floor":14,"gold_loss":0},{"damage_healed":0,"gold_gain":0,"player_choice":"Rummage","damage_taken":0,"relics_obtained":["WarpedTongs"],"max_hp_gain":0,"max_hp_loss":0,"event_name":"Accursed Blacksmith","floor":21,"gold_loss":0,"cards_obtained":["Pain"]},{"damage_healed":0,"gold_gain":0,"player_choice":"Ignored","damage_taken":0,"max_hp_gain":0,"max_hp_loss":0,"event_name":"Cursed Tome","floor":27,"gold_loss":0}],"is_beta":false,"boss_relics":[{"not_picked":["Eternal Feather","Busted Crown"],"picked":"Lizard Tail"}],"items_purged_floors":[],"is_endless":false,"potions_floor_spawned":[1,5,6,8,10,19,22],"killed_by":"Snake Plant","ascension_level":6}