{"gold_per_floor":[117,137,137,137,137,137,172,137,162,162,196,219,252,266,266,360,360,379,429,29,29,53,87,87,87,113,113,133,133,169,193,193,287,287,307,27,27,46,46,82,82,118,145,164,183,202,22,56,56,56,56,56,56,56,100,100],"floor_reached":56,"playtime":2588,"items_purged":["Strike_R","Strike_R"],"score":1932,"play_id":"6fbcaf1c-bc5a-41ba-a99c-8f2ec00ce739","local_time":"20190329162448","is_ascension_mode":true,"campfire_choices":[{"data":"Bash","floor":6.0,"key":"SMITH"},{"data":"Disarm","floor":15.0,"key":"SMITH"},{"data":"Inflame","floor":25.0,"key":"SMITH"},{"data":"Battle Trance","floor":27.0,"key":"SMITH"},{"data":"Spot Weakness","floor":29.0,"key":"SMITH"},{"data":"Evolve","floor":32.0,"key":"SMITH"},{"data":"Double Tap","floor":41.0,"key":"SMITH"},{"floor":49,"key":"RECALL"},{"data":"Demon Form","floor":53,"key":"SMITH"}],"neow_cost":"NONE","seed_source_timestamp":27966867974288,"circlet_count":0,"master_deck":["AscendersBane","Strike_R+1","Strike_R","Defend_R+1","Defend_R","Defend_R+1","Defend_R","Bash+1","Spot Weakness+1","Pummel","Cleave","Flame Barrier","Uppercut","Infernal Blade","Disarm+1","Exhume+1","Spot Weakness+1","Reaper","Inflame+1","Shrug It Off","Corruption+1","Battle Trance+1","Entrench","Armaments+1","Dual Wield","Evolve+1","Double Tap+1","True Grit+1","Immolate","Mind Blast","Body Slam+1","Entrench+1","Demon Form+1"],"special_seed":0,"relics":["Burning Blood","Happy Flower","Pen Nib","Boot","Golden Idol","Blood Vial","Orichalcum","Mark of Pain","Bag of Preparation","Bag of Marbles","War Paint","Snecko Eye","Bottled Lightning","Darkstone Periapt","Champion Belt","Pear","Anchor"],"potions_floor_usage":[56,56],"damage_taken":[{"damage":2.0,"enemies":"Cultist","floor":1.0,"turns":4.0},{"damage":8.0,"enemies":"Small Slimes","floor":2.0,"turns":4.0},{"damage":39.0,"enemies":"3 Sentries","floor":7.0,"turns":9.0},{"damage":11.0,"enemies":"Gremlin Nob","floor":11.0,"turns":3.0},{"damage":7.0,"enemies":"Jaw Worm","floor":12.0,"turns":2.0},{"damage":17.0,"enemies":"3 Sentries","floor":13.0,"turns":7.0},{"damage":0.0,"enemies":"2 Fungi Beasts","floor":14.0,"turns":3.0},{"damage":11.0,"enemies":"Hexaghost","floor":16.0,"turns":9.0},{"damage":10.0,"enemies":"3 Byrds","floor":18.0,"turns":4.0},{"damage":19.0,"enemies":"Spheric Guardian","floor":22.0,"turns":4.0},{"damage":40.0,"enemies":"Slavers","floor":23.0,"turns":6.0},{"damage":9.0,"enemies":"Snake Plant","floor":28.0,"turns":3.0},{"damage":34.0,"enemies":"Gremlin Leader","floor":30.0,"turns":7.0},{"damage":14.0,"enemies":"3 Cultists","floor":31.0,"turns":4.0},{"damage":48.0,"enemies":"Collector","floor":33.0,"turns":7.0},{"damage":0.0,"enemies":"Orb Walker","floor":35.0,"turns":2.0},{"damage":1.0,"enemies":"3 Shapes","floor":38.0,"turns":6.0},{"damage":39.0,"enemies":"Giant Head","floor":40.0,"turns":6.0},{"damage":36.0,"enemies":"Reptomancer","floor":42.0,"turns":6.0},{"damage":0,"enemies":"Maw","floor":44,"turns":6},{"damage":30,"enemies":"Transient","floor":45,"turns":6},{"damage":9,"enemies":"Writhing Mass","floor":46,"turns":5},{"damage":4,"enemies":"Nemesis","floor":48,"turns":5},{"damage":69,"enemies":"Donu and Deca","floor":50,"turns":6},{"damage":61,"enemies":"Time Eater","floor":51,"turns":9},{"damage":93,"enemies":"Shield and Spear","floor":55,"turns":5},{"damage":62,"enemies":"The Heart","floor":56,"turns":2}],"seed_played":"-517126662368522233","potions_obtained":[{"floor":1.0,"key":"SteroidPotion"},{"floor":2.0,"key":"Energy Potion"},{"floor":11.0,"key":"SpeedPotion"},{"floor":13.0,"key":"Strength Potion"},{"floor":23.0,"key":"Dexterity Potion"},{"floor":30.0,"key":"BloodPotion"},{"floor":33.0,"key":"Poison Potion"}],"is_trial":false,"path_per_floor":["M","M","?","?","?","R","E","?","T","?","E","M","E","M","R","B",null,"M","?","$","?","M","E","?","R","T","R","M","R","E","M","R","B",null,"M","$","?","M","T","E","R","E","T","M","M","M","$","E","R","B","B",null,"R","$","E","B"],"character_chosen":"IRONCLAD","items_purchased":["Reaper","Inflame","Shrug It Off","Immolate","Demon Form"],"campfire_rested":0,"item_purchase_floors":[20,20,20,36,47],"current_hp_per_floor":[72,70,47,52,52,52,19,39,39,39,34,35,26,34,34,31,62,60,60,60,60,54,48,48,48,48,48,52,52,72,72,72,72,72,72,72,62,72,72,52,52,42,42,72,72,72,72,82,82,82,43,72,72,72,44,0],"gold":100,"neow_bonus":"RANDOM_COMMON_RELIC","is_prod":false,"is_daily":false,"chose_seed":false,"campfire_upgraded":8,"win_rate":0,"timestamp":1553873088,"path_taken":["M","M","?","?","?","R","E","?","T","?","E","M","E","M","R","BOSS","M","?","$","?","M","E","?","R","T","R","M","R","E","?","R","BOSS","M","$","?","M","?","E","R","E","T","M","?","M","$","E","R","BOSS","BOSS","R","$","E","BOSS"],"build_version":"2019-01-23","purchased_purges":2,"victory":false,"max_hp_per_floor":[75,75,75,80,80,80,80,80,80,72,72,72,72,72,72,72,72,72,72,72,72,72,72,72,72,72,72,72,72,72,72,72,72,72,72,72,72,72,72,72,72,72,72,72,72,72,72,82,82,82,82,82,82,82,82,82],"card_choices":[{"not_picked":["Entrench","Infernal Blade"],"picked":"Spot Weakness","floor":1.0},{"not_picked":["Carnage","Body Slam"],"picked":"Pummel","floor":2.0},{"not_picked":["Wild Strike","Combust"],"picked":"Cleave","floor":7.0},{"not_picked":["Cleave","Clothesline"],"picked":"Flame Barrier","floor":11.0},{"not_picked":["Intimidate","Burning Pact"],"picked":"Uppercut","floor":12.0},{"not_picked":["Perfected Strike","Clash"],"picked":"Infernal Blade","floor":13.0},{"not_picked":["Armaments","Fire Breathing"],"picked":"Disarm","floor":14.0},{"not_picked":["Brutality","Dark Embrace"],"picked":"Exhume","floor":16.0},{"not_picked":["Pommel Strike","Entrench"],"picked":"Spot Weakness+1","floor":18.0},{"not_picked":["Clothesline","True Grit+1"],"picked":"Corruption+1","floor":22.0},{"not_picked":["Spot Weakness","Searing Blow"],"picked":"Battle Trance","floor":23.0},{"not_picked":["Cleave","Headbutt"],"picked":"Armaments+1","floor":28.0},{"not_picked":["Headbutt","Metallicize"],"picked":"Dual Wield","floor":30.0},{"not_picked":["Body Slam","Flex"],"picked":"Evolve","floor":31.0},{"not_picked":["Juggernaut","Brutality"],"picked":"Double Tap","floor":33.0},{"not_picked":["Flex","Metallicize+1"],"picked":"True Grit+1","floor":35.0},{"not_picked":["Panacea","Secret Technique"],"picked":"Mind Blast","floor":37.0},{"not_picked":["Thunderclap","Sever Soul"],"picked":"Body Slam+1","floor":38.0},{"not_picked":["Reckless Charge","Rupture"],"picked":"Entrench+1","floor":40.0},{"not_picked":["Clash","Blood for Blood","Armaments"],"picked":"SKIP","floor":42.0},{"not_picked":["Bloodletting","Body Slam","Pommel Strike"],"picked":"SKIP","floor":44},{"not_picked":["Corruption","Rupture","Dropkick+1"],"picked":"SKIP","floor":45},{"not_picked":["Iron Wave+1","Clothesline","Armaments"],"picked":"SKIP","floor":46},{"not_picked":["Fiend Fire","Anger+1","Twin Strike"],"picked":"SKIP","floor":48},{"not_picked":["Dropkick+1","Bloodletting+1","Perfected Strike"],"picked":"SKIP","floor":55}],"player_experience":1501395,"relics_obtained":[{"floor":7.0,"key":"Pen Nib"},{"floor":9.0,"key":"Boot"},{"floor":11.0,"key":"Blood Vial"},{"floor":13.0,"key":"Orichalcum"},{"floor":23.0,"key":"Bag of Preparation"},{"floor":26.0,"key":"Bag of Marbles"},{"floor":30.0,"key":"War Paint"},{"floor":39.0,"key":"Bottled Lightning"},{"floor":40.0,"key":"Darkstone Periapt"},{"floor":42.0,"key":"Champion Belt"},{"floor":48,"key":"Pear"},{"floor":55,"key":"Anchor"}],"event_choices":[{"damage_healed":0.0,"max_hp_gain":0.0,"max_hp_loss":0.0,"gold_gain":0.0,"event_name":"Shining Light","player_choice":"Entered Light","floor":3.0,"gold_loss":0.0,"damage_taken":23.0,"cards_upgraded":["Defend_R","Strike_R"]},{"damage_healed":0.0,"max_hp_gain":5.0,"max_hp_loss":0.0,"gold_gain":0.0,"event_name":"Big Fish","player_choice":"Donut","floor":4.0,"gold_loss":0.0,"damage_taken":0.0},{"damage_healed":0.0,"max_hp_gain":0.0,"max_hp_loss":0.0,"gold_gain":0.0,"event_name":"Liars Game","player_choice":"Ignored","floor":5.0,"gold_loss":0.0,"damage_taken":0.0},{"damage_healed":20.0,"max_hp_gain":0.0,"max_hp_loss":0.0,"gold_gain":0.0,"event_name":"The Cleric","player_choice":"Healed","floor":8.0,"gold_loss":35.0,"damage_taken":0.0},{"damage_healed":0.0,"max_hp_gain":0.0,"max_hp_loss":8.0,"gold_gain":0.0,"event_name":"Golden Idol","player_choice":"Lose Max HP","floor":10.0,"gold_loss":0.0,"damage_taken":0.0,"relics_obtained":["Golden Idol"]},{"damage_healed":0.0,"max_hp_gain":0.0,"max_hp_loss":0.0,"gold_gain":50.0,"event_name":"Nest","player_choice":"Stole From Cult","floor":19.0,"gold_loss":0.0,"damage_taken":0.0},{"damage_healed":0.0,"max_hp_gain":0.0,"max_hp_loss":0.0,"gold_gain":0.0,"event_name":"Vampires","player_choice":"Ignored","floor":21.0,"gold_loss":0.0,"damage_taken":0.0},{"damage_healed":0.0,"max_hp_gain":0.0,"max_hp_loss":0.0,"gold_gain":0.0,"cards_transformed":["Strike_R"],"event_name":"Transmorgrifier","player_choice":"Transformed","floor":24.0,"gold_loss":0.0,"damage_taken":0.0,"cards_obtained":["Entrench"]},{"damage_healed":0.0,"max_hp_gain":0.0,"max_hp_loss":0.0,"gold_gain":0.0,"event_name":"SensoryStone","player_choice":"Memory 3","floor":37.0,"gold_loss":0.0,"damage_taken":10.0}],"is_beta":false,"boss_relics":[{"not_picked":["Tiny House","Eternal Feather"],"picked":"Mark of Pain"},{"not_picked":["Runic Dome","Fusion Hammer"],"picked":"Snecko Eye"}],"items_purged_floors":[20,36],"is_endless":false,"potions_floor_spawned":[1,2,11,13,23,28,30,33,38,42,46],"killed_by":"The Heart","ascension_level":20}