{"gold_per_floor":[116,116,266,8,23,23,44,44,44,44,44,85,85,116,116,212,212,231,231,231,18,39,39,79,93,93,93],"floor_reached":27,"playtime":912,"items_purged":["Doubt"],"score":674,"play_id":"79eab802-cd74-44b0-af7c-5d6d069ae0f9","local_time":"20190822231047","is_ascension_mode":true,"campfire_choices":[{"data":"Zap","floor":6.0,"key":"SMITH"},{"data":"Self Repair","floor":8.0,"key":"SMITH"},{"data":"Sweeping Beam","floor":10.0,"key":"SMITH"},{"data":"Doom and Gloom","floor":13.0,"key":"SMITH"},{"data":"Cold Snap","floor":15.0,"key":"SMITH"},{"data":"Loop","floor":23.0,"key":"SMITH"}],"neow_cost":"NONE","seed_source_timestamp":0,"circlet_count":0,"master_deck":["AscendersBane","Strike_B+1","Strike_B+1","Strike_B+1","Strike_B+1","Defend_B+1","Defend_B+1","Defend_B+1","Defend_B+1","Zap+1","Dualcast+1","Ball Lightning+1","Self Repair+1","Sweeping Beam+1","Compile Driver","Cold Snap+1","Doom and Gloom+1","Echo Form","Conserve Battery","Loop+1","Glacier+1","Chill"],"special_seed":0,"relics":["Cracked Core","Golden Idol","Torii","War Paint","Oddly Smooth Stone","Philosopher\u0027s Stone","Bird Faced Urn","DataDisk","Happy Flower","Pen Nib"],"potions_floor_usage":[],"damage_taken":[{"damage":5.0,"enemies":"Small Slimes","floor":1.0,"turns":3.0},{"damage":4.0,"enemies":"2 Louse","floor":5.0,"turns":3.0},{"damage":2.0,"enemies":"Jaw Worm","floor":7.0,"turns":3.0},{"damage":8.0,"enemies":"Gremlin Nob","floor":12.0,"turns":3.0},{"damage":21.0,"enemies":"Lagavulin","floor":14.0,"turns":5.0},{"damage":8.0,"enemies":"Hexaghost","floor":16.0,"turns":9.0},{"damage":9.0,"enemies":"3 Byrds","floor":18.0,"turns":5.0},{"damage":42.0,"enemies":"Shell Parasite","floor":22.0,"turns":4.0},{"damage":37.0,"enemies":"Book of Stabbing","floor":24.0,"turns":6.0},{"damage":18.0,"enemies":"Shelled Parasite and Fungi","floor":25.0,"turns":5.0},{"damage":37,"enemies":"Slavers","floor":27,"turns":1}],"seed_played":"1094758927720040270","potions_obtained":[{"floor":7.0,"key":"Block Potion"}],"is_trial":false,"path_per_floor":["M","?","?","$","M","R","M","R","T","R","?","E","R","E","R","B",null,"M","?","T","$","M","R","E","M","T","E"],"character_chosen":"DEFECT","items_purchased":["Self Repair","Sweeping Beam","FocusPotion","DataDisk","Loop"],"campfire_rested":0,"item_purchase_floors":[4,4,4,21,21],"current_hp_per_floor":[59,59,59,59,62,62,64,64,64,64,64,64,64,53,53,55,62,63,63,63,63,50,50,29,27,27,0],"gold":93,"neow_bonus":"THREE_CARDS","is_prod":false,"is_daily":false,"chose_seed":false,"campfire_upgraded":6,"win_rate":0,"timestamp":1566508247,"path_taken":["M","?","?","$","M","R","M","R","T","R","?","E","R","E","R","BOSS","M","?","?","?","M","R","E","M","T","E"],"build_version":"2019-07-17","purchased_purges":1,"victory":false,"max_hp_per_floor":[71,64,64,64,64,64,64,64,64,64,64,64,64,64,64,64,64,64,64,64,64,64,64,64,64,64,64],"card_choices":[{"not_picked":["Streamline","Coolheaded"],"picked":"Sweeping Beam","floor":0.0},{"not_picked":["Leap","Beam Cell"],"picked":"Ball Lightning","floor":1.0},{"not_picked":["Hologram","Rebound"],"picked":"Compile Driver","floor":5.0},{"not_picked":["Storm","White Noise"],"picked":"Cold Snap","floor":7.0},{"not_picked":["Sweeping Beam","Leap"],"picked":"Doom and Gloom","floor":12.0},{"not_picked":["Beam Cell","Stack","Barrage"],"picked":"SKIP","floor":14.0},{"not_picked":["Meteor Strike","Electrodynamics"],"picked":"Echo Form","floor":16.0},{"not_picked":["Stack","Turbo"],"picked":"Conserve Battery","floor":18.0},{"not_picked":["Aggregate","Stack","Sunder"],"picked":"SKIP","floor":22.0},{"not_picked":["Hologram","Turbo"],"picked":"Glacier+1","floor":24.0},{"not_picked":["Chaos","Leap"],"picked":"Chill","floor":25.0}],"player_experience":1953966,"relics_obtained":[{"floor":9.0,"key":"Torii"},{"floor":12.0,"key":"War Paint"},{"floor":14.0,"key":"Oddly Smooth Stone"},{"floor":20.0,"key":"Bird Faced Urn"},{"floor":24.0,"key":"Happy Flower"},{"floor":26.0,"key":"Pen Nib"}],"event_choices":[{"damage_healed":0.0,"max_hp_gain":0.0,"max_hp_loss":7.0,"gold_gain":0.0,"event_name":"Golden Idol","player_choice":"Lose Max HP","floor":2.0,"gold_loss":0.0,"damage_taken":0.0,"relics_obtained":["Golden Idol"]},{"damage_healed":0.0,"max_hp_gain":0.0,"max_hp_loss":0.0,"gold_gain":150.0,"event_name":"Liars Game","player_choice":"AGREE","floor":3.0,"gold_loss":0.0,"damage_taken":0.0,"cards_obtained":["Doubt"]},{"damage_healed":0.0,"max_hp_gain":0.0,"max_hp_loss":0.0,"gold_gain":0.0,"event_name":"Living Wall","player_choice":"Grow","floor":11.0,"gold_loss":0.0,"damage_taken":0.0,"cards_upgraded":["Ball Lightning"]},{"damage_healed":0.0,"max_hp_gain":0.0,"max_hp_loss":0.0,"gold_gain":0.0,"event_name":"Back to Basics","player_choice":"Simplicity","floor":19.0,"gold_loss":0.0,"damage_taken":0.0,"cards_upgraded":["Strike_B","Strike_B","Strike_B","Strike_B","Defend_B","Defend_B","Defend_B"]}],"is_beta":false,"boss_relics":[{"not_picked":["Black Star","Inserter"],"picked":"Philosopher\u0027s Stone"}],"items_purged_floors":[4],"is_endless":false,"potions_floor_spawned":[7,12,16],"killed_by":"Slavers","ascension_level":20}