{"gold_per_floor":[109,121,121,196,196,196,260,260,260,273,35,53,65,78,78,173,223,237,247,266,35,35],"floor_reached":22,"playtime":834,"items_purged":[],"score":213,"play_id":"0a220095-0ee6-4ace-b6a1-51b7897b3e59","local_time":"20190623000906","is_ascension_mode":false,"campfire_choices":[{"floor":6.0,"key":"REST"},{"floor":8.0,"key":"REST"},{"data":"Noxious Fumes","floor":15.0,"key":"SMITH"}],"neow_cost":"NONE","seed_source_timestamp":524996613423093,"circlet_count":0,"master_deck":["Defend_G","Defend_G","Defend_G","Defend_G","Defend_G","Strike_G","Strike_G","Strike_G","Strike_G","Strike_G","Survivor","Neutralize","Outmaneuver","Slice+1","Deflect","Neutralize","Caltrops","Blur","Blade Dance","Catalyst","Sucker Punch+1","Flying Knee","Flying Knee","Noxious Fumes+1","Night Terror","Cloak And Dagger","Escape Plan+1","Leg Sweep","Quick Slash+1","Caltrops"],"special_seed":0,"relics":["Ring of the Snake","NeowsBlessing","Snake Skull","Tiny Chest","PreservedInsect","Omamori","Tiny House","Whetstone"],"potions_floor_usage":[20,20],"damage_taken":[{"damage":0.0,"enemies":"Small Slimes","floor":1.0,"turns":1.0},{"damage":0.0,"enemies":"2 Louse","floor":2.0,"turns":1.0},{"damage":0.0,"enemies":"Lagavulin","floor":7.0,"turns":1.0},{"damage":0.0,"enemies":"Cultist","floor":10.0,"turns":4.0},{"damage":1.0,"enemies":"Blue Slaver","floor":12.0,"turns":4.0},{"damage":5.0,"enemies":"Large Slime","floor":13.0,"turns":7.0},{"damage":1.0,"enemies":"2 Fungi Beasts","floor":14.0,"turns":4.0},{"damage":32.0,"enemies":"Hexaghost","floor":16.0,"turns":10.0},{"damage":19,"enemies":"3 Byrds","floor":18,"turns":5},{"damage":38,"enemies":"Chosen","floor":19,"turns":7},{"damage":19,"enemies":"Centurion and Healer","floor":20,"turns":11},{"damage":21,"enemies":"3 Cultists","floor":22,"turns":4}],"seed_played":"-8701205730677971203","potions_obtained":[{"floor":10.0,"key":"SkillPotion"},{"floor":13.0,"key":"Explosive Potion"},{"floor":14.0,"key":"EssenceOfSteel"},{"floor":17.0,"key":"Regen Potion"},{"floor":18,"key":"Ancient Potion"}],"is_trial":false,"path_per_floor":["M","M","?","?","?","R","E","R","T","M","$","M","M","M","R","B",null,"M","M","M","$","M"],"character_chosen":"THE_SILENT","items_purchased":["Catalyst","Omamori","Sucker Punch","Caltrops","Whetstone"],"campfire_rested":2,"item_purchase_floors":[11,11,11,21,21],"current_hp_per_floor":[70,70,37,26,26,47,47,68,68,68,68,67,62,61,61,29,75,56,18,14,14,0],"gold":35,"neow_bonus":"THREE_ENEMY_KILL","is_prod":false,"is_daily":false,"chose_seed":false,"campfire_upgraded":1,"win_rate":0,"timestamp":1561216146,"path_taken":["M","M","?","?","?","R","E","R","T","M","$","M","M","M","R","BOSS","M","M","M","$","M"],"build_version":"2019-01-23","purchased_purges":0,"victory":false,"max_hp_per_floor":[70,70,70,70,70,70,70,70,70,70,70,70,70,70,70,70,75,75,75,75,75,75],"card_choices":[{"not_picked":["Dodge and Roll","Cloak And Dagger"],"picked":"Outmaneuver","floor":1.0},{"not_picked":["Dagger Spray","PiercingWail"],"picked":"Slice","floor":2.0},{"not_picked":["Dagger Spray","Endless Agony"],"picked":"Blur","floor":7.0},{"not_picked":["Backflip","Deflect"],"picked":"Blade Dance","floor":10.0},{"not_picked":["Setup","Deflect"],"picked":"Flying Knee","floor":12.0},{"not_picked":["Prepared","Reflex"],"picked":"Flying Knee","floor":13.0},{"not_picked":["Underhanded Strike","Sucker Punch"],"picked":"Noxious Fumes","floor":14.0},{"not_picked":["A Thousand Cuts","Bullet Time"],"picked":"Night Terror","floor":16.0},{"not_picked":["Slice","Dagger Spray"],"picked":"Cloak And Dagger","floor":17.0},{"not_picked":["Tools of the Trade","Flying Knee"],"picked":"Escape Plan+1","floor":18},{"not_picked":["Dagger Spray+1","Choke"],"picked":"Leg Sweep","floor":19},{"not_picked":["Outmaneuver","PiercingWail+1"],"picked":"Quick Slash","floor":20}],"player_experience":198148,"relics_obtained":[{"floor":7.0,"key":"Tiny Chest"},{"floor":9.0,"key":"PreservedInsect"}],"event_choices":[{"damage_healed":0.0,"max_hp_gain":0.0,"max_hp_loss":0.0,"gold_gain":0.0,"event_name":"Scrap Ooze","player_choice":"Success","floor":3.0,"gold_loss":0.0,"damage_taken":33.0,"relics_obtained":["Snake Skull"]},{"damage_healed":0.0,"max_hp_gain":0.0,"max_hp_loss":0.0,"gold_gain":75.0,"event_name":"World of Goop","player_choice":"Gather Gold","floor":4.0,"gold_loss":0.0,"damage_taken":11.0},{"damage_healed":0.0,"max_hp_gain":0.0,"max_hp_loss":0.0,"gold_gain":0.0,"event_name":"Match and Keep!","player_choice":"3 cards matched","floor":5.0,"gold_loss":0.0,"damage_taken":0.0,"cards_obtained":["Deflect","Neutralize","Caltrops"]}],"is_beta":false,"boss_relics":[{"not_picked":["Astrolabe","Ring of the Serpent"],"picked":"Tiny House"}],"items_purged_floors":[],"is_endless":false,"potions_floor_spawned":[10,13,14,18],"killed_by":"3 Cultists","ascension_level":0}