{"gold_per_floor":[362,19,36,46,46,46,73,73,98,126,141,141,141,157,157,157],"floor_reached":16,"playtime":568,"items_purged":["Strike_R"],"score":204,"play_id":"2833c1e6-0b1d-4fc3-ac7c-54512b26dd97","local_time":"20181126163450","is_ascension_mode":true,"campfire_choices":[{"data":"Body Slam","floor":6,"key":"SMITH"},{"data":"Whirlwind","floor":8,"key":"SMITH"},{"data":"Warcry","floor":13,"key":"SMITH"},{"data":"Inflame","floor":15,"key":"SMITH"}],"neow_cost":"PERCENT_DAMAGE","seed_source_timestamp":19678622566707,"circlet_count":0,"master_deck":["AscendersBane","Strike_R","Strike_R","Strike_R","Defend_R","Defend_R","Defend_R","Defend_R","Bash","Warcry+1","Spot Weakness","Shrug It Off","Sword Boomerang","Hemokinesis","Iron Wave","Body Slam+1","Spot Weakness","Whirlwind+1","Pommel Strike","Shrug It Off","Inflame+1"],"relics":["Burning Blood","Art of War","Oddly Smooth Stone","Gambling Chip"],"potions_floor_usage":[10],"damage_taken":[{"damage":12,"enemies":"Cultist","floor":1,"turns":4},{"damage":3,"enemies":"Small Slimes","floor":3,"turns":5},{"damage":1,"enemies":"2 Louse","floor":4,"turns":3},{"damage":34,"enemies":"Gremlin Nob","floor":7,"turns":5},{"damage":19,"enemies":"Lagavulin","floor":10,"turns":6},{"damage":1,"enemies":"Blue Slaver","floor":11,"turns":3},{"damage":5,"enemies":"Red Slaver","floor":14,"turns":3},{"damage":21,"enemies":"The Guardian","floor":16,"turns":4}],"seed_played":"965796344427896696","potions_obtained":[{"floor":7,"key":"Dexterity Potion"}],"is_trial":false,"path_per_floor":["M","$","M","M","?","R","E","R","T","E","M","?","R","M","R","B"],"character_chosen":"IRONCLAD","items_purchased":["Spot Weakness","Shrug It Off","Sword Boomerang","Hemokinesis"],"campfire_rested":0,"item_purchase_floors":[2,2,2,2],"current_hp_per_floor":[44,44,47,52,52,52,24,24,24,11,16,16,16,17,17,0],"gold":157,"neow_bonus":"TWO_FIFTY_GOLD","is_prod":false,"is_daily":false,"chose_seed":false,"campfire_upgraded":4,"win_rate":0,"timestamp":1543246490,"path_taken":["M","$","M","?","?","R","E","R","T","E","?","?","R","M","R","BOSS"],"build_version":"2018-11-15","purchased_purges":1,"victory":false,"max_hp_per_floor":[75,75,75,75,75,75,75,75,75,75,75,75,75,75,75,75],"card_choices":[{"not_picked":["Perfected Strike","Thunderclap"],"picked":"Warcry","floor":1},{"not_picked":["Clash","Fire Breathing"],"picked":"Iron Wave","floor":3},{"not_picked":["Feel No Pain","Clash"],"picked":"Body Slam","floor":4},{"not_picked":["Fire Breathing","Corruption"],"picked":"Whirlwind","floor":7},{"not_picked":["Spot Weakness","Dual Wield"],"picked":"Pommel Strike","floor":10},{"not_picked":["Clothesline","Cleave"],"picked":"Shrug It Off","floor":11},{"not_picked":["Combust","Battle Trance"],"picked":"Inflame","floor":14}],"player_experience":888715,"relics_obtained":[{"floor":7,"key":"Art of War"},{"floor":9,"key":"Oddly Smooth Stone"},{"floor":10,"key":"Gambling Chip"}],"event_choices":[{"damage_healed":0,"gold_gain":0,"cards_transformed":["Strike_R"],"player_choice":"Transformed","damage_taken":0,"max_hp_gain":0,"max_hp_loss":0,"event_name":"Transmorgrifier","floor":5,"gold_loss":0,"cards_obtained":["Spot Weakness"]},{"damage_healed":0,"gold_gain":0,"player_choice":"Ignored","damage_taken":0,"max_hp_gain":0,"max_hp_loss":0,"event_name":"Shining Light","floor":12,"gold_loss":0}],"is_beta":true,"boss_relics":[],"items_purged_floors":[2],"is_endless":false,"potions_floor_spawned":[7],"killed_by":"The Guardian","ascension_level":17}