{"gold_per_floor":[119,119,138,313,313,351,374,374,374,374,397,415,436,451,451,580,580,605,530,530,553,553,553,587,587,587,587,601,625,625,645,645,645],"floor_reached":33,"playtime":1479,"items_purged":[],"score":294,"play_id":"055b9e28-ae91-4c66-bb2e-31c733849f1f","local_time":"20190925182037","is_ascension_mode":false,"campfire_choices":[{"data":"Zap","floor":8.0,"key":"SMITH"},{"data":"Conserve Battery","floor":10.0,"key":"SMITH"},{"data":"Ball Lightning","floor":15.0,"key":"SMITH"},{"floor":23,"key":"REST"},{"floor":25,"key":"REST"},{"floor":27,"key":"REST"},{"floor":30,"key":"REST"},{"floor":32,"key":"REST"}],"neow_cost":"NONE","seed_source_timestamp":0,"circlet_count":0,"master_deck":["Strike_B","Defend_B","Defend_B","Defend_B","Defend_B","Zap+1","Dualcast","Leap","Conserve Battery","Doubt","Redo","Conserve Battery+1","FTL","Hologram","Ball Lightning+1","Multi-Cast","Echo Form","Redo+1","Go for the Eyes+1","White Noise+1","Hologram+1","Static Discharge","Heatsinks+1","Amplify+1"],"special_seed":0,"relics":["Cracked Core","NeowsBlessing","Golden Idol","Blue Candle","Omamori","Empty Cage","Toxic Egg 2","Kunai","Emotion Chip"],"potions_floor_usage":[24,33,33],"damage_taken":[{"damage":0.0,"enemies":"Jaw Worm","floor":1.0,"turns":1.0},{"damage":0.0,"enemies":"2 Louse","floor":3.0,"turns":1.0},{"damage":0.0,"enemies":"Gremlin Nob","floor":6.0,"turns":1.0},{"damage":0.0,"enemies":"Small Slimes","floor":7.0,"turns":3.0},{"damage":0.0,"enemies":"3 Louse","floor":11.0,"turns":2.0},{"damage":1.0,"enemies":"Looter","floor":12.0,"turns":3.0},{"damage":5.0,"enemies":"Blue Slaver","floor":13.0,"turns":3.0},{"damage":8.0,"enemies":"Exordium Thugs","floor":14.0,"turns":4.0},{"damage":20.0,"enemies":"The Guardian","floor":16.0,"turns":11.0},{"damage":8,"enemies":"Spheric Guardian","floor":18,"turns":6},{"damage":25,"enemies":"Shell Parasite","floor":21,"turns":6},{"damage":51,"enemies":"Slavers","floor":24,"turns":6},{"damage":27,"enemies":"3 Cultists","floor":28,"turns":5},{"damage":14,"enemies":"Snecko","floor":29,"turns":5},{"damage":17,"enemies":"Snake Plant","floor":31,"turns":4},{"damage":56,"enemies":"Champ","floor":33,"turns":10}],"seed_played":"2785619934880658052","potions_obtained":[{"floor":6.0,"key":"LiquidBronze"},{"floor":13.0,"key":"Regen Potion"},{"floor":14.0,"key":"Ancient Potion"},{"floor":18,"key":"PowerPotion"},{"floor":28,"key":"Regen Potion"},{"floor":31,"key":"Dexterity Potion"}],"is_trial":false,"path_per_floor":["M","$","M","?","?","E","M","R","T","R","M","M","M","M","R","B",null,"M","?","T","M","?","R","E","R","T","R","M","M","R","M","R","B"],"character_chosen":"DEFECT","items_purchased":[],"campfire_rested":5,"item_purchase_floors":[],"current_hp_per_floor":[75,75,75,75,57,57,57,57,57,57,57,56,51,43,43,38,75,67,67,67,42,42,64,13,35,35,57,30,16,38,21,43,0],"gold":645,"neow_bonus":"THREE_ENEMY_KILL","is_prod":false,"is_daily":false,"chose_seed":false,"campfire_upgraded":3,"win_rate":0,"timestamp":1569406837,"path_taken":["M","$","M","?","?","E","M","R","T","R","M","M","M","M","R","BOSS","M","?","?","M","?","R","E","R","T","R","M","M","R","M","R","BOSS"],"build_version":"2019-07-17","purchased_purges":0,"victory":false,"max_hp_per_floor":[75,75,75,75,75,75,75,75,75,75,75,75,75,75,75,75,75,75,75,75,75,75,75,75,75,75,75,75,75,75,75,75,75],"card_choices":[{"not_picked":["Compile Driver","Sweeping Beam"],"picked":"Leap","floor":1.0},{"not_picked":["Steam","Barrage"],"picked":"Conserve Battery","floor":3.0},{"not_picked":["Lockon","Fusion"],"picked":"Redo","floor":6.0},{"not_picked":["Rebound","Coolheaded"],"picked":"Conserve Battery","floor":7.0},{"not_picked":["Gash","Skim"],"picked":"FTL","floor":11.0},{"not_picked":["Chaos","Glacier"],"picked":"Hologram","floor":12.0},{"not_picked":["Conserve Battery","Stack"],"picked":"Ball Lightning","floor":13.0},{"not_picked":["Sweeping Beam","Lockon"],"picked":"Multi-Cast","floor":14.0},{"not_picked":["Amplify","Reboot"],"picked":"Echo Form","floor":16.0},{"not_picked":["Cold Snap+1","Ball Lightning"],"picked":"Redo+1","floor":18},{"not_picked":["Rebound","Stack+1"],"picked":"Go for the Eyes+1","floor":21},{"not_picked":["Sweeping Beam","Glacier+1"],"picked":"Hologram+1","floor":24},{"not_picked":["Barrage+1","Doom and Gloom"],"picked":"Static Discharge","floor":28},{"not_picked":["Aggregate+1","Rip and Tear"],"picked":"Heatsinks+1","floor":29},{"not_picked":["Self Repair","BootSequence+1"],"picked":"Amplify+1","floor":31}],"player_experience":222529,"relics_obtained":[{"floor":6.0,"key":"Blue Candle"},{"floor":9.0,"key":"Omamori"},{"floor":20,"key":"Toxic Egg 2"},{"floor":24,"key":"Kunai"},{"floor":26,"key":"Emotion Chip"}],"event_choices":[{"damage_healed":0.0,"max_hp_gain":0.0,"max_hp_loss":0.0,"gold_gain":175.0,"event_name":"Liars Game","player_choice":"AGREE","floor":4.0,"gold_loss":0.0,"damage_taken":0.0,"cards_obtained":["Doubt"]},{"damage_healed":0.0,"max_hp_gain":0.0,"max_hp_loss":0.0,"gold_gain":0.0,"event_name":"Golden Idol","player_choice":"Take Damage","floor":5.0,"gold_loss":0.0,"damage_taken":18.0,"relics_obtained":["Golden Idol"]},{"cards_removed":["Strike_B"],"damage_healed":0,"gold_gain":0,"player_choice":"Gave Gold","damage_taken":0,"max_hp_gain":0,"max_hp_loss":0,"event_name":"Beggar","floor":19,"gold_loss":75},{"damage_healed":0,"gold_gain":0,"player_choice":"Read","damage_taken":0,"max_hp_gain":0,"max_hp_loss":0,"event_name":"The Library","floor":22,"gold_loss":0,"cards_obtained":["White Noise"]}],"is_beta":false,"boss_relics":[{"not_picked":["Philosopher\u0027s Stone","Cursed Key"],"picked":"Empty Cage"}],"items_purged_floors":[],"is_endless":false,"potions_floor_spawned":[6,13,14,18,28,31],"killed_by":"Champ","ascension_level":0}