{"gold_per_floor":[212,362,16,16,33,63,63,93,93,93,104,104,80,100,100,174,174,145,95,108,108,121,121,121,121,145,155,180,180,205,205],"floor_reached":31,"playtime":1206,"items_purged":["Doubt"],"score":562,"play_id":"e23f4a36-c56c-4232-8e06-b60d22d0af72","local_time":"20190209013804","is_ascension_mode":true,"campfire_choices":[{"data":"Bash","floor":7,"key":"SMITH"},{"data":"Shockwave","floor":12,"key":"SMITH"},{"data":"Metallicize","floor":15,"key":"SMITH"},{"data":"Limit Break","floor":23,"key":"SMITH"},{"data":"Uppercut","floor":25,"key":"SMITH"},{"floor":29,"key":"REST"}],"neow_cost":"NONE","seed_source_timestamp":49021505457276,"circlet_count":0,"master_deck":["AscendersBane","Bash+1","Cleave","Clothesline+1","hubris:CleavingFinish","Metallicize+1","Shockwave+1","Shrug It Off","Metallicize+1","Limit Break+1","Spot Weakness","Rampage","Twin Strike","Uppercut+1","Seeing Red","Pummel","Heavy Blade","Bloodletting","Power Through","Burning Pact","Demon Form","Limit Break+1","Armaments","Whirlwind+1","Corruption"],"relics":["Burning Blood","Bronze Scales","Ancient Tea Set","hubris:ToyBattleship","Letter Opener","Nunchaku","Pandora\u0027s Box","hubris:ChampionShield","infinitespire:Eraser","Vajra"],"potions_floor_usage":[28,28],"damage_taken":[{"damage":7,"enemies":"Jaw Worm","floor":1,"turns":5},{"damage":0,"enemies":"Small Slimes","floor":5,"turns":2},{"damage":24,"enemies":"Gremlin Nob","floor":6,"turns":4},{"damage":45,"enemies":"3 Sentries","floor":8,"turns":10},{"damage":0,"enemies":"Cultist","floor":11,"turns":3},{"damage":0,"enemies":"Red Slaver","floor":14,"turns":3},{"damage":13,"enemies":"Hexaghost","floor":16,"turns":10},{"damage":21,"enemies":"2 Thieves","floor":18,"turns":4},{"damage":12,"enemies":"3 Byrds","floor":20,"turns":3},{"damage":6,"enemies":"Centurion and Healer","floor":22,"turns":6},{"damage":9,"enemies":"Snecko","floor":27,"turns":4},{"damage":21,"enemies":"Book of Stabbing","floor":28,"turns":3},{"damage":36,"enemies":"Slavers","floor":30,"turns":4},{"damage":17,"enemies":"Chosen and Byrds","floor":31,"turns":3}],"seed_played":"-5992473630897843803","potions_obtained":[{"floor":5,"key":"SteroidPotion"},{"floor":8,"key":"Weak Potion"},{"floor":20,"key":"SkillPotion"}],"is_trial":false,"path_per_floor":["M","?","$","?","M","E","R","E","T","?","M","R","$","M","R","B",null,"M","?","M","$","M","R","?","R","T","M","E","R","E","M"],"character_chosen":"IRONCLAD","items_purchased":["Clothesline","Bronze Scales","hubris:CleavingFinish","Shrug It Off"],"campfire_rested":1,"item_purchase_floors":[3,3,3,13],"current_hp_per_floor":[67,67,67,67,73,55,55,16,16,16,22,22,22,28,28,21,62,47,47,41,41,41,41,41,41,41,38,23,45,15,0],"gold":205,"neow_bonus":"HUNDRED_GOLD","is_prod":false,"is_daily":false,"chose_seed":false,"campfire_upgraded":5,"win_rate":0,"timestamp":1549672684,"path_taken":["M","?","$","?","M","E","R","E","T","?","?","R","?","M","R","BOSS","M","?","?","$","?","R","?","R","T","M","E","R","E","M"],"build_version":"2019-01-23","purchased_purges":1,"victory":false,"max_hp_per_floor":[75,75,75,75,75,75,75,75,75,75,75,75,75,75,75,75,75,75,75,75,75,75,75,75,75,75,75,75,75,75,75],"card_choices":[{"not_picked":["Feel No Pain","hubris:ReadiedAction"],"picked":"Cleave","floor":1},{"not_picked":["Warcry","Second Wind","Headbutt"],"picked":"SKIP","floor":5},{"not_picked":["Perfected Strike","Power Through","Clothesline"],"picked":"SKIP","floor":6},{"not_picked":["hubris:ReadiedAction","Reckless Charge"],"picked":"Metallicize","floor":8},{"not_picked":["True Grit","Perfected Strike"],"picked":"Shockwave","floor":11},{"not_picked":["Wild Strike","Havoc"],"picked":"Metallicize","floor":14},{"not_picked":["Impervious","hubris:StunningStrike"],"picked":"Limit Break","floor":16},{"not_picked":["Wild Strike","Dual Wield","Sword Boomerang"],"picked":"SKIP","floor":18},{"not_picked":["Thunderclap","Iron Wave"],"picked":"Burning Pact","floor":20},{"not_picked":["Warcry","hubris:CleavingFinish"],"picked":"Demon Form","floor":22},{"not_picked":["hubris:ReadiedAction","Intimidate"],"picked":"Armaments","floor":27},{"not_picked":["Dark Embrace","hubris:ReadiedAction"],"picked":"Whirlwind+1","floor":28},{"not_picked":["Cleave","Sword Boomerang"],"picked":"Corruption","floor":30}],"player_experience":1234421,"relics_obtained":[{"floor":6,"key":"Ancient Tea Set"},{"floor":8,"key":"hubris:ToyBattleship"},{"floor":9,"key":"Letter Opener"},{"floor":26,"key":"hubris:ChampionShield"},{"floor":28,"key":"infinitespire:Eraser"},{"floor":30,"key":"Vajra"}],"event_choices":[{"damage_healed":0,"gold_gain":150,"player_choice":"AGREE","damage_taken":0,"max_hp_gain":0,"max_hp_loss":0,"event_name":"Liars Game","floor":2,"gold_loss":0,"cards_obtained":["Doubt"]},{"damage_healed":0,"gold_gain":0,"player_choice":"Upgraded","damage_taken":0,"max_hp_gain":0,"max_hp_loss":0,"event_name":"Upgrade Shrine","floor":10,"gold_loss":0,"cards_upgraded":["Metallicize"]},{"damage_healed":0,"gold_gain":0,"player_choice":"Bet on Murderer","damage_taken":0,"max_hp_gain":0,"max_hp_loss":0,"event_name":"The Joust","floor":19,"gold_loss":50},{"damage_healed":0,"gold_gain":0,"player_choice":"Copied","damage_taken":0,"max_hp_gain":0,"max_hp_loss":0,"event_name":"Duplicator","floor":24,"gold_loss":0,"cards_obtained":["Limit Break"]}],"is_beta":false,"boss_relics":[{"not_picked":["hubris:ScarierMask","hubris:VirtuousBlindfold"],"picked":"Pandora\u0027s Box"}],"items_purged_floors":[3],"is_endless":true,"potions_floor_spawned":[5,8,18,20,22],"killed_by":"Chosen and Byrds","ascension_level":20}