{"gold_per_floor":[217,234,234,248,262,262,274,274,274,89,114,140,167,9,9,88,88,105,123,136,236,75,102,102,436,486,486,486,498,508,522,522,599,599,612,612,626,626,637,670,670,687,687,715,715],"floor_reached":45,"playtime":3427,"items_purged":["Strike_R"],"score":1170,"play_id":"0a01c1cd-5330-43c9-aa86-2cb600676f05","local_time":"20190226145236","is_ascension_mode":true,"campfire_choices":[{"data":"Bash","floor":6.0,"key":"SMITH"},{"data":"Clothesline","floor":8.0,"key":"SMITH"},{"data":"Demon Form","floor":15.0,"key":"SMITH"},{"data":"Sword Boomerang","floor":24.0,"key":"SMITH"},{"floor":28.0,"key":"REST"},{"data":"Limit Break","floor":32.0,"key":"SMITH"},{"floor":41,"key":"REST"}],"neow_cost":"NONE","seed_source_timestamp":0,"circlet_count":0,"master_deck":["AscendersBane","Bash+1","Clothesline","Sword Boomerang+1","Clothesline+1","Shrug It Off","Demon Form+1","Spot Weakness","Sword Boomerang","Shrug It Off","Disarm","Pummel","Flame Barrier","Immolate","Limit Break+1","Bludgeon","Dropkick","Ghostly Armor+1","Burning Pact","Flex+1","Dual Wield","Spot Weakness","Heavy Blade","Shrug It Off"],"special_seed":0,"relics":["Burning Blood","Pear","WingedGreaves","Bottled Tornado","Singing Bowl","Happy Flower","Snecko Eye","Pocketwatch","Frozen Egg 2","Anchor","Old Coin","Bag of Preparation","Pandora\u0027s Box","War Paint","Shuriken","Art of War"],"potions_floor_usage":[45,45],"damage_taken":[{"damage":6.0,"enemies":"Jaw Worm","floor":1.0,"turns":6.0},{"damage":0.0,"enemies":"Cultist","floor":2.0,"turns":3.0},{"damage":7.0,"enemies":"Small Slimes","floor":4.0,"turns":3.0},{"damage":9.0,"enemies":"2 Fungi Beasts","floor":5.0,"turns":5.0},{"damage":17.0,"enemies":"Red Slaver","floor":7.0,"turns":5.0},{"damage":15.0,"enemies":"Lagavulin","floor":11.0,"turns":5.0},{"damage":24.0,"enemies":"Gremlin Nob","floor":12.0,"turns":4.0},{"damage":17.0,"enemies":"3 Sentries","floor":13.0,"turns":5.0},{"damage":13.0,"enemies":"Hexaghost","floor":16.0,"turns":6.0},{"damage":1.0,"enemies":"Spheric Guardian","floor":18.0,"turns":3.0},{"damage":22.0,"enemies":"3 Byrds","floor":19.0,"turns":3.0},{"damage":22.0,"enemies":"Sentry and Sphere","floor":20.0,"turns":4.0},{"damage":0.0,"enemies":"Colosseum Slavers","floor":21.0,"turns":2.0},{"damage":21.0,"enemies":"Colosseum Nobs","floor":21.0,"turns":4.0},{"damage":20.0,"enemies":"Book of Stabbing","floor":23.0,"turns":3.0},{"damage":25.0,"enemies":"Slavers","floor":25.0,"turns":4.0},{"damage":12.0,"enemies":"Shelled Parasite and Fungi","floor":29.0,"turns":4.0},{"damage":0.0,"enemies":"Snecko","floor":30.0,"turns":3.0},{"damage":0.0,"enemies":"3 Cultists","floor":31.0,"turns":3.0},{"damage":7.0,"enemies":"Champ","floor":33.0,"turns":7.0},{"damage":29.0,"enemies":"3 Darklings","floor":35.0,"turns":3.0},{"damage":5.0,"enemies":"Orb Walker","floor":37.0,"turns":3.0},{"damage":0,"enemies":"Transient","floor":39,"turns":5},{"damage":71,"enemies":"Reptomancer","floor":40,"turns":5},{"damage":8,"enemies":"Writhing Mass","floor":42,"turns":4},{"damage":35,"enemies":"Nemesis","floor":44,"turns":5},{"damage":17,"enemies":"Spire Growth","floor":45,"turns":3}],"seed_played":"2755637625359096854","potions_obtained":[{"floor":2.0,"key":"LiquidBronze"},{"floor":5.0,"key":"Explosive Potion"},{"floor":11.0,"key":"Swift Potion"},{"floor":25.0,"key":"Poison Potion"},{"floor":29.0,"key":"Poison Potion"},{"floor":40,"key":"Weak Potion"}],"is_trial":false,"path_per_floor":["M","M","?","M","M","R","M","R","T","$","E","E","E","$","R","B",null,"M","M","M","?","$","E","R","E","T","?","R","M","M","M","R","B",null,"M","?","M","?","M","E","R","M","T","E","M"],"character_chosen":"IRONCLAD","items_purchased":["Sword Boomerang","Shrug It Off","Happy Flower","Limit Break"],"campfire_rested":2,"item_purchase_floors":[10,10,14,22],"current_hp_per_floor":[68,74,74,73,70,70,59,59,69,69,60,42,31,31,31,24,70,77,63,49,42,42,30,30,11,11,11,39,35,43,51,51,52,90,69,69,72,72,78,15,46,44,44,17,0],"gold":715,"neow_bonus":"HUNDRED_GOLD","is_prod":false,"is_daily":false,"chose_seed":false,"campfire_upgraded":5,"win_rate":0,"timestamp":1551189156,"path_taken":["M","M","?","?","M","R","M","R","T","$","E","E","E","$","R","BOSS","M","M","M","?","$","E","R","E","T","?","R","M","?","M","R","BOSS","M","?","M","?","M","E","R","M","T","E","M"],"build_version":"2019-01-23","purchased_purges":1,"victory":false,"max_hp_per_floor":[75,75,75,75,75,75,75,75,85,85,85,85,85,85,85,85,85,87,89,91,93,93,95,95,95,95,95,95,97,99,101,101,103,103,105,100,102,102,102,104,104,104,104,106,106],"card_choices":[{"not_picked":["Iron Wave","Perfected Strike"],"picked":"Clothesline","floor":1.0},{"not_picked":["Thunderclap","Havoc"],"picked":"Sword Boomerang","floor":2.0},{"not_picked":["Armaments","Iron Wave"],"picked":"Shrug It Off","floor":4.0},{"not_picked":["Sever Soul","Headbutt"],"picked":"Demon Form","floor":5.0},{"not_picked":["Battle Trance","Dropkick"],"picked":"Spot Weakness","floor":7.0},{"not_picked":["Iron Wave","Thunderclap"],"picked":"Disarm","floor":11.0},{"not_picked":["Warcry","Dual Wield"],"picked":"Pummel","floor":12.0},{"not_picked":["Power Through","Wild Strike"],"picked":"Flame Barrier","floor":13.0},{"not_picked":["Dark Embrace","Barricade"],"picked":"Immolate","floor":16.0},{"not_picked":["Clothesline","Armaments","Perfected Strike"],"picked":"Singing Bowl","floor":18.0},{"not_picked":["Whirlwind","Second Wind","Iron Wave"],"picked":"Singing Bowl","floor":19.0},{"not_picked":["Clash","Armaments","Warcry"],"picked":"Singing Bowl","floor":20.0},{"not_picked":["Rage","Battle Trance","Bloodletting"],"picked":"Singing Bowl","floor":21.0},{"not_picked":["Iron Wave","Seeing Red","Battle Trance"],"picked":"Singing Bowl","floor":23.0},{"not_picked":["Dropkick","Battle Trance"],"picked":"Bludgeon","floor":25.0},{"not_picked":["Sword Boomerang","Body Slam","Evolve+1"],"picked":"Singing Bowl","floor":29.0},{"not_picked":["Clash","Seeing Red","Dual Wield"],"picked":"Singing Bowl","floor":30.0},{"not_picked":["Warcry","Reckless Charge","Seeing Red"],"picked":"Singing Bowl","floor":31.0},{"not_picked":["Brutality+1","Double Tap","Immolate"],"picked":"Singing Bowl","floor":33.0},{"not_picked":["Uppercut","Wild Strike+1","Twin Strike"],"picked":"Singing Bowl","floor":35.0},{"not_picked":["Seeing Red","Heavy Blade","Carnage+1"],"picked":"Singing Bowl","floor":37.0},{"not_picked":["Whirlwind","Sword Boomerang"],"picked":"Heavy Blade","floor":39},{"not_picked":["Feed","Headbutt","Berserk+1"],"picked":"Singing Bowl","floor":40},{"not_picked":["Clash","Clothesline"],"picked":"Shrug It Off","floor":42},{"not_picked":["Clash","Fire Breathing+1","Flame Barrier"],"picked":"Singing Bowl","floor":44}],"player_experience":1332353,"relics_obtained":[{"floor":9.0,"key":"Pear"},{"floor":11.0,"key":"WingedGreaves"},{"floor":12.0,"key":"Bottled Tornado"},{"floor":13.0,"key":"Singing Bowl"},{"floor":21.0,"key":"Pocketwatch"},{"floor":21.0,"key":"Frozen Egg 2"},{"floor":23.0,"key":"Anchor"},{"floor":25.0,"key":"Old Coin"},{"floor":26.0,"key":"Bag of Preparation"},{"floor":40,"key":"War Paint"},{"floor":43,"key":"Shuriken"},{"floor":44,"key":"Art of War"}],"event_choices":[{"damage_healed":0.0,"max_hp_gain":0.0,"max_hp_loss":0.0,"gold_gain":0.0,"cards_transformed":["Strike_R"],"event_name":"Transmorgrifier","player_choice":"Transformed","floor":3.0,"gold_loss":0.0,"damage_taken":0.0,"cards_obtained":["Clothesline"]},{"damage_healed":0.0,"max_hp_gain":0.0,"max_hp_loss":0.0,"gold_gain":0.0,"event_name":"Colosseum","player_choice":"Fight","floor":21.0,"gold_loss":0.0,"damage_taken":0.0},{"damage_healed":0.0,"max_hp_gain":0.0,"max_hp_loss":0.0,"gold_gain":0.0,"event_name":"Colosseum","player_choice":"Fought Nobs","floor":21.0,"gold_loss":0.0,"damage_taken":0.0},{"cards_removed":["Strike_R"],"damage_healed":0.0,"max_hp_gain":0.0,"max_hp_loss":0.0,"gold_gain":0.0,"event_name":"Purifier","player_choice":"Purged","floor":27.0,"gold_loss":0.0,"damage_taken":0.0},{"damage_healed":0.0,"max_hp_gain":0.0,"max_hp_loss":5.0,"gold_gain":0.0,"event_name":"Winding Halls","player_choice":"Max HP","floor":36.0,"gold_loss":0.0,"damage_taken":0.0},{"damage_healed":0,"gold_gain":0,"player_choice":"Ignored","damage_taken":0,"max_hp_gain":0,"max_hp_loss":0,"event_name":"Tomb of Lord Red Mask","floor":38,"gold_loss":0}],"is_beta":false,"boss_relics":[{"not_picked":["Sozu","Velvet Choker"],"picked":"Snecko Eye"},{"not_picked":["Empty Cage","Mark of Pain"],"picked":"Pandora\u0027s Box"}],"items_purged_floors":[10],"is_endless":false,"potions_floor_spawned":[2,5,7,11,18,21,25,29,30,35,40],"killed_by":"Spire Growth","ascension_level":20}