{"gold_per_floor":[119,129,142,142,155,155,188,188,259,290,290,250,250],"floor_reached":13,"playtime":627,"items_purged":[],"score":167,"play_id":"5c7f7635-e5bb-4b46-ac21-310d1061adb4","local_time":"20181107174446","is_ascension_mode":true,"campfire_choices":[{"data":"Clothesline","floor":6,"key":"SMITH"},{"data":"Disarm","floor":8,"key":"SMITH"}],"neow_cost":"NONE","seed_source_timestamp":30955893565508,"circlet_count":0,"master_deck":["AscendersBane","Strike_R","Strike_R","Strike_R","Strike_R","Strike_R","Defend_R","Defend_R","Defend_R","Defend_R","Bash","Disarm+1","Thunderclap","Clothesline+1","Limit Break","Dual Wield","Feed"],"relics":["Burning Blood","PreservedInsect","Nunchaku","The Courier","Happy Flower"],"potions_floor_usage":[7,13,13],"damage_taken":[{"damage":4,"enemies":"2 Louse","floor":1,"turns":3},{"damage":7,"enemies":"Jaw Worm","floor":2,"turns":3},{"damage":6,"enemies":"Cultist","floor":3,"turns":3},{"damage":12,"enemies":"Blue Slaver","floor":5,"turns":4},{"damage":37,"enemies":"3 Sentries","floor":7,"turns":8},{"damage":29,"enemies":"Lagavulin","floor":10,"turns":8},{"damage":12,"enemies":"3 Sentries","floor":13,"turns":2}],"seed_played":"-4504948904677349168","potions_obtained":[{"floor":1,"key":"Swift Potion"},{"floor":2,"key":"LiquidBronze"},{"floor":12,"key":"Poison Potion"},{"floor":12,"key":"Explosive Potion"}],"is_trial":false,"path_per_floor":["M","M","M","?","M","R","E","R","T","E","?","?","E"],"character_chosen":"IRONCLAD","items_purchased":[],"campfire_rested":0,"item_purchase_floors":[],"current_hp_per_floor":[70,69,69,69,63,63,32,32,32,9,9,9,0],"gold":250,"neow_bonus":"RANDOM_COMMON_RELIC","is_prod":false,"is_daily":false,"chose_seed":false,"campfire_upgraded":2,"win_rate":0,"timestamp":1541609086,"path_taken":["M","M","M","?","M","R","E","R","T","E","?","?","E"],"build_version":"2018-11-06","purchased_purges":0,"victory":false,"max_hp_per_floor":[75,75,75,75,75,75,75,75,75,75,75,75,75],"card_choices":[{"not_picked":["Sword Boomerang","Body Slam"],"picked":"Disarm","floor":1},{"not_picked":["Heavy Blade","Clash"],"picked":"Thunderclap","floor":2},{"not_picked":["Flex","Anger"],"picked":"Clothesline","floor":3},{"not_picked":["True Grit","Headbutt"],"picked":"Limit Break","floor":5},{"not_picked":["Clash","Sentinel"],"picked":"Dual Wield","floor":7},{"not_picked":["Headbutt","Thunderclap"],"picked":"Feed","floor":10}],"player_experience":766429,"relics_obtained":[{"floor":7,"key":"Nunchaku"},{"floor":9,"key":"The Courier"},{"floor":10,"key":"Happy Flower"}],"event_choices":[{"damage_healed":0,"gold_gain":0,"player_choice":"Ignored","damage_taken":0,"max_hp_gain":0,"max_hp_loss":0,"event_name":"Liars Game","floor":4,"gold_loss":0},{"damage_healed":0,"gold_gain":0,"player_choice":"Ignored","damage_taken":0,"max_hp_gain":0,"max_hp_loss":0,"event_name":"Shining Light","floor":11,"gold_loss":0},{"damage_healed":0,"gold_gain":0,"player_choice":"Bought 3 Potions","damage_taken":0,"max_hp_gain":0,"max_hp_loss":0,"event_name":"The Woman in Blue","floor":12,"gold_loss":0}],"is_beta":true,"boss_relics":[],"items_purged_floors":[],"is_endless":false,"potions_floor_spawned":[1,2],"killed_by":"3 Sentries","ascension_level":16}