{"gold_per_floor":[111,111,386,406,39,39,97,54,104,197,237,237,301,345,345,488,488,559,484,484,527,140,140,228,298,372,372],"floor_reached":27,"playtime":1010,"items_purged":["Regret","Strike_R"],"score":573,"play_id":"3d73e856-372e-45d0-b057-4a1615e108d6","local_time":"20190330182756","is_ascension_mode":true,"campfire_choices":[{"data":"HandOfGreed","floor":6.0,"key":"SMITH"},{"floor":15.0,"key":"REST"},{"data":"Limit Break","floor":23.0,"key":"SMITH"}],"neow_cost":"NONE","seed_source_timestamp":36274446433702,"circlet_count":0,"master_deck":["AscendersBane","Strike_R","Strike_R","Strike_R","Defend_R","Defend_R","Defend_R","Defend_R","Bash","Battle Trance","Spot Weakness","HandOfGreed+1","Shockwave","Battle Trance","Inflame","Dropkick","Shrug It Off","Limit Break+1","Corruption","Offering","Sword Boomerang","Feel No Pain","Spot Weakness","Anger","Injury"],"special_seed":0,"relics":["Burning Blood","NeowsBlessing","Golden Idol","Gremlin Horn","PreservedInsect","Strawberry","Pen Nib","Bottled Tornado","Cursed Key","Happy Flower","Lantern","Ornamental Fan"],"potions_floor_usage":[],"damage_taken":[{"damage":0.0,"enemies":"Jaw Worm","floor":1.0,"turns":1.0},{"damage":0.0,"enemies":"2 Louse","floor":4.0,"turns":1.0},{"damage":0.0,"enemies":"Lagavulin","floor":7.0,"turns":2.0},{"damage":25.0,"enemies":"3 Sentries","floor":10.0,"turns":7.0},{"damage":0.0,"enemies":"Cultist","floor":11.0,"turns":3.0},{"damage":20.0,"enemies":"Lagavulin","floor":13.0,"turns":5.0},{"damage":4.0,"enemies":"Blue Slaver","floor":14.0,"turns":2.0},{"damage":33.0,"enemies":"Slime Boss","floor":16.0,"turns":10.0},{"damage":1.0,"enemies":"3 Byrds","floor":18.0,"turns":4.0},{"damage":27.0,"enemies":"Shell Parasite","floor":21.0,"turns":3.0},{"damage":21,"enemies":"Slavers","floor":24,"turns":3},{"damage":12,"enemies":"Centurion and Healer","floor":25,"turns":5},{"damage":22,"enemies":"Sentry and Sphere","floor":27,"turns":3}],"seed_played":"-8466885765141927328","potions_obtained":[{"floor":1.0,"key":"GamblersBrew"},{"floor":7.0,"key":"EssenceOfSteel"},{"floor":11.0,"key":"Fire Potion"},{"floor":25,"key":"Strength Potion"}],"is_trial":false,"path_per_floor":["M","?","?","M","$","R","E","$","T","E","M","?","E","M","R","B",null,"M","?","?","M","$","R","E","M","T","M"],"character_chosen":"IRONCLAD","items_purchased":["HandOfGreed","Shockwave","Fire Potion","Inflame","Feel No Pain","Spot Weakness","Happy Flower"],"campfire_rested":1,"item_purchase_floors":[5,5,5,8,22,22,22],"current_hp_per_floor":[74,68,68,68,68,68,68,68,68,56,62,27,13,15,37,10,59,64,64,64,43,43,43,28,22,22,0],"gold":372,"neow_bonus":"THREE_ENEMY_KILL","is_prod":false,"is_daily":false,"chose_seed":false,"campfire_upgraded":2,"win_rate":0,"timestamp":1553966876,"path_taken":["M","?","?","?","$","R","E","$","T","E","M","?","E","M","R","BOSS","M","?","?","M","$","R","E","M","T","M"],"build_version":"2019-01-23","purchased_purges":2,"victory":false,"max_hp_per_floor":[75,68,68,68,68,68,68,68,68,75,75,75,75,75,75,75,75,75,75,75,75,75,75,75,75,75,75],"card_choices":[{"not_picked":["Blood for Blood","Pummel"],"picked":"Battle Trance","floor":1.0},{"not_picked":["Dual Wield","Clothesline"],"picked":"Spot Weakness","floor":4.0},{"not_picked":["Clash","Combust"],"picked":"Battle Trance","floor":7.0},{"not_picked":["Rage","Warcry"],"picked":"Dropkick","floor":10.0},{"not_picked":["Dropkick","True Grit"],"picked":"Shrug It Off","floor":11.0},{"not_picked":["Infernal Blade","Metallicize"],"picked":"Limit Break","floor":13.0},{"not_picked":["Fire Breathing","Perfected Strike"],"picked":"Corruption","floor":14.0},{"not_picked":["Dark Embrace","Juggernaut"],"picked":"Offering","floor":16.0},{"not_picked":["True Grit","Clothesline"],"picked":"Sword Boomerang","floor":18.0},{"not_picked":["Havoc","Rampage","Battle Trance"],"picked":"SKIP","floor":21.0},{"not_picked":["Clothesline","Clash"],"picked":"Anger","floor":24},{"not_picked":["Wild Strike","Havoc","Perfected Strike"],"picked":"SKIP","floor":25}],"player_experience":1508565,"relics_obtained":[{"floor":7.0,"key":"Gremlin Horn"},{"floor":9.0,"key":"PreservedInsect"},{"floor":10.0,"key":"Strawberry"},{"floor":13.0,"key":"Bottled Tornado"},{"floor":24,"key":"Lantern"},{"floor":26,"key":"Ornamental Fan"}],"event_choices":[{"damage_healed":0.0,"max_hp_gain":0.0,"max_hp_loss":7.0,"gold_gain":0.0,"event_name":"Golden Idol","player_choice":"Lose Max HP","floor":2.0,"gold_loss":0.0,"damage_taken":0.0,"relics_obtained":["Golden Idol"]},{"damage_healed":0.0,"max_hp_gain":0.0,"max_hp_loss":0.0,"gold_gain":275.0,"event_name":"Golden Shrine","player_choice":"Desecrate","floor":3.0,"gold_loss":0.0,"damage_taken":0.0,"cards_obtained":["Regret"]},{"damage_healed":0.0,"max_hp_gain":0.0,"max_hp_loss":0.0,"gold_gain":0.0,"event_name":"Scrap Ooze","player_choice":"Success","floor":12.0,"gold_loss":0.0,"damage_taken":35.0,"relics_obtained":["Pen Nib"]},{"cards_removed":["Strike_R"],"damage_healed":0.0,"max_hp_gain":0.0,"max_hp_loss":0.0,"gold_gain":0.0,"event_name":"Beggar","player_choice":"Gave Gold","floor":19.0,"gold_loss":75.0,"damage_taken":0.0},{"damage_healed":0.0,"max_hp_gain":0.0,"max_hp_loss":0.0,"gold_gain":0.0,"event_name":"Vampires","player_choice":"Ignored","floor":20.0,"gold_loss":0.0,"damage_taken":0.0}],"is_beta":false,"boss_relics":[{"not_picked":["Astrolabe","Runic Dome"],"picked":"Cursed Key"}],"items_purged_floors":[5,22],"is_endless":false,"potions_floor_spawned":[1,7,11,14,25],"killed_by":"Sentry and Sphere","ascension_level":20}