{"gold_per_floor":[115,40,40,50,15,15,50,50,50,79,126,151,163],"floor_reached":13,"playtime":430,"items_purged":["Strike_G"],"score":182,"play_id":"f39a4204-7d6e-467e-b727-d4315ca4c709","local_time":"20190505160442","is_ascension_mode":true,"campfire_choices":[{"data":"Dash","floor":6,"key":"SMITH"},{"data":"Neutralize","floor":8,"key":"SMITH"}],"neow_cost":"NONE","seed_source_timestamp":21459550388810,"circlet_count":0,"master_deck":["AscendersBane","Defend_G","Defend_G+1","Defend_G+1","Defend_G","Defend_G","Strike_G","Strike_G","Strike_G","Strike_G","Survivor","Neutralize+1","Dash+1","Well Laid Plans","Escape Plan"],"relics":["Ring of the Snake","Snake Skull","War Paint","StoneCalendar","MawBank"],"potions_floor_usage":[10],"damage_taken":[{"damage":8,"enemies":"Jaw Worm","floor":1,"turns":9},{"damage":0,"enemies":"2 Louse","floor":4,"turns":4},{"damage":32,"enemies":"3 Sentries","floor":7,"turns":14},{"damage":24,"enemies":"Gremlin Nob","floor":10,"turns":5},{"damage":0,"enemies":"Small Slimes","floor":12,"turns":4},{"damage":18,"enemies":"Gremlin Gang","floor":13,"turns":3}],"seed_played":"7560756647389747849","potions_obtained":[{"floor":1,"key":"AttackPotion"}],"is_trial":false,"path_per_floor":["M","$","?","M","?","R","E","R","T","E","T","M","M"],"character_chosen":"THE_SILENT","items_purchased":[],"campfire_rested":0,"item_purchase_floors":[],"current_hp_per_floor":[51,51,51,51,66,66,34,34,34,10,10,10,0],"gold":163,"neow_bonus":"RANDOM_COMMON_RELIC","is_prod":false,"is_daily":false,"chose_seed":false,"campfire_upgraded":2,"win_rate":0,"timestamp":1557065082,"path_taken":["M","$","?","M","?","R","E","R","T","E","?","M","M"],"build_version":"2019-01-23","purchased_purges":1,"victory":false,"max_hp_per_floor":[66,66,66,66,66,66,66,66,66,66,66,66,66],"card_choices":[{"not_picked":["Prepared","Outmaneuver"],"picked":"Dash","floor":1},{"not_picked":["Dodge and Roll","Catalyst"],"picked":"Well Laid Plans","floor":4},{"not_picked":["Prepared","Acrobatics","Deflect"],"picked":"SKIP","floor":7},{"not_picked":["Eviscerate","Catalyst"],"picked":"Escape Plan","floor":10},{"not_picked":["Flechettes","Sucker Punch","Cloak And Dagger"],"picked":"SKIP","floor":12}],"player_experience":1655926,"relics_obtained":[{"floor":7,"key":"War Paint"},{"floor":9,"key":"StoneCalendar"},{"floor":11,"key":"MawBank"}],"event_choices":[{"damage_healed":0,"gold_gain":0,"player_choice":"Ignored","damage_taken":0,"max_hp_gain":0,"max_hp_loss":0,"event_name":"Liars Game","floor":3,"gold_loss":0},{"damage_healed":16,"gold_gain":0,"player_choice":"Healed","damage_taken":0,"max_hp_gain":0,"max_hp_loss":0,"event_name":"The Cleric","floor":5,"gold_loss":35}],"is_beta":false,"boss_relics":[],"items_purged_floors":[2],"is_endless":false,"potions_floor_spawned":[1],"killed_by":"Gremlin Gang","ascension_level":20}