{"gold_per_floor":[113,288,42,42,53,87,87,112,139,155,170,170,205,172,172,270,270,270,270,210,35,35,35],"floor_reached":23,"playtime":988,"items_purged":["Doubt"],"score":315,"play_id":"2e00f0f0-cce3-4fe1-a6a4-9a303e973bcf","local_time":"20190413164345","is_ascension_mode":true,"campfire_choices":[{"data":"Beam Cell","floor":7.0,"key":"SMITH"},{"floor":12.0,"key":"REST"},{"floor":15.0,"key":"REST"}],"neow_cost":"NONE","seed_source_timestamp":0,"circlet_count":0,"master_deck":["Strike_B","Strike_B","Strike_B","Defend_B","Defend_B","Defend_B","Defend_B","Zap+1","Dualcast+1","Amplify","Gash","Beam Cell+1","Capacitor","Steam","Echo Form","Gash","Heatsinks","Gash","Static Discharge","Hologram","Seek","Heatsinks","Self Repair","Gash","Violence"],"special_seed":0,"relics":["Cracked Core","Oddly Smooth Stone","Bag of Marbles","War Paint","Dream Catcher","Ancient Tea Set","Smiling Mask","Ectoplasm"],"potions_floor_usage":[20],"damage_taken":[{"damage":1.0,"enemies":"Cultist","floor":1.0,"turns":3.0},{"damage":6.0,"enemies":"Small Slimes","floor":5.0,"turns":3.0},{"damage":4.0,"enemies":"Gremlin Nob","floor":6.0,"turns":3.0},{"damage":18.0,"enemies":"Lagavulin","floor":8.0,"turns":7.0},{"damage":0.0,"enemies":"2 Louse","floor":10.0,"turns":3.0},{"damage":13.0,"enemies":"Exordium Thugs","floor":11.0,"turns":4.0},{"damage":20.0,"enemies":"3 Sentries","floor":13.0,"turns":8.0},{"damage":22.0,"enemies":"The Guardian","floor":16.0,"turns":8.0},{"damage":18,"enemies":"Chosen","floor":18,"turns":5},{"damage":40,"enemies":"2 Thieves","floor":20,"turns":4},{"damage":14,"enemies":"Gremlin Leader","floor":23,"turns":2}],"seed_played":"-3736115448321083280","potions_obtained":[{"floor":1.0,"key":"SkillPotion"},{"floor":5.0,"key":"Strength Potion"},{"floor":6.0,"key":"Energy Potion"},{"floor":13.0,"key":"FearPotion"},{"floor":18,"key":"FocusPotion"}],"is_trial":false,"path_per_floor":["M","?","$","?","M","E","R","E","T","M","M","R","E","?","R","B",null,"M","?","M","$","?","E"],"character_chosen":"DEFECT","items_purchased":["Oddly Smooth Stone","Beam Cell","Violence"],"campfire_rested":2,"item_purchase_floors":[3,3,21],"current_hp_per_floor":[67,67,67,55,49,45,45,27,27,27,14,36,16,16,38,16,60,42,42,9,9,9,0],"gold":35,"neow_bonus":"ONE_RANDOM_RARE_CARD","is_prod":false,"is_daily":false,"chose_seed":false,"campfire_upgraded":1,"win_rate":0,"timestamp":1555199025,"path_taken":["M","?","$","?","M","E","R","E","T","M","M","R","E","?","R","BOSS","M","?","M","$","?","E"],"build_version":"2019-01-23","purchased_purges":1,"victory":false,"max_hp_per_floor":[75,75,75,75,75,75,75,75,75,75,75,75,75,75,75,75,75,75,75,75,75,75,75],"card_choices":[{"not_picked":["Hologram","Barrage"],"picked":"Gash","floor":1.0},{"not_picked":["Tempest","Rebound"],"picked":"Capacitor","floor":5.0},{"not_picked":["Hologram","Beam Cell"],"picked":"Steam","floor":6.0},{"not_picked":["Steam","Beam Cell"],"picked":"Echo Form","floor":8.0},{"not_picked":["Sweeping Beam","Glacier"],"picked":"Gash","floor":10.0},{"not_picked":["Glacier","Hologram"],"picked":"Heatsinks","floor":11.0},{"not_picked":["Sweeping Beam","Chill"],"picked":"Gash","floor":12.0},{"not_picked":["Rebound","Chaos"],"picked":"Static Discharge","floor":13.0},{"not_picked":["Barrage","Darkness"],"picked":"Hologram","floor":15.0},{"not_picked":["Reboot","All For One"],"picked":"Seek","floor":16.0},{"not_picked":["Chill","Barrage"],"picked":"Heatsinks","floor":18},{"not_picked":["Coolheaded","Compile Driver"],"picked":"Gash","floor":20}],"player_experience":567402,"relics_obtained":[{"floor":6.0,"key":"War Paint"},{"floor":8.0,"key":"Dream Catcher"},{"floor":9.0,"key":"Ancient Tea Set"},{"floor":13.0,"key":"Smiling Mask"}],"event_choices":[{"damage_healed":0.0,"max_hp_gain":0.0,"max_hp_loss":0.0,"gold_gain":175.0,"event_name":"Liars Game","player_choice":"AGREE","floor":2.0,"gold_loss":0.0,"damage_taken":0.0,"cards_obtained":["Doubt"]},{"damage_healed":0.0,"max_hp_gain":0.0,"max_hp_loss":0.0,"gold_gain":0.0,"event_name":"Scrap Ooze","player_choice":"Success","floor":4.0,"gold_loss":0.0,"damage_taken":12.0,"relics_obtained":["Bag of Marbles"]},{"damage_healed":0.0,"max_hp_gain":0.0,"max_hp_loss":0.0,"gold_gain":0.0,"event_name":"World of Goop","player_choice":"Left Gold","floor":14.0,"gold_loss":33.0,"damage_taken":0.0},{"damage_healed":0,"gold_gain":0,"player_choice":"Read","damage_taken":0,"max_hp_gain":0,"max_hp_loss":0,"event_name":"The Library","floor":19,"gold_loss":0,"cards_obtained":["Self Repair"]},{"cards_removed":["Strike_B"],"damage_healed":0,"gold_gain":0,"player_choice":"Offered Basic","damage_taken":0,"max_hp_gain":0,"max_hp_loss":0,"event_name":"Bonfire Elementals","floor":22,"gold_loss":0}],"is_beta":false,"boss_relics":[{"not_picked":["Coffee Dripper","Calling Bell"],"picked":"Ectoplasm"}],"items_purged_floors":[3],"is_endless":false,"potions_floor_spawned":[1,5,6,13,18],"killed_by":"Gremlin Leader","ascension_level":8}