{"gold_per_floor":[111,111,111,125,125,125,142,177,177,209,224,0,20,20,20,95,95,114,129,53,70,89,89,89,89],"floor_reached":25,"playtime":1846,"items_purged":["Strike_R"],"score":426,"play_id":"0b04a056-a5ce-4874-b4aa-bfe5d9c87bd5","local_time":"20190323214458","is_ascension_mode":true,"campfire_choices":[{"data":"Bash","floor":6,"key":"SMITH"},{"data":"Demon Form","floor":15,"key":"SMITH"},{"floor":23,"key":"REST"}],"neow_cost":"NONE","seed_source_timestamp":15415676142102,"circlet_count":0,"master_deck":["AscendersBane","Strike_R","Strike_R","Defend_R","Defend_R+1","Defend_R+1","Defend_R","Bash+1","Cleave","Pommel Strike","Metallicize","Shockwave","Impervious","Flame Barrier","Demon Form+1","Sword Boomerang","Offering","Shrug It Off","Corruption","Metallicize","Heavy Blade","Battle Trance"],"relics":["Burning Blood","Nunchaku","Meat on the Bone","Paper Frog","Philosopher\u0027s Stone"],"potions_floor_usage":[8,21,22],"damage_taken":[{"damage":12,"enemies":"Small Slimes","floor":1,"turns":4},{"damage":12,"enemies":"Jaw Worm","floor":4,"turns":5},{"damage":0,"enemies":"Cultist","floor":7,"turns":3},{"damage":26,"enemies":"Gremlin Nob","floor":8,"turns":4},{"damage":37,"enemies":"3 Sentries","floor":10,"turns":11},{"damage":4,"enemies":"2 Fungi Beasts","floor":11,"turns":4},{"damage":17,"enemies":"Gremlin Gang","floor":13,"turns":4},{"damage":25,"enemies":"The Guardian","floor":16,"turns":9},{"damage":16,"enemies":"Spheric Guardian","floor":18,"turns":5},{"damage":9,"enemies":"Shell Parasite","floor":19,"turns":6},{"damage":38,"enemies":"Chosen and Byrds","floor":21,"turns":6},{"damage":28,"enemies":"Shelled Parasite and Fungi","floor":22,"turns":6},{"damage":67,"enemies":"Gremlin Leader","floor":25,"turns":7}],"seed_played":"-1343117725894871107","potions_obtained":[{"floor":4,"key":"Energy Potion"},{"floor":7,"key":"Ancient Potion"},{"floor":10,"key":"Swift Potion"}],"is_trial":false,"path_per_floor":["M","?","?","M","?","R","M","E","T","E","M","$","M","$","R","B",null,"M","M","$","M","M","R","$","E"],"character_chosen":"IRONCLAD","items_purchased":["Demon Form","Metallicize"],"campfire_rested":1,"item_purchase_floors":[12,20],"current_hp_per_floor":[62,39,39,33,85,85,85,65,65,46,60,60,49,49,49,42,74,64,61,61,41,31,56,56,0],"gold":89,"neow_bonus":"TRANSFORM_CARD","is_prod":false,"is_daily":false,"chose_seed":false,"campfire_upgraded":2,"win_rate":0,"timestamp":1553373898,"path_taken":["M","?","?","?","?","R","M","E","T","E","?","$","M","?","R","BOSS","M","M","$","M","?","R","$","E"],"build_version":"2019-01-23","purchased_purges":1,"victory":false,"max_hp_per_floor":[75,75,75,75,85,85,85,85,85,85,85,85,85,85,85,85,85,85,85,85,85,85,85,85,85],"card_choices":[{"not_picked":["Thunderclap","Flex"],"picked":"Cleave","floor":1},{"not_picked":["Sentinel","Intimidate"],"picked":"Pommel Strike","floor":4},{"not_picked":["Havoc","Hemokinesis"],"picked":"Metallicize","floor":7},{"not_picked":["Body Slam","Burning Pact"],"picked":"Shockwave","floor":8},{"not_picked":["Thunderclap","Second Wind"],"picked":"Impervious","floor":10},{"not_picked":["Cleave","Perfected Strike"],"picked":"Flame Barrier","floor":11},{"not_picked":["Sever Soul","Perfected Strike"],"picked":"Sword Boomerang","floor":13},{"not_picked":["Brutality","Bludgeon"],"picked":"Offering","floor":16},{"not_picked":["Fire Breathing","Flex+1"],"picked":"Shrug It Off","floor":18},{"not_picked":["Iron Wave","Body Slam"],"picked":"Corruption","floor":19},{"not_picked":["Inflame","Dual Wield"],"picked":"Heavy Blade","floor":21},{"not_picked":["Dual Wield","Clash"],"picked":"Battle Trance","floor":22}],"player_experience":1467598,"relics_obtained":[{"floor":8,"key":"Nunchaku"},{"floor":9,"key":"Meat on the Bone"},{"floor":10,"key":"Paper Frog"}],"event_choices":[{"damage_healed":0,"gold_gain":0,"player_choice":"Entered Light","damage_taken":23,"max_hp_gain":0,"max_hp_loss":0,"event_name":"Shining Light","floor":2,"gold_loss":0,"cards_upgraded":["Defend_R","Defend_R"]},{"cards_removed":["Strike_R"],"damage_healed":0,"gold_gain":0,"player_choice":"Card Removal","damage_taken":0,"max_hp_gain":0,"max_hp_loss":0,"event_name":"Wheel of Change","floor":3,"gold_loss":0},{"cards_removed":["Brutality"],"damage_healed":42,"gold_gain":0,"player_choice":"Offered Rare","damage_taken":0,"max_hp_gain":10,"max_hp_loss":0,"event_name":"Bonfire Elementals","floor":5,"gold_loss":0}],"is_beta":false,"boss_relics":[{"not_picked":["Runic Dome","Busted Crown"],"picked":"Philosopher\u0027s Stone"}],"items_purged_floors":[12],"is_endless":false,"potions_floor_spawned":[4,7,10,16],"killed_by":"Gremlin Leader","ascension_level":20}