{"path_per_floor":["M","M","?","M","M","E","R","?","T","$","M","E","?","E","R"],"character_chosen":"IRONCLAD","items_purchased":["Fruit Juice"],"gold_per_floor":[18,37,37,48,63,91,91,91,169,68,84,114,114,147,147,147],"floor_reached":16,"campfire_rested":1,"playtime":640,"item_purchase_floors":[10],"current_hp_per_floor":[73,80,80,80,76,61,61,45,45,45,48,38,38,35,60,0],"items_purged":[],"gold":147,"score":162,"play_id":"01e87365-e57b-4fd9-8e32-636e89f8e759","local_time":"20180527163429","is_prod":false,"is_daily":false,"chose_seed":false,"is_ascension_mode":true,"campfire_upgraded":1,"win_rate":0,"timestamp":1527431669,"campfire_choices":[{"data":"Perfected Strike","floor":7,"key":"SMITH"},{"floor":15,"key":"REST"}],"path_taken":["M","M","?","M","M","E","R","?","T","$","?","E","?","E","R","BOSS"],"build_version":"2018-05-25","seed_source_timestamp":17025575984380,"purchased_purges":0,"victory":false,"master_deck":["Strike_R+1","Strike_R","Strike_R","Strike_R","Strike_R+1","Defend_R","Defend_R","Defend_R","Defend_R","Bash","Reaper","Perfected Strike+1","Perfected Strike+1","Combust","Headbutt","Wild Strike","Wild Strike","Perfected Strike","Injury","Iron Wave"],"max_hp_per_floor":[80,80,80,80,80,80,80,80,80,80,85,85,85,85,85,85],"relics":["Burning Blood","Ginger","Dodecahedron","Boot","Golden Idol"],"card_choices":[{"not_picked":["Limit Break","Juggernaut"],"picked":"Reaper","floor":0},{"not_picked":["Ghostly Armor","Thunderclap"],"picked":"Perfected Strike","floor":1},{"not_picked":["Disarm","Sword Boomerang"],"picked":"Perfected Strike","floor":2},{"not_picked":["Warcry","Sword Boomerang"],"picked":"Combust","floor":4},{"not_picked":["Feel No Pain","Sword Boomerang"],"picked":"Headbutt","floor":5},{"not_picked":["Armaments","Thunderclap"],"picked":"Wild Strike","floor":6},{"not_picked":["Havoc","Thunderclap"],"picked":"Wild Strike","floor":11},{"not_picked":["Dual Wield","Inflame"],"picked":"Perfected Strike","floor":12},{"not_picked":["Dark Embrace","Warcry"],"picked":"Iron Wave","floor":14}],"player_experience":222204,"potions_floor_usage":[6,11,16,16],"damage_taken":[{"damage":9,"enemies":"2 Louse","floor":1,"turns":3},{"damage":0,"enemies":"Small Slimes","floor":2,"turns":4},{"damage":7,"enemies":"Jaw Worm","floor":4,"turns":3},{"damage":21,"enemies":"3 Louse","floor":5,"turns":3},{"damage":25,"enemies":"Lagavulin","floor":6,"turns":5},{"damage":16,"enemies":"Exordium Thugs","floor":11,"turns":5},{"damage":16,"enemies":"Gremlin Nob","floor":12,"turns":3},{"damage":21,"enemies":"3 Sentries","floor":14,"turns":4},{"damage":64,"enemies":"The Guardian","floor":16,"turns":7}],"relics_obtained":[{"floor":6,"key":"Ginger"},{"floor":9,"key":"Dodecahedron"},{"floor":12,"key":"Boot"}],"event_choices":[{"event_name":"Living Wall","player_choice":"Grow","floor":3,"damage_taken":0},{"event_name":"Shining Light","player_choice":"Entered Light","floor":8,"damage_taken":0},{"event_name":"Golden Idol","player_choice":"Take Wound","floor":13,"damage_taken":0}],"boss_relics":[],"items_purged_floors":[],"potions_floor_spawned":[4,5,12],"seed_played":"-4413172279694264659","killed_by":"The Guardian","ascension_level":7,"potions_obtained":[{"floor":4,"key":"Weak Potion"},{"floor":5,"key":"Ancient Potion"},{"floor":12,"key":"Energy Potion"}],"is_trial":false}