{"gold_per_floor":[16,29,29,44,44,75,94,94,173,187,204,204],"floor_reached":12,"playtime":1262,"items_purged":[],"score":139,"play_id":"1617d3a9-3637-4cf6-9724-a91fd1e98748","local_time":"20181030201133","is_ascension_mode":true,"campfire_choices":[{"data":"Infinite Blades","floor":8.0,"key":"SMITH"}],"neow_cost":"NO_GOLD","seed_source_timestamp":0,"circlet_count":0,"master_deck":["Defend_G","Defend_G","Defend_G","Defend_G","Defend_G","Strike_G","Strike_G","Strike_G","Strike_G","Strike_G","Survivor","Neutralize","AscendersBane","Cloak And Dagger","Infinite Blades+1","Blade Dance","Blade Dance","Sucker Punch","All Out Attack","Blade Dance"],"special_seed":0,"relics":["Ring of the Snake","Nunchaku","Unceasing Top","Pantograph"],"potions_floor_usage":[10],"damage_taken":[{"damage":1.0,"enemies":"Small Slimes","floor":1.0,"turns":4.0},{"damage":0.0,"enemies":"Jaw Worm","floor":2.0,"turns":5.0},{"damage":2.0,"enemies":"Cultist","floor":4.0,"turns":5.0},{"damage":32.0,"enemies":"Lagavulin","floor":6.0,"turns":9.0},{"damage":2.0,"enemies":"Red Slaver","floor":7.0,"turns":4.0},{"damage":0,"enemies":"Large Slime","floor":10,"turns":6},{"damage":17,"enemies":"3 Louse","floor":11,"turns":2},{"damage":6,"enemies":"Lots of Slimes","floor":12,"turns":1}],"seed_played":"-225699774179084981","potions_obtained":[{"floor":2.0,"key":"Energy Potion"},{"floor":7.0,"key":"PowerPotion"},{"floor":11,"key":"PowerPotion"}],"is_trial":false,"path_per_floor":["M","M","?","M","$","E","M","R","T","M","M"],"character_chosen":"THE_SILENT","items_purchased":[],"campfire_rested":0,"item_purchase_floors":[],"current_hp_per_floor":[58,58,58,56,56,24,22,22,22,22,5,0],"gold":204,"neow_bonus":"ONE_RARE_RELIC","is_prod":false,"is_daily":false,"chose_seed":false,"campfire_upgraded":1,"win_rate":0,"timestamp":1540926693,"path_taken":["M","M","?","?","?","E","M","R","T","M","M","M"],"build_version":"2018-10-29v2","purchased_purges":0,"victory":false,"max_hp_per_floor":[66,66,66,66,66,66,66,66,66,66,66,66],"card_choices":[{"not_picked":["Deadly Poison","Underhanded Strike"],"picked":"Cloak And Dagger","floor":1.0},{"not_picked":["Deadly Poison","Flechettes"],"picked":"Infinite Blades","floor":2.0},{"not_picked":["A Thousand Cuts","Underhanded Strike"],"picked":"Blade Dance","floor":4.0},{"not_picked":["Eviscerate","Poisoned Stab"],"picked":"Blade Dance","floor":6.0},{"not_picked":["Prepared","Acrobatics"],"picked":"Sucker Punch","floor":7.0},{"not_picked":["Flying Knee","Riddle With Holes"],"picked":"All Out Attack","floor":10},{"not_picked":["Dodge and Roll","Acrobatics"],"picked":"Blade Dance","floor":11}],"player_experience":715289,"relics_obtained":[{"floor":6.0,"key":"Unceasing Top"},{"floor":9.0,"key":"Pantograph"}],"event_choices":[{"damage_healed":0.0,"max_hp_gain":0.0,"max_hp_loss":0.0,"gold_gain":0.0,"event_name":"Golden Wing","player_choice":"Ignored","floor":3.0,"gold_loss":0.0,"damage_taken":0.0}],"is_beta":true,"boss_relics":[],"items_purged_floors":[],"is_endless":false,"potions_floor_spawned":[2,7,11],"killed_by":"Lots of Slimes","ascension_level":14}