{"gold_per_floor":[359,206,226,239,219,219,2,31,31,119,131,59,103,127,139,223,235,265,294,306,318,340,352,364,376],"floor_reached":25,"playtime":788,"items_purged":["Strike_G"],"score":418,"play_id":"23940552-76cd-47d7-a02e-ba3710caf4bc","local_time":"20190912223925","is_ascension_mode":true,"campfire_choices":[{"data":"Noxious Fumes","floor":6.0,"key":"SMITH"},{"floor":11.0,"key":"REST"},{"data":"Apotheosis","floor":15.0,"key":"SMITH"},{"floor":23,"key":"REST"}],"neow_cost":"PERCENT_DAMAGE","seed_source_timestamp":0,"circlet_count":0,"master_deck":["AscendersBane","Strike_G","Strike_G","Strike_G","Strike_G","Defend_G","Defend_G","Defend_G","Defend_G","Defend_G","Survivor","Neutralize","Predator","Noxious Fumes+1","Bouncing Flask","Dagger Spray","Apotheosis+1","Bane","Skewer","Escape Plan","Burst","PiercingWail+1","Poisoned Stab"],"special_seed":0,"relics":["Ring of the Snake","Matryoshka","Juzu Bracelet","MawBank","Centennial Puzzle","Bag of Marbles","Runic Pyramid"],"potions_floor_usage":[],"damage_taken":[{"damage":0.0,"enemies":"Small Slimes","floor":1.0,"turns":5.0},{"damage":0.0,"enemies":"Cultist","floor":3.0,"turns":4.0},{"damage":0.0,"enemies":"Jaw Worm","floor":4.0,"turns":5.0},{"damage":36.0,"enemies":"Gremlin Nob","floor":8.0,"turns":4.0},{"damage":18.0,"enemies":"3 Sentries","floor":13.0,"turns":4.0},{"damage":0.0,"enemies":"2 Fungi Beasts","floor":14.0,"turns":2.0},{"damage":7.0,"enemies":"Slime Boss","floor":16.0,"turns":6.0},{"damage":19,"enemies":"Spheric Guardian","floor":18,"turns":6},{"damage":3,"enemies":"2 Thieves","floor":19,"turns":5},{"damage":13,"enemies":"Snecko","floor":22,"turns":5},{"damage":25,"enemies":"Book of Stabbing","floor":25,"turns":5}],"seed_played":"-1158816381254686544","potions_obtained":[{"floor":1.0,"key":"Poison Potion"},{"floor":3.0,"key":"SkillPotion"},{"floor":13.0,"key":"Energy Potion"},{"floor":19,"key":"Ancient Potion"},{"floor":22,"key":"Strength Potion"}],"is_trial":false,"path_per_floor":["M","$","M","M","?","R","$","E","T","?","R","?","E","M","R","B",null,"M","M","?","?","M","R","?","E"],"character_chosen":"THE_SILENT","items_purchased":["Noxious Fumes","Apotheosis"],"campfire_rested":2,"item_purchase_floors":[2,7],"current_hp_per_floor":[44,44,44,44,44,44,44,8,8,8,27,27,9,9,9,2,50,31,28,28,28,15,34,16,0],"gold":376,"neow_bonus":"TWO_FIFTY_GOLD","is_prod":false,"is_daily":false,"chose_seed":false,"campfire_upgraded":2,"win_rate":0,"timestamp":1568320765,"path_taken":["M","$","M","M","?","R","$","E","T","?","R","?","E","M","R","BOSS","M","M","?","?","M","R","?","E"],"build_version":"2019-09-11v2","purchased_purges":1,"victory":false,"max_hp_per_floor":[66,66,66,66,66,66,66,66,66,66,66,66,66,66,66,66,66,66,66,66,66,66,66,71,71],"card_choices":[{"not_picked":["Flechettes","Footwork"],"picked":"Predator","floor":1.0},{"not_picked":["Sucker Punch","Prepared"],"picked":"Bouncing Flask","floor":3.0},{"not_picked":["Infinite Blades","Flying Knee"],"picked":"Dagger Spray","floor":4.0},{"not_picked":["Prepared","Expertise"],"picked":"Bane","floor":8.0},{"not_picked":["Dagger Throw","Slice"],"picked":"Skewer","floor":13.0},{"not_picked":["Flechettes","Quick Slash"],"picked":"Escape Plan","floor":14.0},{"not_picked":["Tools of the Trade","Phantasmal Killer"],"picked":"Burst","floor":16.0},{"not_picked":["Reflex","Quick Slash"],"picked":"PiercingWail","floor":18},{"not_picked":["Tactician","Acrobatics"],"picked":"Poisoned Stab","floor":19},{"not_picked":["Tactician","Underhanded Strike","Riddle With Holes"],"picked":"SKIP","floor":22}],"player_experience":2029772,"relics_obtained":[{"floor":8.0,"key":"Matryoshka"},{"floor":9.0,"key":"Juzu Bracelet"},{"floor":9.0,"key":"MawBank"},{"floor":13.0,"key":"Bag of Marbles"}],"event_choices":[{"damage_healed":0.0,"max_hp_gain":0.0,"max_hp_loss":0.0,"gold_gain":0.0,"event_name":"The Woman in Blue","player_choice":"Bought 1 Potion","floor":5.0,"gold_loss":0.0,"damage_taken":0.0},{"damage_healed":0.0,"max_hp_gain":0.0,"max_hp_loss":0.0,"gold_gain":76.0,"event_name":"Golden Wing","player_choice":"Gained Gold","floor":10.0,"gold_loss":0.0,"damage_taken":0.0},{"damage_healed":0.0,"max_hp_gain":0.0,"max_hp_loss":0.0,"gold_gain":0.0,"event_name":"WeMeetAgain","player_choice":"Paid Gold","floor":12.0,"gold_loss":84.0,"damage_taken":0.0,"relics_obtained":["Centennial Puzzle"]},{"damage_healed":0,"gold_gain":0,"player_choice":"Ignored","damage_taken":0,"max_hp_gain":0,"max_hp_loss":0,"event_name":"N\u0027loth","floor":20,"gold_loss":0},{"damage_healed":0,"gold_gain":0,"player_choice":"Upgraded","damage_taken":0,"max_hp_gain":0,"max_hp_loss":0,"event_name":"Upgrade Shrine","floor":21,"gold_loss":0,"cards_upgraded":["PiercingWail"]},{"damage_healed":0,"gold_gain":0,"player_choice":"Shed Blood","damage_taken":23,"max_hp_gain":5,"max_hp_loss":0,"event_name":"Forgotten Altar","floor":24,"gold_loss":0}],"is_beta":true,"boss_relics":[{"not_picked":["Busted Crown","Calling Bell"],"picked":"Runic Pyramid"}],"items_purged_floors":[2],"is_endless":false,"potions_floor_spawned":[1,3,13,19,22],"killed_by":"Book of Stabbing","ascension_level":20}