{"gold_per_floor":[110,110,110,128,100,100,129,141,141,141,167,179,205,221,221,295,295,313,313,325,338,338,338,367,383,383,383,416,429,441,451,451,525,525,545,556,556,570,276,276,303,314,338,338],"floor_reached":44,"playtime":1657,"items_purged":["Strike_G"],"score":1034,"play_id":"6c6373f2-c713-4665-9a1f-604ab4e4ef2d","local_time":"20190409111326","is_ascension_mode":true,"campfire_choices":[{"data":"Deadly Poison","floor":6.0,"key":"SMITH"},{"data":"Neutralize","floor":10.0,"key":"SMITH"},{"floor":15.0,"key":"REST"},{"data":"Noxious Fumes","floor":23.0,"key":"SMITH"},{"floor":27.0,"key":"REST"},{"floor":32.0,"key":"REST"},{"floor":40.0,"key":"REST"}],"neow_cost":"NONE","seed_source_timestamp":0,"circlet_count":0,"master_deck":["AscendersBane","Defend_G+1","Defend_G","Defend_G","Defend_G","Defend_G","Strike_G+1","Strike_G+1","Strike_G","Survivor","Neutralize+1","Deadly Poison","Deadly Poison+1","Flying Knee+1","Well Laid Plans","Die Die Die","Backstab","Noxious Fumes+1","Dash","Deflect+1","Noxious Fumes","Catalyst+1","Backflip+1","Noxious Fumes+1","Night Terror+1","Footwork","PiercingWail+1","Burst"],"special_seed":0,"relics":["Ring of the Snake","Regal Pillow","Pocketwatch","The Specimen","Bronze Scales","Boot","Orrery","PreservedInsect","Question Card","Whetstone","Busted Crown","Lantern","Orichalcum"],"potions_floor_usage":[42],"damage_taken":[{"damage":1.0,"enemies":"2 Louse","floor":1.0,"turns":4.0},{"damage":0.0,"enemies":"Cultist","floor":4.0,"turns":4.0},{"damage":20.0,"enemies":"Lagavulin","floor":7.0,"turns":5.0},{"damage":2.0,"enemies":"Jaw Worm","floor":8.0,"turns":3.0},{"damage":29.0,"enemies":"Gremlin Nob","floor":11.0,"turns":4.0},{"damage":7.0,"enemies":"Exordium Thugs","floor":12.0,"turns":4.0},{"damage":5.0,"enemies":"Lots of Slimes","floor":14.0,"turns":3.0},{"damage":4.0,"enemies":"The Guardian","floor":16.0,"turns":9.0},{"damage":11.0,"enemies":"Chosen","floor":18.0,"turns":5.0},{"damage":9.0,"enemies":"Shell Parasite","floor":20.0,"turns":5.0},{"damage":10.0,"enemies":"Snecko","floor":21.0,"turns":6.0},{"damage":36.0,"enemies":"Slavers","floor":24.0,"turns":6.0},{"damage":11.0,"enemies":"Centurion and Healer","floor":25.0,"turns":6.0},{"damage":20.0,"enemies":"Book of Stabbing","floor":28.0,"turns":3.0},{"damage":15.0,"enemies":"Sentry and Sphere","floor":29.0,"turns":5.0},{"damage":4.0,"enemies":"Cultist and Chosen","floor":30.0,"turns":5.0},{"damage":9.0,"enemies":"3 Cultists","floor":31.0,"turns":5.0},{"damage":11.0,"enemies":"Champ","floor":33.0,"turns":8.0},{"damage":8.0,"enemies":"3 Shapes","floor":35.0,"turns":5.0},{"damage":4.0,"enemies":"Orb Walker","floor":36.0,"turns":4.0},{"damage":22.0,"enemies":"4 Shapes","floor":38.0,"turns":4.0},{"damage":38.0,"enemies":"Reptomancer","floor":41.0,"turns":3.0},{"damage":9,"enemies":"Maw","floor":42,"turns":7},{"damage":21,"enemies":"Transient","floor":44,"turns":2}],"seed_played":"9093870454986724440","potions_obtained":[{"floor":7.0,"key":"SteroidPotion"},{"floor":11.0,"key":"Strength Potion"},{"floor":14.0,"key":"Regen Potion"},{"floor":18.0,"key":"Block Potion"},{"floor":25.0,"key":"Poison Potion"},{"floor":30.0,"key":"FearPotion"},{"floor":35.0,"key":"Energy Potion"}],"is_trial":false,"path_per_floor":["M","?","?","M","$","R","E","M","T","R","E","M","T","M","R","B",null,"M","?","M","M","?","R","E","M","T","R","E","M","M","M","R","B",null,"M","M","?","M","$","R","E","M","T","M"],"character_chosen":"THE_SILENT","items_purchased":["Flying Knee","Lantern","Dexterity Potion"],"campfire_rested":4,"item_purchase_floors":[5,39,39],"current_hp_per_floor":[58,38,66,66,66,66,46,44,44,44,15,8,8,3,37,33,58,47,66,57,47,47,47,26,15,15,49,29,14,10,1,35,24,56,48,44,44,22,22,56,18,9,9,0],"gold":338,"neow_bonus":"RANDOM_COMMON_RELIC","is_prod":false,"is_daily":false,"chose_seed":false,"campfire_upgraded":3,"win_rate":0,"timestamp":1554801206,"path_taken":["M","?","?","?","$","R","E","M","T","R","E","M","?","M","R","BOSS","M","?","M","?","?","R","E","M","T","R","E","?","M","M","R","BOSS","M","M","?","?","$","R","E","M","T","M"],"build_version":"2019-01-23","purchased_purges":1,"victory":false,"max_hp_per_floor":[66,66,66,66,66,66,66,66,66,66,66,66,66,66,66,66,66,66,66,66,66,66,66,66,66,66,66,66,66,66,66,66,66,66,66,66,66,66,66,66,66,66,66,66],"card_choices":[{"not_picked":["Catalyst","Blade Dance"],"picked":"Deadly Poison","floor":1.0},{"not_picked":["Distraction","Flying Knee"],"picked":"Deadly Poison","floor":4.0},{"not_picked":["Blade Dance","Concentrate"],"picked":"Endless Agony","floor":7.0},{"not_picked":["Riddle With Holes","Prepared","All Out Attack"],"picked":"SKIP","floor":8.0},{"not_picked":["Reflex","Blur","Setup"],"picked":"SKIP","floor":11.0},{"not_picked":["Tools of the Trade","Blade Dance","Deflect"],"picked":"SKIP","floor":12.0},{"not_picked":["All Out Attack","Cloak And Dagger"],"picked":"Well Laid Plans","floor":14.0},{"not_picked":["Bullet Time","Venomology"],"picked":"Die Die Die","floor":16.0},{"not_picked":["Slice","Quick Slash"],"picked":"Backstab","floor":17.0},{"not_picked":["Deadly Poison","Reflex"],"picked":"Noxious Fumes","floor":17.0},{"not_picked":["Skewer","Storm of Steel"],"picked":"Dash","floor":17.0},{"not_picked":["Acrobatics+1","Accuracy"],"picked":"Deflect+1","floor":18.0},{"not_picked":["Sucker Punch","Prepared","Dagger Throw"],"picked":"SKIP","floor":20.0},{"not_picked":["Deadly Poison","Skewer+1","Prepared+1"],"picked":"SKIP","floor":21.0},{"not_picked":["Deflect","Endless Agony"],"picked":"Noxious Fumes","floor":24.0},{"not_picked":["Storm of Steel","Concentrate+1"],"picked":"Catalyst+1","floor":25.0},{"not_picked":["Noxious Fumes+1","Unload","Deflect"],"picked":"Backflip+1","floor":28.0},{"not_picked":["Underhanded Strike","Sucker Punch","Blur"],"picked":"Noxious Fumes+1","floor":29.0},{"not_picked":["Riddle With Holes","Quick Slash","Slice+1","Prepared"],"picked":"SKIP","floor":30.0},{"not_picked":["Poisoned Stab","Underhanded Strike","Deadly Poison","Slice"],"picked":"SKIP","floor":31.0},{"not_picked":["Phantasmal Killer","Adrenaline","Bullet Time"],"picked":"Night Terror","floor":33.0},{"not_picked":["Concentrate"],"picked":"Footwork","floor":35.0},{"not_picked":["Prepared+1"],"picked":"PiercingWail+1","floor":36.0},{"not_picked":["Deadly Poison","Setup+1"],"picked":"SKIP","floor":38.0},{"not_picked":["Prepared+1","Dagger Spray"],"picked":"SKIP","floor":41.0},{"not_picked":["Predator+1"],"picked":"Burst","floor":42}],"player_experience":1568523,"relics_obtained":[{"floor":7.0,"key":"Pocketwatch"},{"floor":9.0,"key":"The Specimen"},{"floor":11.0,"key":"Bronze Scales"},{"floor":13.0,"key":"Boot"},{"floor":24.0,"key":"PreservedInsect"},{"floor":26.0,"key":"Question Card"},{"floor":28.0,"key":"Whetstone"},{"floor":41.0,"key":"Orichalcum"}],"event_choices":[{"damage_healed":0.0,"max_hp_gain":0.0,"max_hp_loss":0.0,"gold_gain":0.0,"event_name":"Shining Light","player_choice":"Entered Light","floor":2.0,"gold_loss":0.0,"damage_taken":20.0,"cards_upgraded":["Strike_G","Defend_G"]},{"damage_healed":28.0,"max_hp_gain":0.0,"max_hp_loss":0.0,"gold_gain":0.0,"event_name":"Wheel of Change","player_choice":"Full Heal","floor":3.0,"gold_loss":0.0,"damage_taken":0.0},{"cards_removed":["Endless Agony"],"damage_healed":19.0,"max_hp_gain":0.0,"max_hp_loss":0.0,"gold_gain":0.0,"event_name":"Bonfire Elementals","player_choice":"Offered Uncommon","floor":19.0,"gold_loss":0.0,"damage_taken":0.0},{"cards_removed":["Strike_G"],"damage_healed":0.0,"max_hp_gain":0.0,"max_hp_loss":0.0,"gold_gain":0.0,"event_name":"Purifier","player_choice":"Purged","floor":22.0,"gold_loss":0.0,"damage_taken":0.0},{"damage_healed":0.0,"max_hp_gain":0.0,"max_hp_loss":0.0,"gold_gain":0.0,"event_name":"Upgrade Shrine","player_choice":"Upgraded","floor":37.0,"gold_loss":0.0,"damage_taken":0.0,"cards_upgraded":["Night Terror"]}],"is_beta":false,"boss_relics":[{"not_picked":["Empty Cage","Runic Dome"],"picked":"Orrery"},{"not_picked":["Ring of the Serpent","Cursed Key"],"picked":"Busted Crown"}],"items_purged_floors":[39],"is_endless":false,"potions_floor_spawned":[7,11,14,18,21,25,30,35,41],"killed_by":"Transient","ascension_level":20}