{"gold_per_floor":[113,113,131,151,164,198,198,1,1,34,34],"floor_reached":11,"playtime":337,"items_purged":[],"score":184,"play_id":"444e03d4-d7dc-442f-a3d9-cab2f0fcbfc3","local_time":"20180922123031","is_ascension_mode":true,"campfire_choices":[{"data":"Zap","floor":7,"key":"SMITH"}],"neow_cost":"NONE","seed_source_timestamp":5696654293759,"circlet_count":0,"master_deck":["Strike_B","Strike_B","Strike_B","Strike_B","Defend_B","Defend_B","Defend_B","Defend_B","Zap+1","Dualcast","AscendersBane","Conserve Battery","Injury","Go for the Eyes","Beam Cell","Go for the Eyes","Darkness","Streamline"],"relics":["Cracked Core","Smiling Mask","Golden Idol","Anchor","Sling","Happy Flower","Question Card"],"potions_floor_usage":[10,10,10,10],"damage_taken":[{"damage":2,"enemies":"2 Louse","floor":1,"turns":2},{"damage":0,"enemies":"Small Slimes","floor":3,"turns":3},{"damage":1,"enemies":"Cultist","floor":4,"turns":4},{"damage":8,"enemies":"Large Slime","floor":5,"turns":6},{"damage":36,"enemies":"Lagavulin","floor":6,"turns":9},{"damage":0,"enemies":"Gremlin Nob","floor":10,"turns":2},{"damage":20,"enemies":"Gremlin Gang","floor":11,"turns":3}],"seed_played":"-8946066241520553474","potions_obtained":[{"floor":3,"key":"EntropicBrew"},{"floor":4,"key":"Swift Potion"}],"is_trial":false,"path_per_floor":["M","?","M","M","M","E","R","$","T","E"],"character_chosen":"DEFECT","items_purchased":["Sling"],"campfire_rested":0,"item_purchase_floors":[8],"current_hp_per_floor":[62,62,62,61,53,17,17,17,17,17,0],"gold":34,"neow_bonus":"RANDOM_COMMON_RELIC","is_prod":false,"is_daily":false,"chose_seed":false,"campfire_upgraded":1,"win_rate":0,"timestamp":1537612231,"path_taken":["M","?","M","M","?","E","R","$","T","E","M"],"build_version":"2018-09-20","purchased_purges":0,"victory":false,"max_hp_per_floor":[71,71,71,71,71,71,71,71,71,71,71],"card_choices":[{"not_picked":["Compile Driver","Coolheaded"],"picked":"Conserve Battery","floor":1},{"not_picked":["Storm","Hologram"],"picked":"Go for the Eyes","floor":3},{"not_picked":["Redo","Rebound"],"picked":"Beam Cell","floor":4},{"not_picked":["Heatsinks","Turbo"],"picked":"Go for the Eyes","floor":5},{"not_picked":["Beam Cell","Stack"],"picked":"Darkness","floor":6},{"not_picked":["Redo","Reboot"],"picked":"Streamline","floor":10}],"player_experience":477710,"relics_obtained":[{"floor":6,"key":"Anchor"},{"floor":9,"key":"Happy Flower"},{"floor":10,"key":"Question Card"}],"event_choices":[{"event_name":"Golden Idol","player_choice":"Take Wound","floor":2,"damage_taken":0}],"is_beta":true,"boss_relics":[],"items_purged_floors":[],"is_endless":false,"potions_floor_spawned":[3,4,5],"killed_by":"Gremlin Gang","ascension_level":14}