{"gold_per_floor":[114,264,283,283,7,7,34,34,88,17,29,48,48,83,83,159,159,172,97,112,112,112],"floor_reached":22,"playtime":797,"items_purged":["Doubt"],"score":384,"play_id":"cd1be31f-1ed1-4fa1-bb84-1325509f87b8","local_time":"20190708234506","is_ascension_mode":true,"campfire_choices":[{"floor":6.0,"key":"REST"},{"floor":13,"key":"REST"},{"data":"Crippling Poison","floor":15,"key":"SMITH"}],"neow_cost":"NONE","seed_source_timestamp":51339019051978,"circlet_count":0,"master_deck":["AscendersBane","Strike_G","Strike_G","Strike_G","Strike_G","Defend_G","Defend_G","Defend_G","Defend_G","Defend_G","Survivor","Neutralize","Infinite Blades","Poisoned Stab","Backflip","Dagger Throw","Crippling Poison+1","Skewer","A Thousand Cuts","Poisoned Stab","PiercingWail","Crippling Poison","Writhe"],"special_seed":0,"relics":["Ring of the Snake","Orichalcum","Bronze Scales","Art of War","Vajra","Snake Skull","Orrery","Regal Pillow"],"potions_floor_usage":[16,16],"damage_taken":[{"damage":9.0,"enemies":"Jaw Worm","floor":1.0,"turns":7.0},{"damage":9.0,"enemies":"Small Slimes","floor":3.0,"turns":7.0},{"damage":26.0,"enemies":"3 Sentries","floor":7.0,"turns":9.0},{"damage":0.0,"enemies":"2 Louse","floor":11.0,"turns":2.0},{"damage":0,"enemies":"2 Fungi Beasts","floor":12,"turns":3},{"damage":16,"enemies":"Lagavulin","floor":14,"turns":6},{"damage":26,"enemies":"Slime Boss","floor":16,"turns":9},{"damage":15,"enemies":"Chosen","floor":18,"turns":5},{"damage":20,"enemies":"Spheric Guardian","floor":20,"turns":6},{"damage":20,"enemies":"Snecko","floor":22,"turns":6}],"seed_played":"-2765500981920051107","potions_obtained":[{"floor":7.0,"key":"Ancient Potion"},{"floor":12,"key":"FearPotion"},{"floor":14,"key":"Regen Potion"}],"is_trial":false,"path_per_floor":["M","?","M","?","$","R","E","?","T","?","M","M","R","E","R","B",null,"M","?","M","?","M"],"character_chosen":"THE_SILENT","items_purchased":["Backflip","Bronze Scales"],"campfire_rested":2,"item_purchase_floors":[5,5],"current_hp_per_floor":[56,56,47,12,12,33,7,7,7,7,7,7,28,12,12,1,54,39,39,19,19,0],"gold":112,"neow_bonus":"TEN_PERCENT_HP_BONUS","is_prod":false,"is_daily":false,"chose_seed":false,"campfire_upgraded":1,"win_rate":0,"timestamp":1562622306,"path_taken":["M","?","M","?","$","R","E","?","T","?","M","M","R","E","R","BOSS","M","?","M","?","M"],"build_version":"2019-07-05","purchased_purges":1,"victory":false,"max_hp_per_floor":[72,72,72,72,72,72,72,72,72,72,72,72,72,72,72,72,72,72,72,72,72,72],"card_choices":[{"not_picked":["Blade Dance","Flying Knee"],"picked":"Infinite Blades","floor":1.0},{"not_picked":["PiercingWail","Finisher"],"picked":"Poisoned Stab","floor":3.0},{"not_picked":["Cloak And Dagger","Dodge and Roll"],"picked":"Dagger Throw","floor":7.0},{"not_picked":["Slice","Grand Finale"],"picked":"Crippling Poison","floor":11.0},{"not_picked":["Dodge and Roll","Outmaneuver"],"picked":"Skewer","floor":12},{"not_picked":["Distraction","Outmaneuver","Eviscerate"],"picked":"SKIP","floor":14},{"not_picked":["Phantasmal Killer","Envenom"],"picked":"A Thousand Cuts","floor":16},{"not_picked":["Cloak And Dagger","Heel Hook"],"picked":"Poisoned Stab","floor":17},{"not_picked":["Poisoned Stab","Dagger Spray"],"picked":"PiercingWail","floor":17},{"not_picked":["Cloak And Dagger","Distraction"],"picked":"Crippling Poison","floor":18},{"not_picked":["Sucker Punch","Slice","Quick Slash"],"picked":"SKIP","floor":20}],"player_experience":1780997,"relics_obtained":[{"floor":7.0,"key":"Art of War"},{"floor":9.0,"key":"Vajra"},{"floor":14,"key":"Snake Skull"}],"event_choices":[{"damage_healed":0.0,"max_hp_gain":0.0,"max_hp_loss":0.0,"gold_gain":150.0,"event_name":"Liars Game","player_choice":"AGREE","floor":2.0,"gold_loss":0.0,"damage_taken":0.0,"cards_obtained":["Doubt"]},{"damage_healed":0.0,"max_hp_gain":0.0,"max_hp_loss":0.0,"gold_gain":0.0,"event_name":"Scrap Ooze","player_choice":"Success","floor":4.0,"gold_loss":0.0,"damage_taken":35.0,"relics_obtained":["Orichalcum"]},{"damage_healed":0.0,"max_hp_gain":0.0,"max_hp_loss":0.0,"gold_gain":0.0,"event_name":"Golden Wing","player_choice":"Ignored","floor":8.0,"gold_loss":0.0,"damage_taken":0.0},{"damage_healed":0.0,"max_hp_gain":0.0,"max_hp_loss":0.0,"gold_gain":0.0,"event_name":"World of Goop","player_choice":"Left Gold","floor":10.0,"gold_loss":71.0,"damage_taken":0.0},{"cards_removed":["Strike_G"],"damage_healed":0,"gold_gain":0,"player_choice":"Gave Gold","damage_taken":0,"max_hp_gain":0,"max_hp_loss":0,"event_name":"Beggar","floor":19,"gold_loss":75},{"damage_healed":0,"gold_gain":0,"player_choice":"Opened","damage_taken":0,"relics_obtained":["Regal Pillow"],"max_hp_gain":0,"max_hp_loss":0,"event_name":"The Mausoleum","floor":21,"gold_loss":0,"cards_obtained":["Writhe"]}],"is_beta":false,"boss_relics":[{"not_picked":["Empty Cage","Calling Bell"],"picked":"Orrery"}],"items_purged_floors":[5],"is_endless":false,"potions_floor_spawned":[7,12,14],"killed_by":"Snecko","ascension_level":20}