{"gold_per_floor":[117,117,117,292,15,42,42,52,52,79,79,95,95,46,46,151,151,162,175,22,22,41,72,72,97,97,132,9,25,25,50,50,148,148,165,0,0,13,13,43,73,73,73,73,86,98,129,139,139,139,139,139,0,31,31],"floor_reached":56,"playtime":8531,"items_purged":["Doubt"],"score":1476,"play_id":"bfe834f6-3e99-427a-8ca9-15c804941841","local_time":"20191001192254","is_ascension_mode":true,"campfire_choices":[{"data":"Dash","floor":7,"key":"SMITH"},{"data":"Neutralize","floor":11,"key":"SMITH"},{"data":"Dodge and Roll","floor":13,"key":"SMITH"},{"data":"Defend_G","floor":15,"key":"SMITH"},{"data":"After Image","floor":24,"key":"SMITH"},{"floor":30,"key":"RECALL"},{"floor":32,"key":"REST"},{"data":"A Thousand Cuts","floor":42,"key":"SMITH"},{"data":"Infinite Blades","floor":44,"key":"SMITH"},{"floor":49,"key":"REST"},{"data":"Backstab","floor":52,"key":"SMITH"}],"neow_cost":"NONE","seed_source_timestamp":370889904693200,"circlet_count":0,"master_deck":["Survivor","Neutralize+1","Escape Plan","Dash+1","Well Laid Plans","Dodge and Roll+1","Expertise","Parasite","Blade Dance","Backstab","Storm of Steel","Terror","Cloak And Dagger","Cloak And Dagger","Infinite Blades+1","After Image+1","Dagger Throw","Dagger Spray","Deadly Poison","Deflect+1","Flying Knee+1","Backflip+1","Bullet Time","Masterful Stab","Setup","Distraction","Burst","Skewer","Leg Sweep","Corpse Explosion","Bouncing Flask","Acrobatics","Backstab+1","Adrenaline","Endless Agony","Dagger Throw+1","PiercingWail+1","A Thousand Cuts+1","Masterful Stab+1","Accuracy","Underhanded Strike+1"],"relics":["Cursed Key","Matryoshka","Ice Cream","Omamori","Dead Branch","WingedGreaves","Orrery","Pen Nib","Bag of Marbles","Dream Catcher","Paper Crane","Shuriken","Vajra","Unceasing Top","Pandora\u0027s Box","Red Mask","Kunai","Strawberry","Snake Skull","Orichalcum"],"potions_floor_usage":[6,16,23,23,23,33,33,33,41,48,54,55,55],"damage_taken":[{"damage":0,"enemies":"Cultist","floor":1,"turns":5},{"damage":29,"enemies":"3 Sentries","floor":6,"turns":12},{"damage":0,"enemies":"2 Louse","floor":8,"turns":3},{"damage":20,"enemies":"Gremlin Nob","floor":10,"turns":6},{"damage":0,"enemies":"Small Slimes","floor":12,"turns":4},{"damage":5,"enemies":"Hexaghost","floor":16,"turns":13},{"damage":0,"enemies":"Chosen","floor":18,"turns":4},{"damage":4,"enemies":"3 Byrds","floor":19,"turns":4},{"damage":11,"enemies":"Shelled Parasite and Fungi","floor":22,"turns":4},{"damage":5,"enemies":"Gremlin Leader","floor":23,"turns":8},{"damage":2,"enemies":"Slavers","floor":25,"turns":5},{"damage":0,"enemies":"Book of Stabbing","floor":27,"turns":3},{"damage":0,"enemies":"Sentry and Sphere","floor":29,"turns":7},{"damage":9,"enemies":"Gremlin Leader","floor":31,"turns":3},{"damage":0,"enemies":"Collector","floor":33,"turns":6},{"damage":0,"enemies":"3 Shapes","floor":35,"turns":3},{"damage":0,"enemies":"3 Darklings","floor":38,"turns":1},{"damage":0,"enemies":"Giant Head","floor":40,"turns":4},{"damage":24,"enemies":"Reptomancer","floor":41,"turns":6},{"damage":0,"enemies":"Writhing Mass","floor":45,"turns":3},{"damage":7,"enemies":"Spire Growth","floor":46,"turns":4},{"damage":3,"enemies":"Nemesis","floor":47,"turns":5},{"damage":6,"enemies":"Sphere and 2 Shapes","floor":48,"turns":3},{"damage":33,"enemies":"Time Eater","floor":50,"turns":8},{"damage":0,"enemies":"Shield and Spear","floor":54,"turns":4},{"damage":45,"enemies":"The Heart","floor":55,"turns":9}],"seed_played":"-288402982287415242","potions_obtained":[{"floor":1,"key":"Dexterity Potion"},{"floor":6,"key":"Energy Potion"},{"floor":16,"key":"FearPotion"},{"floor":18,"key":"EssenceOfSteel"},{"floor":19,"key":"Weak Potion"},{"floor":23,"key":"SteroidPotion"},{"floor":29,"key":"Explosive Potion"},{"floor":38,"key":"Regen Potion"},{"floor":40,"key":"SmokeBomb"},{"floor":47,"key":"EntropicBrew"}],"is_trial":false,"path_per_floor":["M","?","?","?","$","E","R","M","T","E","R","M","R","?","R","B",null,"M","M","$","?","M","E","R","E","T","E","$","M","R","E","R","B",null,"M","?","?","M","$","E","E","R","T","R","M","M","E","M","R","B",null,"R","$","E","B",null],"character_chosen":"THE_SILENT","items_purchased":["Matryoshka","Well Laid Plans","Pen Nib","AttackPotion","Accuracy","Fire Potion","SpeedPotion"],"campfire_rested":2,"item_purchase_floors":[5,5,20,28,53,53,53],"current_hp_per_floor":[70,70,70,70,70,41,41,41,41,21,21,21,21,21,21,16,70,70,66,66,66,55,50,50,48,48,48,48,48,48,39,60,60,70,70,70,70,70,70,70,62,62,62,62,62,55,52,46,69,36,77,77,77,77,32],"gold":31,"neow_bonus":"BOSS_RELIC","is_prod":false,"is_daily":false,"chose_seed":false,"campfire_upgraded":8,"win_rate":0,"timestamp":1569950574,"path_taken":["M","?","?","?","?","E","R","M","T","E","R","?","R","?","R","BOSS","M","M","$","?","?","E","R","E","T","E","?","M","R","E","R","BOSS","M","?","?","M","$","E","E","R","T","R","M","M","E","?","R","BOSS","R","$","E","BOSS"],"build_version":"2019-07-17","purchased_purges":1,"victory":true,"max_hp_per_floor":[70,70,70,70,70,70,70,70,70,70,70,70,70,70,70,70,70,70,70,70,70,70,70,70,70,70,70,70,70,70,70,70,70,70,70,70,70,70,70,70,77,77,77,77,77,77,77,77,77,77,77,77,77,77,77],"card_choices":[{"not_picked":["Backflip","Dagger Throw"],"picked":"Escape Plan","floor":1},{"not_picked":["Underhanded Strike","Escape Plan"],"picked":"Dodge and Roll","floor":6},{"not_picked":["Catalyst","Outmaneuver"],"picked":"Expertise","floor":8},{"not_picked":["Doppelganger","Outmaneuver"],"picked":"Blade Dance","floor":10},{"not_picked":["Escape Plan","Expertise"],"picked":"Backstab","floor":12},{"not_picked":["Envenom","Tools of the Trade"],"picked":"Storm of Steel","floor":16},{"not_picked":["Sucker Punch","Underhanded Strike"],"picked":"Terror","floor":17},{"not_picked":["Bane","Reflex"],"picked":"Cloak And Dagger","floor":17},{"not_picked":["Bane","Flying Knee"],"picked":"Cloak And Dagger","floor":17},{"not_picked":["Prepared","Underhanded Strike"],"picked":"Infinite Blades","floor":17},{"not_picked":["Backflip","Noxious Fumes"],"picked":"After Image","floor":17},{"not_picked":["Bouncing Flask","Poisoned Stab"],"picked":"Dagger Throw","floor":18},{"not_picked":["Underhanded Strike","Acrobatics"],"picked":"Dagger Spray","floor":19},{"not_picked":["Predator+1","Poisoned Stab"],"picked":"Deflect+1","floor":22},{"not_picked":["Crippling Poison+1","Masterful Stab"],"picked":"Flying Knee+1","floor":23},{"not_picked":["Dagger Throw+1","Corpse Explosion"],"picked":"Backflip+1","floor":25},{"not_picked":["Crippling Poison","Reflex"],"picked":"Bullet Time","floor":27},{"not_picked":["Expertise","Poisoned Stab"],"picked":"Masterful Stab","floor":29},{"not_picked":["Bane","Outmaneuver"],"picked":"Setup","floor":31},{"not_picked":["Dagger Throw","Acrobatics"],"picked":"Distraction","floor":32},{"not_picked":["Venomology","Night Terror"],"picked":"Burst","floor":33},{"not_picked":["Acrobatics","Poisoned Stab"],"picked":"Dagger Throw+1","floor":35},{"not_picked":["Blade Dance","Bouncing Flask+1"],"picked":"PiercingWail+1","floor":38},{"not_picked":["Flying Knee+1","Dagger Spray+1"],"picked":"A Thousand Cuts","floor":40},{"not_picked":["Reflex+1","Sucker Punch","Wraith Form v2"],"picked":"SKIP","floor":41},{"not_picked":["Dagger Throw+1","Poisoned Stab+1","Dodge and Roll+1"],"picked":"SKIP","floor":45},{"not_picked":["Blade Dance","Backstab"],"picked":"Masterful Stab+1","floor":46},{"not_picked":["Poisoned Stab","Dodge and Roll+1","Backflip+1"],"picked":"SKIP","floor":47},{"not_picked":["Backflip","Flechettes","All Out Attack"],"picked":"SKIP","floor":48},{"not_picked":["Concentrate","Well Laid Plans"],"picked":"Underhanded Strike+1","floor":54}],"player_experience":76154,"relics_obtained":[{"floor":6,"key":"Ice Cream"},{"floor":9,"key":"Omamori"},{"floor":9,"key":"Dead Branch"},{"floor":10,"key":"WingedGreaves"},{"floor":23,"key":"Bag of Marbles"},{"floor":25,"key":"Dream Catcher"},{"floor":26,"key":"Paper Crane"},{"floor":26,"key":"Shuriken"},{"floor":27,"key":"Vajra"},{"floor":31,"key":"Unceasing Top"},{"floor":40,"key":"Kunai"},{"floor":41,"key":"Strawberry"},{"floor":47,"key":"Snake Skull"},{"floor":54,"key":"Orichalcum"}],"event_choices":[{"damage_healed":0,"gold_gain":0,"cards_transformed":["Defend_G"],"player_choice":"Change","damage_taken":0,"max_hp_gain":0,"max_hp_loss":0,"event_name":"Living Wall","floor":2,"gold_loss":0,"cards_obtained":["Dash"]},{"damage_healed":0,"gold_gain":0,"player_choice":"Leave","damage_taken":0,"max_hp_gain":0,"max_hp_loss":0,"event_name":"The Cleric","floor":3,"gold_loss":0},{"damage_healed":0,"gold_gain":175,"player_choice":"AGREE","damage_taken":0,"max_hp_gain":0,"max_hp_loss":0,"event_name":"Liars Game","floor":4,"gold_loss":0,"cards_obtained":["Doubt"]},{"damage_healed":0,"gold_gain":0,"player_choice":"Left Gold","damage_taken":0,"max_hp_gain":0,"max_hp_loss":0,"event_name":"World of Goop","floor":14,"gold_loss":49},{"damage_healed":0,"gold_gain":0,"cards_transformed":["Strike_G"],"player_choice":"Transformed","damage_taken":0,"max_hp_gain":0,"max_hp_loss":0,"event_name":"Transmorgrifier","floor":21,"gold_loss":0,"cards_obtained":["Deadly Poison"]},{"damage_healed":0,"gold_gain":0,"player_choice":"Paid","damage_taken":0,"relics_obtained":["Red Mask"],"max_hp_gain":0,"max_hp_loss":0,"event_name":"Tomb of Lord Red Mask","floor":36,"gold_loss":165},{"damage_healed":0,"gold_gain":0,"player_choice":"Ignored","damage_taken":0,"max_hp_gain":0,"max_hp_loss":0,"event_name":"SecretPortal","floor":37,"gold_loss":0}],"is_beta":false,"boss_relics":[{"not_picked":["Philosopher\u0027s Stone","Fusion Hammer"],"picked":"Orrery"},{"not_picked":["White Beast Statue","Velvet Choker"],"picked":"Pandora\u0027s Box"}],"items_purged_floors":[28],"is_endless":false,"potions_floor_spawned":[1,6,16,18,19,23,29,38,40,47],"ascension_level":1}