{"gold_per_floor":[218,234,245,258,258,258,292,292,292,292,312,338,338,371,371,469,469,488,504,94,114,114,144,144,161,186,186,199,199],"floor_reached":29,"playtime":6231,"items_purged":["Strike_G"],"score":331,"play_id":"581727b9-dd2c-4a92-b2fc-d60ce1881b60","local_time":"20190329073310","is_ascension_mode":true,"campfire_choices":[{"floor":6.0,"key":"REST"},{"data":"Sucker Punch","floor":8.0,"key":"SMITH"},{"floor":15.0,"key":"REST"},{"floor":24.0,"key":"REST"},{"floor":27.0,"key":"REST"}],"neow_cost":"NONE","seed_source_timestamp":0,"circlet_count":0,"master_deck":["Defend_G","Defend_G","Defend_G","Defend_G","Defend_G","Strike_G","Strike_G","Strike_G","Survivor","Neutralize","Dodge and Roll","Deflect","Riddle With Holes","Sucker Punch+1","Skewer","Dodge and Roll","Noxious Fumes","After Image","Poisoned Stab+1","Blur","Catalyst","Writhe","Deadly Poison","Blur","Caltrops","Backflip+1"],"special_seed":0,"relics":["Ring of the Snake","Ninja Scroll","Matryoshka","Ancient Tea Set","Bronze Scales","Sozu","Ginger","Gremlin Horn","Nunchaku","Dream Catcher","Juzu Bracelet"],"potions_floor_usage":[],"damage_taken":[{"damage":0.0,"enemies":"Jaw Worm","floor":1.0,"turns":7.0},{"damage":0.0,"enemies":"2 Louse","floor":2.0,"turns":3.0},{"damage":0.0,"enemies":"Small Slimes","floor":3.0,"turns":7.0},{"damage":2.0,"enemies":"3 Louse","floor":4.0,"turns":7.0},{"damage":26.0,"enemies":"Gremlin Nob","floor":7.0,"turns":5.0},{"damage":0.0,"enemies":"Blue Slaver","floor":11.0,"turns":2.0},{"damage":6.0,"enemies":"3 Sentries","floor":12.0,"turns":10.0},{"damage":31.0,"enemies":"Lagavulin","floor":14.0,"turns":9.0},{"damage":5.0,"enemies":"The Guardian","floor":16.0,"turns":12.0},{"damage":0.0,"enemies":"3 Byrds","floor":18.0,"turns":5.0},{"damage":1.0,"enemies":"Chosen","floor":19.0,"turns":4.0},{"damage":6.0,"enemies":"3 Cultists","floor":21.0,"turns":6.0},{"damage":34.0,"enemies":"Slavers","floor":23.0,"turns":7.0},{"damage":16.0,"enemies":"Snake Plant","floor":25.0,"turns":4.0},{"damage":19,"enemies":"Centurion and Healer","floor":28,"turns":4},{"damage":33,"enemies":"Gremlin Leader","floor":29,"turns":7}],"seed_played":"64591333770538069","potions_obtained":[{"floor":2.0,"key":"SmokeBomb"},{"floor":4.0,"key":"PowerPotion"},{"floor":12.0,"key":"AttackPotion"},{"floor":14.0,"key":"EssenceOfSteel"}],"is_trial":false,"path_per_floor":["M","M","M","M","?","R","E","R","T","?","M","E","?","E","R","B",null,"M","M","$","M","?","E","R","M","T","R","M","E"],"character_chosen":"THE_SILENT","items_purchased":["Ginger","Blur"],"campfire_rested":4,"item_purchase_floors":[20,20],"current_hp_per_floor":[70,70,70,68,61,70,44,44,44,67,67,61,61,30,51,46,64,64,63,63,57,57,23,44,28,28,49,30,0],"gold":199,"neow_bonus":"HUNDRED_GOLD","is_prod":false,"is_daily":false,"chose_seed":false,"campfire_upgraded":1,"win_rate":0,"timestamp":1553869990,"path_taken":["M","M","M","M","?","R","E","R","T","?","M","E","?","E","R","BOSS","M","M","$","M","?","E","R","M","T","R","M","E"],"build_version":"2019-01-23","purchased_purges":1,"victory":false,"max_hp_per_floor":[70,70,70,70,70,70,70,70,70,70,70,70,70,70,70,70,70,70,70,70,70,70,70,70,70,70,70,70,70],"card_choices":[{"not_picked":["Sucker Punch","Concentrate"],"picked":"Dodge and Roll","floor":1.0},{"not_picked":["Blade Dance","Outmaneuver"],"picked":"Deflect","floor":2.0},{"not_picked":["Blade Dance","Backflip"],"picked":"Riddle With Holes","floor":3.0},{"not_picked":["Cloak And Dagger","Blade Dance"],"picked":"Sucker Punch","floor":4.0},{"not_picked":["Sucker Punch","Bane"],"picked":"Skewer","floor":7.0},{"not_picked":["Deadly Poison","Concentrate"],"picked":"Dodge and Roll","floor":11.0},{"not_picked":["Outmaneuver","Terror","Bouncing Flask"],"picked":"SKIP","floor":12.0},{"not_picked":["Slice","Caltrops"],"picked":"Noxious Fumes","floor":14.0},{"not_picked":["Doppelganger","Die Die Die"],"picked":"After Image","floor":16.0},{"not_picked":["Prepared","Underhanded Strike","PiercingWail"],"picked":"SKIP","floor":18.0},{"not_picked":["PiercingWail","Flying Knee+1"],"picked":"Poisoned Stab+1","floor":19.0},{"not_picked":["All Out Attack","Slice+1"],"picked":"Catalyst","floor":21.0},{"not_picked":["Bane+1","Reflex"],"picked":"Deadly Poison","floor":23.0},{"not_picked":["Dodge and Roll","Outmaneuver+1"],"picked":"Blur","floor":25.0},{"not_picked":["Dodge and Roll","Sucker Punch+1"],"picked":"Caltrops","floor":27.0},{"not_picked":["Dagger Spray","Dagger Throw"],"picked":"Backflip+1","floor":28}],"player_experience":481095,"relics_obtained":[{"floor":7.0,"key":"Ninja Scroll"},{"floor":9.0,"key":"Matryoshka"},{"floor":12.0,"key":"Ancient Tea Set"},{"floor":14.0,"key":"Bronze Scales"},{"floor":23.0,"key":"Nunchaku"},{"floor":26.0,"key":"Dream Catcher"},{"floor":26.0,"key":"Juzu Bracelet"}],"event_choices":[{"cards_removed":["Strike_G"],"damage_healed":0.0,"max_hp_gain":0.0,"max_hp_loss":0.0,"gold_gain":0.0,"event_name":"Golden Wing","player_choice":"Card Removal","floor":5.0,"gold_loss":0.0,"damage_taken":7.0},{"damage_healed":23.0,"max_hp_gain":0.0,"max_hp_loss":0.0,"gold_gain":0.0,"event_name":"Big Fish","player_choice":"Banana","floor":10.0,"gold_loss":0.0,"damage_taken":0.0},{"damage_healed":0.0,"max_hp_gain":0.0,"max_hp_loss":0.0,"gold_gain":0.0,"event_name":"Liars Game","player_choice":"Ignored","floor":13.0,"gold_loss":0.0,"damage_taken":0.0},{"damage_healed":0.0,"max_hp_gain":0.0,"max_hp_loss":0.0,"gold_gain":0.0,"event_name":"The Mausoleum","player_choice":"Opened","floor":22.0,"gold_loss":0.0,"damage_taken":0.0,"relics_obtained":["Gremlin Horn"],"cards_obtained":["Writhe"]}],"is_beta":false,"boss_relics":[{"not_picked":["Snecko Eye","Astrolabe"],"picked":"Sozu"}],"items_purged_floors":[20],"is_endless":false,"potions_floor_spawned":[2,4,12,14,21,23,25],"killed_by":"Gremlin Leader","ascension_level":5}