{"gold_per_floor":[118,41,41,41,55,55,118,118,193,228,246,262,297,307,307,384,384,404,241,241,6,22,57,57,5,5,34,52,78,96,130,130,203,203,215,215,229,229,329,329,329,360,438,102,32,32,51,51],"floor_reached":48,"playtime":2253,"items_purged":["Strike_R","Strike_R"],"score":1210,"play_id":"b8539160-568f-4272-919f-a9a9cd234db1","local_time":"20181206134249","is_ascension_mode":true,"campfire_choices":[{"data":"Entrench","floor":6.0,"key":"SMITH"},{"data":"Armaments","floor":15.0,"key":"SMITH"},{"data":"Offering","floor":24.0,"key":"SMITH"},{"data":"Body Slam","floor":32.0,"key":"SMITH"},{"data":"Juggernaut","floor":40.0,"key":"SMITH"},{"floor":46.0,"key":"RECALL"}],"neow_cost":"NONE","seed_source_timestamp":0,"circlet_count":0,"master_deck":["AscendersBane","Strike_R","Strike_R+1","Defend_R","Defend_R","Defend_R","Defend_R","Bash","Body Slam+1","Shrug It Off","Iron Wave+1","Entrench+1","Power Through","True Grit","Power Through","Warcry","Whirlwind","Armaments+1","Offering+1","Disarm","Evolve","Battle Trance","Corruption","Body Slam+1","Disarm","Shrug It Off","Burning Pact","Body Slam","Juggernaut+1","Burning Pact","Shrug It Off+1","Flame Barrier","Clumsy","Feel No Pain"],"special_seed":0,"relics":["Burning Blood","NeowsBlessing","Tiny Chest","Self Forming Clay","Charon\u0027s Ashes","Letter Opener","Philosopher\u0027s Stone","Dream Catcher","Unceasing Top","Sundial","Whetstone","Omamori","Cursed Key","Pantograph","Ginger","Potion Belt","Molten Egg 2","Ice Cream","Ornamental Fan"],"potions_floor_usage":[],"damage_taken":[{"damage":0.0,"enemies":"Jaw Worm","floor":1.0,"turns":1.0},{"damage":0.0,"enemies":"Cultist","floor":5.0,"turns":1.0},{"damage":0.0,"enemies":"3 Sentries","floor":7.0,"turns":2.0},{"damage":28.0,"enemies":"Gremlin Nob","floor":10.0,"turns":5.0},{"damage":0.0,"enemies":"Small Slimes","floor":11.0,"turns":3.0},{"damage":6.0,"enemies":"Looter","floor":12.0,"turns":4.0},{"damage":5.0,"enemies":"3 Sentries","floor":13.0,"turns":8.0},{"damage":12.0,"enemies":"2 Fungi Beasts","floor":14.0,"turns":2.0},{"damage":33.0,"enemies":"The Guardian","floor":16.0,"turns":18.0},{"damage":7.0,"enemies":"Shell Parasite","floor":18.0,"turns":4.0},{"damage":6.0,"enemies":"2 Thieves","floor":22.0,"turns":4.0},{"damage":22.0,"enemies":"Slavers","floor":23.0,"turns":3.0},{"damage":10.0,"enemies":"Book of Stabbing","floor":27.0,"turns":4.0},{"damage":10.0,"enemies":"3 Cultists","floor":28.0,"turns":4.0},{"damage":6.0,"enemies":"Gremlin Leader","floor":29.0,"turns":5.0},{"damage":0.0,"enemies":"Snake Plant","floor":30.0,"turns":4.0},{"damage":6.0,"enemies":"Book of Stabbing","floor":31.0,"turns":2.0},{"damage":38.0,"enemies":"Collector","floor":33.0,"turns":8.0},{"damage":0.0,"enemies":"Orb Walker","floor":35.0,"turns":2.0},{"damage":0.0,"enemies":"3 Shapes","floor":37.0,"turns":2.0},{"damage":8.0,"enemies":"Mind Bloom Boss Battle","floor":39.0,"turns":5.0},{"damage":64.0,"enemies":"Nemesis","floor":42.0,"turns":5.0},{"damage":14.0,"enemies":"Jaw Worm Horde","floor":47.0,"turns":3.0},{"damage":20,"enemies":"Reptomancer","floor":48,"turns":4}],"seed_played":"-8002642443510459660","potions_obtained":[{"floor":5.0,"key":"Dexterity Potion"},{"floor":11.0,"key":"Dexterity Potion"},{"floor":16.0,"key":"Poison Potion"},{"floor":31.0,"key":"Strength Potion"}],"is_trial":false,"path_per_floor":["M","$","?","?","M","R","E","?","T","E","M","M","E","M","R","B",null,"M","$","?","$","M","E","R","$","T","E","M","E","M","E","R","B",null,"M","?","M","T","?","R","T","E","T","$","?","R","M","E"],"character_chosen":"IRONCLAD","items_purchased":["Shrug It Off","Iron Wave","Evolve","Corruption","Body Slam","Shrug It Off","Ice Cream"],"campfire_rested":0,"item_purchase_floors":[2,2,19,21,21,25,44],"current_hp_per_floor":[74,74,67,67,73,73,75,75,75,53,59,59,60,54,54,27,63,62,62,62,62,62,46,46,46,46,42,38,38,44,44,44,12,59,65,65,71,71,73,73,73,15,15,15,15,15,7,0],"gold":51,"neow_bonus":"THREE_ENEMY_KILL","is_prod":false,"is_daily":false,"chose_seed":false,"campfire_upgraded":5,"win_rate":0,"timestamp":1544100169,"path_taken":["M","$","?","?","?","R","E","?","T","E","M","M","E","M","R","BOSS","M","$","?","$","M","E","R","$","T","E","M","E","M","E","R","BOSS","M","?","?","?","?","R","?","E","T","$","?","R","M","E"],"build_version":"2018-12-06","purchased_purges":2,"victory":false,"max_hp_per_floor":[75,75,75,75,75,75,75,75,75,75,75,75,75,75,75,75,75,75,75,75,75,75,75,75,75,75,75,75,75,75,75,75,75,75,75,75,75,75,75,75,75,75,75,75,75,75,75,75],"card_choices":[{"not_picked":["Perfected Strike","Thunderclap"],"picked":"Body Slam","floor":1.0},{"not_picked":["Sword Boomerang","Battle Trance"],"picked":"Entrench","floor":5.0},{"not_picked":["Burning Pact","Heavy Blade"],"picked":"Power Through","floor":7.0},{"not_picked":["Uppercut","Heavy Blade"],"picked":"True Grit","floor":10.0},{"not_picked":["Iron Wave","Rage"],"picked":"Power Through","floor":11.0},{"not_picked":["Pummel","Clothesline"],"picked":"Warcry","floor":12.0},{"not_picked":["Reckless Charge","Blood for Blood"],"picked":"Whirlwind","floor":13.0},{"not_picked":["Havoc","Bloodletting"],"picked":"Armaments","floor":14.0},{"not_picked":["Reaper","Immolate"],"picked":"Offering","floor":16.0},{"not_picked":["Sever Soul","Headbutt"],"picked":"Disarm","floor":18.0},{"not_picked":["Thunderclap","Perfected Strike"],"picked":"Disarm","floor":22.0},{"not_picked":["Fire Breathing","Spot Weakness","Havoc"],"picked":"SKIP","floor":23.0},{"not_picked":["Sword Boomerang","Havoc","Wild Strike"],"picked":"SKIP","floor":27.0},{"not_picked":["Inflame","Headbutt+1"],"picked":"Burning Pact","floor":28.0},{"not_picked":["Twin Strike","Iron Wave"],"picked":"Body Slam","floor":29.0},{"not_picked":["Immolate","Thunderclap","Sword Boomerang"],"picked":"SKIP","floor":30.0},{"not_picked":["Dropkick","Anger","Clash"],"picked":"SKIP","floor":31.0},{"not_picked":["Feed","Immolate"],"picked":"Juggernaut","floor":33.0},{"not_picked":["Reckless Charge+1","Anger","Blood for Blood"],"picked":"SKIP","floor":35.0},{"not_picked":["Shockwave","Anger"],"picked":"Burning Pact","floor":37.0},{"not_picked":["Rage","Body Slam"],"picked":"Shrug It Off+1","floor":39.0},{"not_picked":["Havoc","Feed"],"picked":"Flame Barrier","floor":42.0},{"not_picked":["Heavy Blade+1","Battle Trance"],"picked":"Feel No Pain","floor":47.0}],"player_experience":963909,"relics_obtained":[{"floor":7.0,"key":"Tiny Chest"},{"floor":9.0,"key":"Self Forming Clay"},{"floor":10.0,"key":"Charon\u0027s Ashes"},{"floor":13.0,"key":"Letter Opener"},{"floor":23.0,"key":"Dream Catcher"},{"floor":26.0,"key":"Unceasing Top"},{"floor":27.0,"key":"Sundial"},{"floor":29.0,"key":"Whetstone"},{"floor":31.0,"key":"Omamori"},{"floor":38.0,"key":"Pantograph"},{"floor":39.0,"key":"Ginger"},{"floor":42.0,"key":"Potion Belt"},{"floor":43.0,"key":"Molten Egg 2"}],"event_choices":[{"cards_removed":["Strike_R"],"damage_healed":0.0,"max_hp_gain":0.0,"max_hp_loss":0.0,"gold_gain":0.0,"event_name":"Golden Wing","player_choice":"Card Removal","floor":3.0,"gold_loss":0.0,"damage_taken":7.0},{"damage_healed":0.0,"max_hp_gain":0.0,"max_hp_loss":0.0,"gold_gain":0.0,"event_name":"Accursed Blacksmith","player_choice":"Forge","floor":4.0,"gold_loss":0.0,"damage_taken":0.0,"cards_upgraded":["Body Slam"]},{"damage_healed":0.0,"max_hp_gain":0.0,"max_hp_loss":0.0,"gold_gain":0.0,"event_name":"Liars Game","player_choice":"Ignored","floor":8.0,"gold_loss":0.0,"damage_taken":0.0},{"damage_healed":0.0,"max_hp_gain":0.0,"max_hp_loss":0.0,"gold_gain":0.0,"event_name":"The Library","player_choice":"Read","floor":20.0,"gold_loss":0.0,"damage_taken":0.0,"cards_obtained":["Battle Trance"]},{"damage_healed":0.0,"max_hp_gain":0.0,"max_hp_loss":0.0,"gold_gain":0.0,"event_name":"Lab","player_choice":"Got Potions","floor":36.0,"gold_loss":0.0,"damage_taken":0.0},{"damage_healed":0.0,"max_hp_gain":0.0,"max_hp_loss":0.0,"gold_gain":0.0,"event_name":"MindBloom","player_choice":"Fight","floor":39.0,"gold_loss":0.0,"damage_taken":0.0},{"damage_healed":0.0,"max_hp_gain":0.0,"max_hp_loss":0.0,"gold_gain":0.0,"event_name":"WeMeetAgain","player_choice":"Paid Gold","floor":45.0,"gold_loss":70.0,"damage_taken":0.0,"relics_obtained":["Ornamental Fan"]}],"is_beta":true,"boss_relics":[{"not_picked":["White Beast Statue","Runic Pyramid"],"picked":"Philosopher\u0027s Stone"},{"not_picked":["Velvet Choker","Lizard Tail"],"picked":"Cursed Key"}],"items_purged_floors":[19,21],"is_endless":false,"potions_floor_spawned":[5,11,12,13,16,22,23,31,35,39],"killed_by":"Reptomancer","ascension_level":17}