{"gold_per_floor":[363,383,65,65,77,95,95,113,159,31,56,56,88,107,107,179,179,195,17,17,32,32,32,32,32,58,58,74,74],"floor_reached":29,"playtime":931,"items_purged":["Strike_G","Strike_G"],"score":466,"play_id":"b6c7f250-f84f-4907-889e-0e91d516199a","local_time":"20190809011517","is_ascension_mode":true,"campfire_choices":[{"floor":12,"key":"REST"},{"data":"Catalyst","floor":15,"key":"SMITH"},{"floor":23,"key":"REST"},{"floor":25,"key":"REST"},{"floor":27,"key":"REST"}],"neow_cost":"TEN_PERCENT_HP_LOSS","seed_source_timestamp":12785044333595,"circlet_count":0,"master_deck":["AscendersBane","Strike_G","Strike_G","Defend_G","Defend_G","Defend_G","Defend_G","Defend_G","Survivor","Neutralize","Riddle With Holes","Dagger Spray","Footwork","Catalyst+1","Leg Sweep","Deadly Poison","Noxious Fumes","Leg Sweep","Noxious Fumes","Backflip","Wraith Form v2","Night Terror","Deflect","Malaise","PiercingWail"],"relics":["Ring of the Snake","PreservedInsect","Vajra","Darkstone Periapt","Happy Flower","Fusion Hammer","Unceasing Top","Dream Catcher"],"potions_floor_usage":[13,16,20],"damage_taken":[{"damage":1,"enemies":"2 Louse","floor":1,"turns":3},{"damage":7,"enemies":"Jaw Worm","floor":2,"turns":4},{"damage":0,"enemies":"Cultist","floor":5,"turns":4},{"damage":12,"enemies":"Large Slime","floor":6,"turns":8},{"damage":5,"enemies":"2 Fungi Beasts","floor":8,"turns":5},{"damage":11,"enemies":"3 Sentries","floor":11,"turns":5},{"damage":6,"enemies":"Gremlin Nob","floor":13,"turns":3},{"damage":8,"enemies":"Lots of Slimes","floor":14,"turns":4},{"damage":23,"enemies":"Slime Boss","floor":16,"turns":10},{"damage":16,"enemies":"3 Byrds","floor":18,"turns":5},{"damage":32,"enemies":"Chosen","floor":21,"turns":7},{"damage":35,"enemies":"3 Cultists","floor":28,"turns":6},{"damage":36,"enemies":"Book of Stabbing","floor":29,"turns":6}],"seed_played":"-2023619812093038428","potions_obtained":[{"floor":1,"key":"FearPotion"},{"floor":5,"key":"GhostInAJar"},{"floor":14,"key":"Dexterity Potion"},{"floor":20,"key":"Fruit Juice"},{"floor":20,"key":"LiquidBronze"}],"is_trial":false,"path_per_floor":["M","M","$","?","M","M","?","M","T","$","E","R","E","M","R","B",null,"M","$","?","M","?","R","?","R","T","R","M","E"],"character_chosen":"THE_SILENT","items_purchased":["PreservedInsect","Footwork","Noxious Fumes","Leg Sweep","Night Terror"],"campfire_rested":4,"item_purchase_floors":[3,3,10,10,19],"current_hp_per_floor":[58,51,51,44,44,32,37,32,32,32,21,40,34,26,26,3,50,34,34,39,7,7,28,28,49,49,70,35,0],"gold":74,"neow_bonus":"TWO_FIFTY_GOLD","is_prod":false,"is_daily":false,"chose_seed":false,"campfire_upgraded":1,"win_rate":0,"timestamp":1565306117,"path_taken":["M","M","$","?","M","M","?","M","T","?","E","R","E","M","R","BOSS","M","$","?","?","?","R","?","R","T","R","M","E"],"build_version":"2019-07-17","purchased_purges":2,"victory":false,"max_hp_per_floor":[60,60,60,60,60,60,65,65,65,65,65,65,65,65,65,65,65,65,65,70,70,70,70,70,70,70,70,70,70],"card_choices":[{"not_picked":["Deflect","Bane"],"picked":"Riddle With Holes","floor":1},{"not_picked":["Deflect","Flying Knee"],"picked":"Dagger Spray","floor":2},{"not_picked":["Concentrate","Dodge and Roll"],"picked":"Catalyst","floor":5},{"not_picked":["Reflex","Bullet Time"],"picked":"Leg Sweep","floor":6},{"not_picked":["Blade Dance","Dagger Throw"],"picked":"Deadly Poison","floor":8},{"not_picked":["Blade Dance","Outmaneuver","Endless Agony"],"picked":"SKIP","floor":11},{"not_picked":["Unload","Setup"],"picked":"Noxious Fumes","floor":13},{"not_picked":["Expertise","Underhanded Strike"],"picked":"Backflip","floor":14},{"not_picked":["Doppelganger","Grand Finale"],"picked":"Wraith Form v2","floor":16},{"not_picked":["Prepared","Slice","Acrobatics"],"picked":"SKIP","floor":18},{"not_picked":["Acrobatics","Flying Knee"],"picked":"Deflect","floor":21},{"not_picked":["Bane","Sucker Punch"],"picked":"Malaise","floor":27},{"not_picked":["Bane","Reflex"],"picked":"PiercingWail","floor":28}],"player_experience":1895040,"relics_obtained":[{"floor":9,"key":"Vajra"},{"floor":11,"key":"Darkstone Periapt"},{"floor":13,"key":"Happy Flower"},{"floor":26,"key":"Dream Catcher"}],"event_choices":[{"cards_removed":["Strike_G"],"damage_healed":0,"gold_gain":0,"player_choice":"Card Removal","damage_taken":7,"max_hp_gain":0,"max_hp_loss":0,"event_name":"Golden Wing","floor":4,"gold_loss":0},{"damage_healed":0,"gold_gain":0,"player_choice":"Donut","damage_taken":0,"max_hp_gain":5,"max_hp_loss":0,"event_name":"Big Fish","floor":7,"gold_loss":0},{"damage_healed":0,"gold_gain":0,"player_choice":"Got Potions","damage_taken":0,"max_hp_gain":0,"max_hp_loss":0,"event_name":"Lab","floor":20,"gold_loss":0},{"damage_healed":0,"gold_gain":0,"player_choice":"Ignored","damage_taken":0,"max_hp_gain":0,"max_hp_loss":0,"event_name":"The Mausoleum","floor":22,"gold_loss":0},{"damage_healed":0,"gold_gain":0,"player_choice":"Gave Potion","damage_taken":0,"relics_obtained":["Unceasing Top"],"max_hp_gain":0,"max_hp_loss":0,"event_name":"WeMeetAgain","floor":24,"gold_loss":0}],"is_beta":false,"boss_relics":[{"not_picked":["Orrery","WristBlade"],"picked":"Fusion Hammer"}],"items_purged_floors":[3,19],"is_endless":false,"potions_floor_spawned":[1,5,14],"killed_by":"Book of Stabbing","ascension_level":20}