{"gold_per_floor":[111,127,137,148,158,158,158,158,158,177,177,177,211,121,121,214,214,228,228,242,262,278,278],"floor_reached":23,"playtime":723,"items_purged":[],"score":453,"play_id":"36482ceb-ddd3-44eb-99d8-73d16220f48d","local_time":"20181110090403","is_ascension_mode":true,"campfire_choices":[{"data":"Chill","floor":6,"key":"SMITH"},{"data":"Creative AI","floor":8,"key":"SMITH"},{"data":"Defragment","floor":15,"key":"SMITH"}],"neow_cost":"PERCENT_DAMAGE","seed_source_timestamp":5466053474555,"circlet_count":0,"master_deck":["AscendersBane","Strike_B","Defend_B","Defend_B","Defend_B","Zap","Dualcast","Creative AI+1","FTL","Defragment","FTL","Chill+1","White Noise","Reinforced Body","Defragment","Defragment+1","Seek","Thunder Strike+1","Reinforced Body+1","Static Discharge+1","Chaos+1","Hologram","Steam"],"relics":["Cracked Core","Strawberry","Golden Idol","Lantern","Astrolabe"],"potions_floor_usage":[16,22,22],"damage_taken":[{"damage":0,"enemies":"2 Louse","floor":1,"turns":1},{"damage":3,"enemies":"Small Slimes","floor":2,"turns":3},{"damage":4,"enemies":"Jaw Worm","floor":3,"turns":3},{"damage":13,"enemies":"Blue Slaver","floor":4,"turns":3},{"damage":11,"enemies":"2 Fungi Beasts","floor":5,"turns":3},{"damage":9,"enemies":"Lots of Slimes","floor":10,"turns":5},{"damage":1,"enemies":"Lagavulin","floor":13,"turns":6},{"damage":0,"enemies":"Slime Boss","floor":16,"turns":6},{"damage":0,"enemies":"Chosen","floor":18,"turns":5},{"damage":5,"enemies":"3 Byrds","floor":20,"turns":2},{"damage":20,"enemies":"Snake Plant","floor":21,"turns":2},{"damage":33,"enemies":"3 Cultists","floor":22,"turns":5},{"damage":9,"enemies":"Slavers","floor":23,"turns":1}],"seed_played":"2440342122982599092","potions_obtained":[{"floor":2,"key":"EssenceOfSteel"},{"floor":3,"key":"SkillPotion"},{"floor":18,"key":"Block Potion"},{"floor":22,"key":"Fire Potion"}],"is_trial":false,"path_per_floor":["M","M","M","M","M","R","?","R","T","M","?","?","E","$","R","B",null,"M","?","M","M","M","E"],"character_chosen":"DEFECT","items_purchased":["Defragment"],"campfire_rested":0,"item_purchase_floors":[14],"current_hp_per_floor":[46,43,39,26,15,15,20,20,27,18,18,18,17,17,17,17,61,61,61,56,36,3,0],"gold":278,"neow_bonus":"THREE_RARE_CARDS","is_prod":false,"is_daily":false,"chose_seed":false,"campfire_upgraded":3,"win_rate":0,"timestamp":1541837043,"path_taken":["M","M","M","M","M","R","?","R","T","M","?","?","E","?","R","BOSS","M","?","?","M","M","E"],"build_version":"2018-11-08","purchased_purges":0,"victory":false,"max_hp_per_floor":[71,71,71,71,71,71,76,76,83,83,75,75,75,75,75,75,75,75,75,75,75,75,75],"card_choices":[{"not_picked":["Reboot","Multi-Cast"],"picked":"Creative AI","floor":0},{"not_picked":["Leap","Beam Cell"],"picked":"FTL","floor":1},{"not_picked":["Rebound","Barrage"],"picked":"Defragment","floor":2},{"not_picked":["Leap","Redo"],"picked":"FTL","floor":3},{"not_picked":["Aggregate","Redo"],"picked":"Chill","floor":4},{"not_picked":["Stack","Beam Cell"],"picked":"White Noise","floor":5},{"not_picked":["Redo","Melter"],"picked":"Reinforced Body","floor":10},{"not_picked":["Streamline","Ball Lightning"],"picked":"Defragment","floor":13},{"not_picked":["Creative AI","Multi-Cast"],"picked":"Seek","floor":16},{"not_picked":["Capacitor","Steam Power"],"picked":"Chaos+1","floor":18},{"not_picked":["Streamline","Beam Cell"],"picked":"Hologram","floor":20},{"not_picked":["Steam","Rebound","Blizzard"],"picked":"SKIP","floor":21},{"not_picked":["Ball Lightning","Darkness"],"picked":"Steam","floor":22}],"player_experience":782284,"relics_obtained":[{"floor":9,"key":"Strawberry"},{"floor":13,"key":"Lantern"}],"event_choices":[{"damage_healed":0,"gold_gain":0,"player_choice":"Donut","damage_taken":0,"max_hp_gain":5,"max_hp_loss":0,"event_name":"Big Fish","floor":7,"gold_loss":0},{"damage_healed":0,"gold_gain":0,"player_choice":"Lose Max HP","damage_taken":0,"relics_obtained":["Golden Idol"],"max_hp_gain":0,"max_hp_loss":8,"event_name":"Golden Idol","floor":11,"gold_loss":0},{"damage_healed":0,"gold_gain":0,"player_choice":"Ignored","damage_taken":0,"max_hp_gain":0,"max_hp_loss":0,"event_name":"Shining Light","floor":12,"gold_loss":0},{"cards_removed":["Defend_B"],"damage_healed":0,"gold_gain":0,"player_choice":"Purged","damage_taken":0,"max_hp_gain":0,"max_hp_loss":0,"event_name":"Purifier","floor":19,"gold_loss":0}],"is_beta":true,"boss_relics":[{"not_picked":["Orrery","Busted Crown"],"picked":"Astrolabe"}],"items_purged_floors":[],"is_endless":false,"potions_floor_spawned":[2,3,13,18,20,22],"killed_by":"Slavers","ascension_level":17}