{"gold_per_floor":[112,33,33,45,60,60,7,33,87,98,108,447,447,50,50,129,129,149,166,166,190,215,215,418,418,441,441,83,103,105,123,123,131],"floor_reached":33,"playtime":958,"items_purged":["Strike_B","hubris:Sloth"],"score":514,"play_id":"206ad6df-b367-4753-bcb3-0aee74032c3a","local_time":"20190318164936","is_ascension_mode":true,"campfire_choices":[{"data":"hubris:PowerSurge","floor":6,"key":"SMITH"},{"data":"hubris:PowerSurge","floor":13,"key":"SMITH"},{"data":"Sunder","floor":15,"key":"SMITH"},{"data":"Double Energy","floor":23,"key":"SMITH"},{"data":"Capacitor","floor":32,"key":"SMITH"}],"neow_cost":"NONE","seed_source_timestamp":29162069163446,"circlet_count":0,"master_deck":["AscendersBane","Strike_B","Strike_B","Strike_B","Defend_B","Defend_B","Defend_B","Defend_B","Zap+1","Dualcast","Genetic Algorithm","hubris:PowerSurge+1","Gash","Sunder+1","Self Repair","Hologram","Gash","hubris:PowerSurge+1","hubris:DoWhile+1","hubris:Despair","hubris:Despair","Ball Lightning","Consume","Double Energy+1","Gash","Writhe","Capacitor+1"],"relics":["Cracked Core","Blood Vial","hubris:CuriousFeather","Lantern","infinitespire:Midas Blood","Old Coin","Pocketwatch","Calling Bell","Vajra","Turnip","infinitespire:BottledMercury","infinitespire:Satchel","Oddly Smooth Stone","Regal Pillow","MutagenicStrength","OrangePellets"],"potions_floor_usage":[8,21,21,31,31],"damage_taken":[{"damage":2,"enemies":"2 Louse","floor":1,"turns":2},{"damage":4,"enemies":"Small Slimes","floor":4,"turns":3},{"damage":0,"enemies":"Cultist","floor":5,"turns":3},{"damage":11,"enemies":"Gremlin Nob","floor":8,"turns":3},{"damage":2,"enemies":"2 Fungi Beasts","floor":10,"turns":3},{"damage":6,"enemies":"Lots of Slimes","floor":11,"turns":2},{"damage":18,"enemies":"Lagavulin","floor":12,"turns":5},{"damage":25,"enemies":"Slime Boss","floor":16,"turns":7},{"damage":43,"enemies":"Shell Parasite","floor":18,"turns":5},{"damage":0,"enemies":"Spheric Guardian","floor":19,"turns":2},{"damage":12,"enemies":"Cultist and Chosen","floor":21,"turns":5},{"damage":6,"enemies":"Sentry and Sphere","floor":24,"turns":3},{"damage":0,"enemies":"Snake Plant","floor":29,"turns":2},{"damage":6,"enemies":"Chosen and Byrds","floor":31,"turns":3},{"damage":25,"enemies":"hubris:MusketHawk","floor":33,"turns":4}],"seed_played":"-6692215046553546104","potions_obtained":[{"floor":5,"key":"AttackPotion"},{"floor":8,"key":"Explosive Potion"},{"floor":10,"key":"PowerPotion"},{"floor":12,"key":"SkillPotion"},{"floor":24,"key":"AttackPotion"},{"floor":29,"key":"Poison Potion"}],"is_trial":false,"path_per_floor":["M","$","?","M","M","R","?","E","T","M","M","E","R","$","R","B",null,"M","M","?","M","T","R","M","?","T","?","$","M","?","M","R","B"],"character_chosen":"DEFECT","items_purchased":["hubris:PowerSurge","Pocketwatch","OrangePellets","Capacitor"],"campfire_rested":0,"item_purchase_floors":[2,14,28,28],"current_hp_per_floor":[62,62,62,58,58,58,58,49,49,56,52,43,43,43,43,27,60,26,28,28,25,25,25,28,28,28,28,28,30,10,20,20,0],"gold":131,"neow_bonus":"UPGRADE_CARD","is_prod":false,"is_daily":false,"chose_seed":false,"campfire_upgraded":5,"win_rate":0,"timestamp":1552924176,"path_taken":["M","$","?","M","M","R","?","E","T","?","M","E","R","$","R","BOSS","M","M","?","?","?","R","M","?","T","?","$","M","?","M","R","BOSS"],"build_version":"2019-01-23","purchased_purges":2,"victory":false,"max_hp_per_floor":[71,71,71,71,71,71,71,71,71,71,71,71,71,71,71,71,71,71,71,71,71,71,71,71,71,71,71,71,71,76,76,76,76],"card_choices":[{"not_picked":["Compile Driver","Hologram"],"picked":"Genetic Algorithm","floor":1},{"not_picked":["Capacitor","Leap"],"picked":"Gash","floor":4},{"not_picked":["Blizzard","Static Discharge"],"picked":"Sunder","floor":5},{"not_picked":["Blizzard","Redo"],"picked":"Self Repair","floor":8},{"not_picked":["Double Energy","Redo"],"picked":"Hologram","floor":10},{"not_picked":["Leap","Turbo"],"picked":"Gash","floor":11},{"not_picked":["Turbo","Steam"],"picked":"hubris:PowerSurge","floor":12},{"not_picked":["Reboot","Amplify"],"picked":"hubris:DoWhile","floor":16},{"not_picked":["Cold Snap","Steam"],"picked":"Ball Lightning","floor":18},{"not_picked":["Redo","Compile Driver"],"picked":"Consume","floor":19},{"not_picked":["Hologram","Cold Snap"],"picked":"Double Energy","floor":21},{"not_picked":["Reboot","Hologram"],"picked":"Gash","floor":24},{"not_picked":["Sweeping Beam","Hologram","Go for the Eyes"],"picked":"SKIP","floor":29},{"not_picked":["Cold Snap","Genetic Algorithm","Chaos"],"picked":"SKIP","floor":31}],"player_experience":1435527,"relics_obtained":[{"floor":8,"key":"hubris:CuriousFeather"},{"floor":9,"key":"Lantern"},{"floor":12,"key":"Old Coin"},{"floor":17,"key":"Vajra"},{"floor":17,"key":"Turnip"},{"floor":17,"key":"infinitespire:BottledMercury"},{"floor":22,"key":"infinitespire:Satchel"},{"floor":26,"key":"Regal Pillow"}],"event_choices":[{"damage_healed":0,"gold_gain":0,"player_choice":"Ignored","damage_taken":0,"max_hp_gain":0,"max_hp_loss":0,"event_name":"Liars Game","floor":3,"gold_loss":0},{"damage_healed":0,"gold_gain":0,"player_choice":"Paid Gold","damage_taken":0,"relics_obtained":["Blood Vial"],"max_hp_gain":0,"max_hp_loss":0,"event_name":"WeMeetAgain","floor":7,"gold_loss":53},{"damage_healed":0,"gold_gain":0,"player_choice":"Upgraded","damage_taken":0,"max_hp_gain":0,"max_hp_loss":0,"event_name":"Upgrade Shrine","floor":20,"gold_loss":0,"cards_upgraded":["hubris:DoWhile"]},{"damage_healed":0,"gold_gain":0,"player_choice":"Opened","damage_taken":0,"relics_obtained":["Oddly Smooth Stone"],"max_hp_gain":0,"max_hp_loss":0,"event_name":"The Mausoleum","floor":25,"gold_loss":0,"cards_obtained":["Writhe"]},{"damage_healed":0,"gold_gain":0,"player_choice":"Inject Mutagens","damage_taken":0,"relics_obtained":["MutagenicStrength"],"max_hp_gain":0,"max_hp_loss":0,"event_name":"Drug Dealer","floor":27,"gold_loss":0},{"damage_healed":0,"gold_gain":0,"player_choice":"Shed Blood","damage_taken":25,"max_hp_gain":5,"max_hp_loss":0,"event_name":"Forgotten Altar","floor":30,"gold_loss":0}],"is_beta":false,"boss_relics":[{"not_picked":["hubris:BlackHole","Tiny House"],"picked":"Calling Bell"}],"items_purged_floors":[14,28],"is_endless":false,"potions_floor_spawned":[5,8,10,12,19,24,29],"killed_by":"hubris:MusketHawk","ascension_level":20}