{"gold_per_floor":[110,110,129,142,24,59,71,71,149,183,202,202,202,167,167,241,241,254,254,169,37,54,54,84,84,158,169,94,40,40,66,66,66],"floor_reached":33,"playtime":1175,"items_purged":["Accuracy+1"],"score":682,"play_id":"6e03236b-71af-44ee-9c42-2ffbb9e6ac97","local_time":"20190825193129","is_ascension_mode":true,"campfire_choices":[{"floor":8,"key":"REST"},{"data":"Bouncing Flask","floor":13,"key":"SMITH"},{"data":"Footwork","floor":15,"key":"SMITH"},{"data":"Envenom","floor":23,"key":"SMITH"},{"data":"Cloak And Dagger","floor":30,"key":"SMITH"},{"data":"Ghostly","floor":32,"key":"SMITH"}],"neow_cost":"NONE","seed_source_timestamp":32336947205917,"circlet_count":0,"master_deck":["AscendersBane","Defend_G","Defend_G","Defend_G","Defend_G","Defend_G","Survivor","Neutralize+1","Flying Knee","Dagger Throw","Riddle With Holes","Well Laid Plans","Sucker Punch","Footwork+1","Bouncing Flask+1","Acrobatics","Envenom+1","Escape Plan+1","Eviscerate+1","Cloak And Dagger+1","Poisoned Stab","Malaise","Ghostly","Ghostly","Ghostly+1","Blade Dance"],"relics":["Ring of the Snake","FossilizedHelix","Gremlin Horn","Orichalcum","Snake Skull","Astrolabe","Gambling Chip","Bronze Scales","Kunai","Happy Flower"],"potions_floor_usage":[10,16,24,33],"damage_taken":[{"damage":3,"enemies":"Small Slimes","floor":1,"turns":5},{"damage":1,"enemies":"Jaw Worm","floor":3,"turns":4},{"damage":0,"enemies":"2 Louse","floor":4,"turns":4},{"damage":44,"enemies":"Gremlin Nob","floor":6,"turns":5},{"damage":0,"enemies":"2 Fungi Beasts","floor":7,"turns":4},{"damage":8,"enemies":"Lagavulin","floor":10,"turns":10},{"damage":0,"enemies":"3 Louse","floor":11,"turns":3},{"damage":0,"enemies":"Slime Boss","floor":16,"turns":6},{"damage":3,"enemies":"3 Byrds","floor":18,"turns":6},{"damage":1,"enemies":"Chosen","floor":22,"turns":4},{"damage":32,"enemies":"Gremlin Leader","floor":24,"turns":7},{"damage":0,"enemies":"Snecko","floor":27,"turns":4},{"damage":9,"enemies":"Book of Stabbing","floor":31,"turns":6},{"damage":22,"enemies":"Collector","floor":33,"turns":6}],"seed_played":"-1568943142322383740","potions_obtained":[{"floor":4,"key":"Fire Potion"},{"floor":7,"key":"PowerPotion"},{"floor":11,"key":"Explosive Potion"},{"floor":22,"key":"Energy Potion"}],"is_trial":false,"path_per_floor":["M","?","M","M","$","E","M","R","T","E","M","T","R","?","R","B",null,"M","?","?","$","M","R","E","?","T","M","?","$","R","E","R","B"],"character_chosen":"THE_SILENT","items_purchased":["Well Laid Plans","Sucker Punch","Fire Potion","AttackPotion"],"campfire_rested":1,"item_purchase_floors":[5,5,21,29],"current_hp_per_floor":[56,49,48,48,48,4,4,23,23,15,15,15,15,31,31,31,57,54,54,54,54,53,53,21,21,21,21,21,21,21,12,12,0],"gold":66,"neow_bonus":"UPGRADE_CARD","is_prod":false,"is_daily":false,"chose_seed":false,"campfire_upgraded":5,"win_rate":0,"timestamp":1566754289,"path_taken":["M","?","M","M","$","E","M","R","T","E","M","?","R","?","R","BOSS","M","?","?","$","M","R","E","?","T","M","?","$","R","E","R","BOSS"],"build_version":"2019-07-17","purchased_purges":1,"victory":false,"max_hp_per_floor":[66,66,66,66,66,66,66,66,66,66,66,66,66,66,66,66,66,66,66,66,66,66,66,66,33,33,33,33,33,33,33,33,33],"card_choices":[{"not_picked":["Riddle With Holes","Heel Hook"],"picked":"Flying Knee","floor":1},{"not_picked":["Slice","Blade Dance"],"picked":"Dagger Throw","floor":3},{"not_picked":["Outmaneuver","Tactician"],"picked":"Riddle With Holes","floor":4},{"not_picked":["Sucker Punch","Quick Slash"],"picked":"Footwork","floor":6},{"not_picked":["Quick Slash","Riddle With Holes","Accuracy"],"picked":"SKIP","floor":7},{"not_picked":["Riddle With Holes","Dagger Spray"],"picked":"Bouncing Flask","floor":10},{"not_picked":["Bullet Time","Outmaneuver"],"picked":"Acrobatics","floor":11},{"not_picked":["Doppelganger","Venomology"],"picked":"Envenom","floor":16},{"not_picked":["Distraction","Blade Dance"],"picked":"Cloak And Dagger","floor":18},{"not_picked":["Eviscerate","Blade Dance"],"picked":"Poisoned Stab","floor":22},{"not_picked":["Riddle With Holes+1","Outmaneuver"],"picked":"Malaise","floor":24},{"not_picked":["Prepared","Outmaneuver"],"picked":"Blade Dance","floor":27},{"not_picked":["Poisoned Stab","Distraction","Underhanded Strike"],"picked":"SKIP","floor":31}],"player_experience":1965075,"relics_obtained":[{"floor":6,"key":"FossilizedHelix"},{"floor":9,"key":"Gremlin Horn"},{"floor":10,"key":"Orichalcum"},{"floor":12,"key":"Snake Skull"},{"floor":24,"key":"Bronze Scales"},{"floor":26,"key":"Kunai"},{"floor":31,"key":"Happy Flower"}],"event_choices":[{"cards_removed":["Strike_G"],"damage_healed":0,"gold_gain":0,"player_choice":"Card Removal","damage_taken":7,"max_hp_gain":0,"max_hp_loss":0,"event_name":"Golden Wing","floor":2,"gold_loss":0},{"damage_healed":16,"gold_gain":0,"player_choice":"Healed","damage_taken":0,"max_hp_gain":0,"max_hp_loss":0,"event_name":"The Cleric","floor":14,"gold_loss":35},{"damage_healed":0,"gold_gain":0,"player_choice":"Ignored","damage_taken":0,"max_hp_gain":0,"max_hp_loss":0,"event_name":"Vampires","floor":19,"gold_loss":0},{"damage_healed":0,"gold_gain":0,"player_choice":"Obtained Relic","damage_taken":0,"relics_obtained":["Gambling Chip"],"max_hp_gain":0,"max_hp_loss":0,"event_name":"Addict","floor":20,"gold_loss":85},{"damage_healed":0,"gold_gain":0,"player_choice":"Became a Ghost","damage_taken":0,"max_hp_gain":0,"max_hp_loss":33,"event_name":"Ghosts","floor":25,"gold_loss":0,"cards_obtained":["Ghostly","Ghostly","Ghostly"]},{"cards_removed":["Strike_G"],"damage_healed":0,"gold_gain":0,"player_choice":"Gave Gold","damage_taken":0,"max_hp_gain":0,"max_hp_loss":0,"event_name":"Beggar","floor":28,"gold_loss":75}],"is_beta":false,"boss_relics":[{"not_picked":["Calling Bell","Orrery"],"picked":"Astrolabe"}],"items_purged_floors":[21],"is_endless":false,"potions_floor_spawned":[4,7,11,22],"killed_by":"Collector","ascension_level":20}