{"gold_per_floor":[216,216,4,4,19,19,51,51,100,100,112,112,140,152,164,277,339,370,402,414,426,454,466,513,543,602,614,642,673,698,726,738,750],"floor_reached":33,"playtime":1717,"items_purged":[],"score":429,"play_id":"ac6d86fe-b82d-40a0-a7d8-c148d38c9d70","local_time":"20180923153526","is_ascension_mode":true,"campfire_choices":[{"data":"Neutralize","floor":6,"key":"SMITH"},{"data":"Quick Slash","floor":8,"key":"SMITH"},{"floor":15,"key":"REST"},{"floor":23,"key":"REST"},{"floor":27,"key":"REST"},{"floor":32,"key":"REST"}],"neow_cost":"NONE","seed_source_timestamp":18349093398686,"circlet_count":0,"master_deck":["Defend_G+1","Defend_G+1","Defend_G+1","Defend_G+1","Defend_G+1","Strike_G+1","Strike_G+1","Strike_G+1","Strike_G+1","Strike_G+1","Survivor","Neutralize+1","AscendersBane","Quick Slash+1","Impatience","Deflect","Skewer+1","Distraction","Leg Sweep","Die Die Die","Poisoned Stab","Blade Dance","Dash+1","Finesse","Blade Dance","Dash+1","Dagger Spray+1","Choke+1","Terror","Endless Agony+1","Cloak And Dagger"],"relics":["Ring of the Snake","Pantograph","Tiny Chest","PreservedInsect","Pen Nib","Boot","MawBank","Tiny House","Happy Flower","Strawberry"],"potions_floor_usage":[7,16,19,24,24,29,33],"damage_taken":[{"damage":0,"enemies":"2 Louse","floor":1,"turns":3},{"damage":0,"enemies":"Small Slimes","floor":5,"turns":4},{"damage":25,"enemies":"Lagavulin","floor":7,"turns":8},{"damage":7,"enemies":"Jaw Worm","floor":11,"turns":4},{"damage":10,"enemies":"3 Sentries","floor":13,"turns":3},{"damage":30,"enemies":"The Guardian","floor":16,"turns":15},{"damage":14,"enemies":"Shell Parasite","floor":18,"turns":7},{"damage":11,"enemies":"Spheric Guardian","floor":19,"turns":4},{"damage":18,"enemies":"Snake Plant","floor":22,"turns":3},{"damage":25,"enemies":"Gremlin Leader","floor":24,"turns":5},{"damage":7,"enemies":"Centurion and Healer","floor":25,"turns":7},{"damage":6,"enemies":"3 Cultists","floor":28,"turns":4},{"damage":0,"enemies":"Snake Plant","floor":29,"turns":3},{"damage":11,"enemies":"Centurion and Healer","floor":30,"turns":8},{"damage":2,"enemies":"3 Cultists","floor":31,"turns":5},{"damage":69,"enemies":"Collector","floor":33,"turns":7}],"seed_played":"4204736559349880282","potions_obtained":[{"floor":5,"key":"Energy Potion"},{"floor":11,"key":"Fire Potion"},{"floor":13,"key":"EssenceOfSteel"},{"floor":17,"key":"Regen Potion"},{"floor":22,"key":"Weak Potion"},{"floor":24,"key":"SpeedPotion"},{"floor":28,"key":"Ancient Potion"},{"floor":29,"key":"Swift Potion"}],"is_trial":false,"path_per_floor":["M","?","$","T","M","R","E","R","T","?","M","?","E","$","R","B",null,"M","M","?","?","M","R","E","M","T","R","M","M","M","M","R"],"character_chosen":"THE_SILENT","items_purchased":["Tiny Chest","Impatience"],"campfire_rested":4,"item_purchase_floors":[3,3],"current_hp_per_floor":[63,56,56,56,56,56,31,31,31,31,24,24,14,14,35,30,65,51,40,40,26,8,30,10,3,10,34,28,28,17,15,39,0],"gold":750,"neow_bonus":"HUNDRED_GOLD","is_prod":false,"is_daily":false,"chose_seed":false,"campfire_upgraded":2,"win_rate":0,"timestamp":1537709726,"path_taken":["M","?","$","?","M","R","E","R","T","?","?","?","E","$","R","BOSS","M","M","?","?","?","R","E","M","T","R","M","M","M","M","R","BOSS"],"build_version":"2018-09-20","purchased_purges":0,"victory":false,"max_hp_per_floor":[70,70,70,70,70,70,70,70,70,70,70,70,70,70,70,70,75,75,75,75,75,75,75,75,75,82,82,82,82,82,82,82,82],"card_choices":[{"not_picked":["Prepared","Underhanded Strike"],"picked":"Quick Slash","floor":1},{"not_picked":["Backflip","Flying Knee"],"picked":"Deflect","floor":5},{"not_picked":["Prepared","Expertise"],"picked":"Catalyst","floor":7},{"not_picked":["Accuracy","Quick Slash"],"picked":"Distraction","floor":11},{"not_picked":["Escape Plan","Blur"],"picked":"Leg Sweep","floor":13},{"not_picked":["A Thousand Cuts","Unload"],"picked":"Die Die Die","floor":16},{"not_picked":["Deadly Poison","Underhanded Strike"],"picked":"Poisoned Stab","floor":17},{"not_picked":["Dagger Throw","Quick Slash"],"picked":"Blade Dance","floor":18},{"not_picked":["All Out Attack","Accuracy"],"picked":"Dash+1","floor":19},{"not_picked":["Dodge and Roll","Dagger Spray"],"picked":"Blade Dance","floor":22},{"not_picked":["Deflect","Leg Sweep+1"],"picked":"Dash+1","floor":24},{"not_picked":["Deflect","Distraction+1"],"picked":"Dagger Spray+1","floor":25},{"not_picked":["Prepared","Predator+1"],"picked":"Choke+1","floor":28},{"not_picked":["Acrobatics","Backflip+1"],"picked":"Terror","floor":29},{"not_picked":["Bane","Flying Knee+1"],"picked":"Endless Agony+1","floor":30},{"not_picked":["Finisher+1","Reflex"],"picked":"Cloak And Dagger","floor":31}],"player_experience":491655,"relics_obtained":[{"floor":4,"key":"PreservedInsect"},{"floor":7,"key":"Pen Nib"},{"floor":9,"key":"Boot"},{"floor":13,"key":"MawBank"},{"floor":24,"key":"Happy Flower"},{"floor":26,"key":"Strawberry"}],"event_choices":[{"event_name":"Scrap Ooze","player_choice":"success","floor":2,"damage_taken":7},{"event_name":"Transmorgrifier","player_choice":"Transform","floor":10,"damage_taken":0},{"event_name":"Living Wall","player_choice":"Grow","floor":12,"damage_taken":0},{"event_name":"Back to Basics","player_choice":"Simplicity","floor":20,"damage_taken":0},{"event_name":"Knowing Skull","player_choice":"CARD ","floor":21,"damage_taken":0}],"is_beta":true,"boss_relics":[{"not_picked":["Runic Dome","Coffee Dripper"],"picked":"Tiny House"}],"items_purged_floors":[],"is_endless":false,"potions_floor_spawned":[5,11,13,22,24,28,29],"killed_by":"Collector","ascension_level":11}