{"gold_per_floor":[114,114,114,30,46,46,86,86,86,129,148,163,163],"floor_reached":13,"playtime":365,"items_purged":[],"score":236,"play_id":"6285d6ec-b9ae-41b4-aa61-ce6c0e4a3424","local_time":"20190325234523","is_ascension_mode":true,"campfire_choices":[{"data":"Zap","floor":6.0,"key":"SMITH"},{"data":"Genetic Algorithm","floor":8.0,"key":"SMITH"}],"neow_cost":"NONE","seed_source_timestamp":0,"circlet_count":0,"master_deck":["AscendersBane","Strike_B","Strike_B","Strike_B","Strike_B","Defend_B","Defend_B","Defend_B","Defend_B","Zap+1","Dualcast","Compile Driver","Genetic Algorithm+1","Chill","Sweeping Beam","Steam","Recycle","White Noise"],"special_seed":0,"relics":["Cracked Core","NeowsBlessing","Golden Idol","FaceOfCleric","Shuriken","Pocketwatch","Dead Branch"],"potions_floor_usage":[13],"damage_taken":[{"damage":0.0,"enemies":"Jaw Worm","floor":1.0,"turns":1.0},{"damage":0.0,"enemies":"Small Slimes","floor":5.0,"turns":1.0},{"damage":0.0,"enemies":"Gremlin Nob","floor":7.0,"turns":1.0},{"damage":25.0,"enemies":"Lagavulin","floor":10.0,"turns":7.0},{"damage":0.0,"enemies":"Cultist","floor":11.0,"turns":2.0},{"damage":19.0,"enemies":"Large Slime","floor":12.0,"turns":4.0},{"damage":60,"enemies":"Gremlin Nob","floor":13,"turns":3}],"seed_played":"2781432836579255961","potions_obtained":[{"floor":5.0,"key":"Weak Potion"},{"floor":7.0,"key":"Weak Potion"},{"floor":11.0,"key":"Strength Potion"}],"is_trial":false,"path_per_floor":["M","?","?","$","M","R","E","R","T","E","M","M","E"],"character_chosen":"DEFECT","items_purchased":["Genetic Algorithm"],"campfire_rested":0,"item_purchase_floors":[4],"current_hp_per_floor":[64,64,64,64,65,65,66,66,66,42,43,25,0],"gold":163,"neow_bonus":"THREE_ENEMY_KILL","is_prod":false,"is_daily":false,"chose_seed":false,"campfire_upgraded":2,"win_rate":0,"timestamp":1553553923,"path_taken":["M","?","?","$","M","R","E","R","T","E","?","M","E"],"build_version":"2019-01-23","purchased_purges":0,"victory":false,"max_hp_per_floor":[71,64,64,64,65,65,66,66,66,67,68,69,69],"card_choices":[{"not_picked":["Beam Cell","Coolheaded"],"picked":"Compile Driver","floor":1.0},{"not_picked":["Steam Power","Capacitor"],"picked":"Chill","floor":5.0},{"not_picked":["Auto Shields","Coolheaded"],"picked":"Sweeping Beam","floor":7.0},{"not_picked":["Beam Cell","Go for the Eyes"],"picked":"Steam","floor":10.0},{"not_picked":["Steam","Streamline"],"picked":"Recycle","floor":11.0},{"not_picked":["Beam Cell","Steam Power"],"picked":"White Noise","floor":12.0}],"player_experience":1475904,"relics_obtained":[{"floor":7.0,"key":"Shuriken"},{"floor":9.0,"key":"Pocketwatch"},{"floor":10.0,"key":"Dead Branch"}],"event_choices":[{"damage_healed":0.0,"max_hp_gain":0.0,"max_hp_loss":7.0,"gold_gain":0.0,"event_name":"Golden Idol","player_choice":"Lose Max HP","floor":2.0,"gold_loss":0.0,"damage_taken":0.0,"relics_obtained":["Golden Idol"]},{"damage_healed":0.0,"max_hp_gain":0.0,"max_hp_loss":0.0,"gold_gain":0.0,"event_name":"FaceTrader","player_choice":"Trade","floor":3.0,"gold_loss":0.0,"damage_taken":0.0,"relics_obtained":["FaceOfCleric"]}],"is_beta":false,"boss_relics":[],"items_purged_floors":[],"is_endless":false,"potions_floor_spawned":[5,7,11,12],"killed_by":"Gremlin Nob","ascension_level":20}