{"path_per_floor":["M","?","M","$","?","R","E","R","T","M","E","M","M","M","R","B",null,"M","M","$","?","M"],"character_chosen":"DEFECT","items_purchased":["Redo","Bottled Tornado","Sweeping Beam"],"gold_per_floor":[111,111,129,62,137,137,167,167,191,201,236,248,268,280,280,381,381,397,408,109,109,128,128],"floor_reached":23,"campfire_rested":0,"playtime":849,"current_hp_per_floor":[74,74,73,73,62,62,41,41,41,41,39,39,39,39,39,49,75,61,51,51,37,44,0],"items_purged":[],"gold":128,"score":266,"play_id":"b9e91d97-c53b-4472-99c5-2ad8ce22b40c","local_time":"20180517231431","is_prod":false,"is_daily":false,"chose_seed":false,"is_ascension_mode":true,"campfire_upgraded":3,"timestamp":1526591671,"campfire_choices":[{"data":"Redo","floor":6,"key":"SMITH"},{"data":"Zap","floor":8,"key":"SMITH"},{"data":"Self Repair","floor":15,"key":"SMITH"}],"path_taken":["M","?","?","$","?","R","E","R","T","M","E","M","M","M","R","BOSS","M","M","$","?","M","E"],"build_version":"2018-05-17","seed_source_timestamp":50364611047849,"purchased_purges":0,"victory":false,"master_deck":["Strike_B","Strike_B","Strike_B","Strike_B","Defend_B","Defend_B","Defend_B","Zap+1","Dualcast","Lockon","Doom and Gloom","Doom and Gloom","Redo+1","Static Discharge","Turbo","Hyperbeam","Sunder","Ball Lightning","Self Repair+1","Buffer","Self Repair","Double Energy","Sweeping Beam","Axe Kick+1"],"max_hp_per_floor":[75,75,75,75,75,75,75,75,75,75,75,75,75,75,75,75,75,75,75,75,80,80,80],"relics":["Cracked Core","Art of War","Lantern","Happy Flower","Runic Pyramid","Bottled Tornado"],"card_choices":[{"not_picked":["Barrage","Stack"],"picked":"Lockon","floor":0},{"not_picked":["Barrage","Capacitor"],"picked":"Doom and Gloom","floor":1},{"not_picked":["Recycle","Streamline"],"picked":"Doom and Gloom","floor":3},{"not_picked":["Stack","Hologram"],"picked":"Static Discharge","floor":7},{"not_picked":["Stack","Cold Snap"],"picked":"Turbo","floor":10},{"not_picked":["Ball Lightning","Turbo"],"picked":"Hyperbeam","floor":11},{"not_picked":["Stack","FTL"],"picked":"Sunder","floor":12},{"not_picked":["Scrape","Rebound"],"picked":"Ball Lightning","floor":13},{"not_picked":["Turbo","Meteor Strike"],"picked":"Self Repair","floor":14},{"not_picked":["Fission","All For One"],"picked":"Buffer","floor":16},{"not_picked":["Recycle","Blizzard"],"picked":"Self Repair","floor":18},{"not_picked":["Steam+1","Recycle"],"picked":"Double Energy","floor":19},{"not_picked":["Static Discharge","Recycle"],"picked":"Axe Kick+1","floor":22}],"player_experience":161658,"potions_floor_usage":[11,14,18,22,23],"damage_taken":[{"damage":1,"enemies":"Jaw Worm","floor":1,"turns":4},{"damage":1,"enemies":"Cultist","floor":3,"turns":3},{"damage":21,"enemies":"Lagavulin","floor":7,"turns":5},{"damage":0,"enemies":"2 Louse","floor":10,"turns":1},{"damage":11,"enemies":"3 Sentries","floor":11,"turns":3},{"damage":0,"enemies":"Gremlin Gang","floor":12,"turns":1},{"damage":0,"enemies":"Exordium Thugs","floor":13,"turns":2},{"damage":0,"enemies":"Exordium Wildlife","floor":14,"turns":1},{"damage":0,"enemies":"Slime Boss","floor":16,"turns":6},{"damage":24,"enemies":"Shell Parasite","floor":18,"turns":4},{"damage":27,"enemies":"3 Byrds","floor":19,"turns":4},{"damage":22,"enemies":"3 Cultists","floor":22,"turns":3},{"damage":45,"enemies":"Slavers","floor":23,"turns":3}],"relics_obtained":[{"floor":7,"key":"Art of War"},{"floor":9,"key":"Lantern"},{"floor":11,"key":"Happy Flower"}],"event_choices":[{"event_name":"Purifier","player_choice":"One Purge","floor":2,"damage_taken":0},{"event_name":"World of Goop","player_choice":"Gather Gold","floor":5,"damage_taken":0},{"event_name":"Forgotten Altar","player_choice":"Shed Blood","floor":21,"damage_taken":0}],"boss_relics":[{"not_picked":["Astrolabe","Ectoplasm"],"picked":"Runic Pyramid"}],"potions_floor_spawned":[7,10,12,13,16],"seed_played":"-2515814952782454144","killed_by":"Slavers","ascension_level":1,"potions_obtained":[{"floor":7,"key":"Swift Potion"},{"floor":10,"key":"Regen Potion"},{"floor":12,"key":"Regen Potion"},{"floor":13,"key":"SpeedPotion"},{"floor":16,"key":"SteroidPotion"}],"is_trial":false}