{"gold_per_floor":[111,60,60,71,85,85,104,136,136,136],"floor_reached":10,"playtime":282,"items_purged":[],"score":136,"play_id":"8420e182-402d-480e-93be-ae4b4697e2d4","local_time":"20190615222759","is_ascension_mode":true,"campfire_choices":[{"data":"Zap","floor":6,"key":"SMITH"}],"neow_cost":"TEN_PERCENT_HP_LOSS","seed_source_timestamp":18333441934055,"circlet_count":0,"master_deck":["AscendersBane","Strike_B","Strike_B","Strike_B","Defend_B","Defend_B","Defend_B","Defend_B","Zap+1","Dualcast","Sweeping Beam","Cold Snap","Melter","Leap","Genetic Algorithm"],"relics":["Cracked Core","Emotion Chip","Smiling Mask","Matryoshka"],"potions_floor_usage":[8],"damage_taken":[{"damage":1,"enemies":"Cultist","floor":1,"turns":3},{"damage":7,"enemies":"Jaw Worm","floor":4,"turns":3},{"damage":2,"enemies":"Small Slimes","floor":5,"turns":3},{"damage":6,"enemies":"Blue Slaver","floor":7,"turns":3},{"damage":31,"enemies":"Gremlin Nob","floor":8,"turns":4},{"damage":22,"enemies":"3 Sentries","floor":10,"turns":4}],"seed_played":"-742489755656187839","potions_obtained":[{"floor":4,"key":"Swift Potion"},{"floor":8,"key":"Poison Potion"}],"is_trial":false,"path_per_floor":["M","$","?","M","M","R","M","E","T","E"],"character_chosen":"DEFECT","items_purchased":["Cold Snap"],"campfire_rested":0,"item_purchase_floors":[2],"current_hp_per_floor":[63,63,63,56,54,54,48,17,17,0],"gold":136,"neow_bonus":"ONE_RARE_RELIC","is_prod":false,"is_daily":false,"chose_seed":false,"campfire_upgraded":1,"win_rate":0,"timestamp":1560630479,"path_taken":["M","?","?","M","?","R","M","E","T","E"],"build_version":"2019-01-23","purchased_purges":0,"victory":false,"max_hp_per_floor":[64,64,64,64,64,64,64,64,64,64],"card_choices":[{"not_picked":["Hologram","Streamline"],"picked":"Sweeping Beam","floor":1},{"not_picked":["Reprogram","Sweeping Beam"],"picked":"Melter","floor":4},{"not_picked":["Sweeping Beam","Recycle"],"picked":"Leap","floor":5},{"not_picked":["Leap","Streamline","Chaos"],"picked":"SKIP","floor":7},{"not_picked":["Meteor Strike","Redo"],"picked":"Genetic Algorithm","floor":8}],"player_experience":1739458,"relics_obtained":[{"floor":8,"key":"Smiling Mask"},{"floor":9,"key":"Matryoshka"}],"event_choices":[{"cards_removed":["Strike_B"],"damage_healed":0,"gold_gain":0,"player_choice":"Offered Basic","damage_taken":0,"max_hp_gain":0,"max_hp_loss":0,"event_name":"Bonfire Elementals","floor":3,"gold_loss":0}],"is_beta":false,"boss_relics":[],"items_purged_floors":[],"is_endless":false,"potions_floor_spawned":[4,8],"killed_by":"3 Sentries","ascension_level":20}