{"gold_per_floor":[114,126,138,138,138,138,169,189,216,242,242,260,124,134,134,211,211,229,229,229,99,99,125,125,151,151,170,170,182,213,313,313,384,384,404,450,292,312,312,312,343,293,320,351,364,364,33,52,52,52,52,52,52,2,29,29],"floor_reached":57,"playtime":6153,"items_purged":["Strike_G","Strike_G+1","Strike_G+1","Strike_G+1","Strike_G+1"],"score":3177,"play_id":"a913735a-350c-405c-a1cc-9523df393878","local_time":"20190520012241","is_ascension_mode":true,"campfire_choices":[{"data":"Dagger Spray","floor":6.0,"key":"SMITH"},{"floor":11.0,"key":"REST"},{"data":"Footwork","floor":15.0,"key":"SMITH"},{"data":"After Image","floor":24,"key":"SMITH"},{"data":"Ghostly","floor":28,"key":"SMITH"},{"floor":32,"key":"REST"},{"data":"Wraith Form v2","floor":40,"key":"SMITH"},{"floor":46,"key":"RECALL"},{"data":"Footwork","floor":49,"key":"SMITH"},{"data":"Well Laid Plans","floor":53,"key":"SMITH"}],"neow_cost":"NONE","seed_source_timestamp":0,"circlet_count":0,"master_deck":["AscendersBane","Defend_G+1","Defend_G+1","Defend_G+1","Defend_G+1","Defend_G+1","Survivor","Neutralize+1","Deadly Poison+1","Dagger Spray+1","Adrenaline","Endless Agony","Blur","Backflip","Footwork+1","After Image+1","Backflip","Footwork+1","Noxious Fumes","Leg Sweep","Well Laid Plans+1","Ghostly+1","Ghostly","Ghostly","Noxious Fumes","Deflect+1","Deflect","Backflip","After Image","PiercingWail","Wraith Form v2+1","PiercingWail+1","Crippling Poison","Acrobatics","Footwork+1","Dodge and Roll","Dodge and Roll+1","Noxious Fumes+1"],"special_seed":0,"relics":["Ring of the Snake","Pen Nib","Bag of Marbles","Smiling Mask","Orrery","Bronze Scales","Mercury Hourglass","Letter Opener","Peace Pipe","Shuriken","Velvet Choker","Bird Faced Urn","Lantern","Anchor","Paper Crane","Gambling Chip","Bottled Tornado"],"potions_floor_usage":[18,29,29],"damage_taken":[{"damage":4.0,"enemies":"Small Slimes","floor":1.0,"turns":4.0},{"damage":0.0,"enemies":"Cultist","floor":2.0,"turns":4.0},{"damage":0.0,"enemies":"Jaw Worm","floor":3.0,"turns":5.0},{"damage":29.0,"enemies":"3 Sentries","floor":7.0,"turns":9.0},{"damage":11.0,"enemies":"Large Slime","floor":8.0,"turns":5.0},{"damage":6.0,"enemies":"Lagavulin","floor":10.0,"turns":7.0},{"damage":0.0,"enemies":"2 Fungi Beasts","floor":12.0,"turns":2.0},{"damage":0.0,"enemies":"3 Louse","floor":14.0,"turns":3.0},{"damage":0.0,"enemies":"The Guardian","floor":16.0,"turns":12.0},{"damage":5,"enemies":"3 Byrds","floor":18,"turns":7},{"damage":15,"enemies":"Gremlin Leader","floor":23,"turns":8},{"damage":5,"enemies":"Slavers","floor":25,"turns":9},{"damage":0,"enemies":"Shell Parasite","floor":27,"turns":5},{"damage":1,"enemies":"Cultist and Chosen","floor":29,"turns":7},{"damage":0,"enemies":"Gremlin Leader","floor":30,"turns":9},{"damage":0,"enemies":"Colosseum Slavers","floor":31,"turns":6},{"damage":4,"enemies":"Colosseum Nobs","floor":31,"turns":6},{"damage":0,"enemies":"Champ","floor":33,"turns":16},{"damage":1,"enemies":"3 Shapes","floor":35,"turns":4},{"damage":0,"enemies":"2 Orb Walkers","floor":36,"turns":6},{"damage":0,"enemies":"3 Darklings","floor":38,"turns":5},{"damage":9,"enemies":"Nemesis","floor":41,"turns":13},{"damage":0,"enemies":"Giant Head","floor":44,"turns":14},{"damage":0,"enemies":"4 Shapes","floor":45,"turns":6},{"damage":0,"enemies":"Spire Growth","floor":48,"turns":8},{"damage":9,"enemies":"Time Eater","floor":50,"turns":18},{"damage":0,"enemies":"Donu and Deca","floor":51,"turns":11},{"damage":6,"enemies":"Shield and Spear","floor":55,"turns":11},{"damage":32,"enemies":"The Heart","floor":56,"turns":14}],"seed_played":"-899640909834519480","potions_obtained":[{"floor":1.0,"key":"Explosive Potion"},{"floor":2.0,"key":"SkillPotion"},{"floor":14.0,"key":"Swift Potion"},{"floor":18,"key":"PowerPotion"},{"floor":35,"key":"EssenceOfSteel"},{"floor":36,"key":"Regen Potion"},{"floor":44,"key":"Ancient Potion"}],"is_trial":false,"path_per_floor":["M","M","M","?","?","R","E","M","T","E","R","M","$","M","R","B",null,"M","?","?","$","?","E","R","E","T","M","R","M","E","?","R","B",null,"M","?","$","M","?","R","E","$","T","E","M","R","$","M","R","B","B",null,"R","$","E","B",null],"character_chosen":"THE_SILENT","items_purchased":["Footwork","Noxious Fumes","GhostInAJar","Acrobatics","Gambling Chip"],"campfire_rested":2,"item_purchase_floors":[13,21,37,37,47],"current_hp_per_floor":[55,55,55,55,55,55,26,15,15,9,28,28,28,28,28,28,57,52,33,33,33,33,18,18,13,13,13,13,12,12,8,17,17,29,28,28,28,33,33,33,27,27,27,33,33,33,33,33,33,33,33,33,33,33,33,9],"gold":29,"neow_bonus":"UPGRADE_CARD","is_prod":false,"is_daily":false,"chose_seed":false,"campfire_upgraded":7,"win_rate":0,"timestamp":1558308161,"path_taken":["M","M","M","?","?","R","E","M","T","E","R","M","$","M","R","BOSS","M","?","?","$","?","E","R","E","T","M","R","M","E","?","R","BOSS","M","?","$","M","?","R","E","$","T","E","M","R","?","M","R","BOSS","BOSS","R","$","E","BOSS"],"build_version":"2019-01-23","purchased_purges":5,"victory":true,"max_hp_per_floor":[66,66,66,66,66,66,66,66,66,66,66,66,66,66,66,66,66,66,33,33,33,33,33,33,33,33,33,33,33,33,33,33,33,33,33,33,33,33,33,33,33,33,33,33,33,33,33,33,33,33,33,33,33,33,33,33],"card_choices":[{"not_picked":["Escape Plan","Accuracy"],"picked":"Deadly Poison","floor":1.0},{"not_picked":["Slice","Deflect"],"picked":"Dagger Spray","floor":2.0},{"not_picked":["Cloak And Dagger","Deflect"],"picked":"Adrenaline","floor":3.0},{"not_picked":["Night Terror","Eviscerate"],"picked":"Endless Agony","floor":7.0},{"not_picked":["Expertise","Infinite Blades"],"picked":"Blur","floor":8.0},{"not_picked":["Flying Knee","Skewer"],"picked":"Backflip","floor":10.0},{"not_picked":["Setup","Tactician","Bane"],"picked":"SKIP","floor":12.0},{"not_picked":["Endless Agony","Quick Slash","All Out Attack"],"picked":"SKIP","floor":14.0},{"not_picked":["Storm of Steel","Doppelganger"],"picked":"After Image","floor":16.0},{"not_picked":["Predator","Setup"],"picked":"Backflip","floor":17.0},{"not_picked":["Underhanded Strike","Dagger Throw"],"picked":"Footwork","floor":17.0},{"not_picked":["Setup","Eviscerate"],"picked":"Noxious Fumes","floor":17.0},{"not_picked":["Bane","Deadly Poison"],"picked":"Leg Sweep","floor":17.0},{"not_picked":["Flying Knee","Finisher+1"],"picked":"Well Laid Plans","floor":18},{"not_picked":["Predator","Bullet Time"],"picked":"Deflect+1","floor":23},{"not_picked":["Bouncing Flask","Deadly Poison","Poisoned Stab"],"picked":"SKIP","floor":25},{"not_picked":["Skewer","Reflex"],"picked":"Deflect","floor":27},{"not_picked":["Dagger Spray","Dagger Throw"],"picked":"Backflip","floor":29},{"not_picked":["Accuracy","Sucker Punch"],"picked":"After Image","floor":30},{"not_picked":["Predator","Cloak And Dagger"],"picked":"PiercingWail","floor":31},{"not_picked":["Storm of Steel","Doppelganger"],"picked":"Wraith Form v2","floor":33},{"not_picked":["Skewer","Blade Dance"],"picked":"PiercingWail+1","floor":35},{"not_picked":["Riddle With Holes","Heel Hook"],"picked":"Crippling Poison","floor":36},{"not_picked":["Poisoned Stab+1","Infinite Blades","Dagger Spray"],"picked":"SKIP","floor":38},{"not_picked":["Infinite Blades","Poisoned Stab+1"],"picked":"Footwork+1","floor":41},{"not_picked":["Concentrate","Slice"],"picked":"Dodge and Roll","floor":44},{"not_picked":["Dodge and Roll","Backflip","Dagger Throw"],"picked":"SKIP","floor":45},{"not_picked":["Cloak And Dagger","Leg Sweep"],"picked":"Dodge and Roll+1","floor":48},{"not_picked":["Expertise","Outmaneuver"],"picked":"Noxious Fumes+1","floor":55}],"player_experience":1697027,"relics_obtained":[{"floor":7.0,"key":"Pen Nib"},{"floor":9.0,"key":"Bag of Marbles"},{"floor":10.0,"key":"Smiling Mask"},{"floor":23,"key":"Bronze Scales"},{"floor":25,"key":"Mercury Hourglass"},{"floor":30,"key":"Letter Opener"},{"floor":31,"key":"Peace Pipe"},{"floor":31,"key":"Shuriken"},{"floor":36,"key":"Bird Faced Urn"},{"floor":41,"key":"Lantern"},{"floor":43,"key":"Anchor"},{"floor":44,"key":"Paper Crane"},{"floor":55,"key":"Bottled Tornado"}],"event_choices":[{"damage_healed":0.0,"max_hp_gain":0.0,"max_hp_loss":0.0,"gold_gain":0.0,"event_name":"Liars Game","player_choice":"Ignored","floor":4.0,"gold_loss":0.0,"damage_taken":0.0},{"damage_healed":0.0,"max_hp_gain":0.0,"max_hp_loss":0.0,"gold_gain":0.0,"event_name":"Upgrade Shrine","player_choice":"Upgraded","floor":5.0,"gold_loss":0.0,"damage_taken":0.0,"cards_upgraded":["Deadly Poison"]},{"damage_healed":0,"gold_gain":0,"player_choice":"Became a Ghost","damage_taken":0,"max_hp_gain":0,"max_hp_loss":33,"event_name":"Ghosts","floor":19,"gold_loss":0,"cards_obtained":["Ghostly","Ghostly","Ghostly"]},{"damage_healed":0,"gold_gain":0,"player_choice":"Simplicity","damage_taken":0,"max_hp_gain":0,"max_hp_loss":0,"event_name":"Back to Basics","floor":20,"gold_loss":0,"cards_upgraded":["Defend_G","Defend_G","Defend_G","Defend_G","Defend_G","Strike_G","Strike_G","Strike_G","Strike_G"]},{"damage_healed":0,"gold_gain":0,"player_choice":"Ignored","damage_taken":0,"max_hp_gain":0,"max_hp_loss":0,"event_name":"Vampires","floor":22,"gold_loss":0},{"damage_healed":0,"gold_gain":0,"player_choice":"Fight","damage_taken":0,"max_hp_gain":0,"max_hp_loss":0,"event_name":"Colosseum","floor":31,"gold_loss":0},{"damage_healed":0,"gold_gain":0,"player_choice":"Fought Nobs","damage_taken":0,"max_hp_gain":0,"max_hp_loss":0,"event_name":"Colosseum","floor":31,"gold_loss":0},{"damage_healed":0,"gold_gain":0,"player_choice":"Fight","damage_taken":0,"max_hp_gain":0,"max_hp_loss":0,"event_name":"Mysterious Sphere","floor":36,"gold_loss":0},{"damage_healed":0,"gold_gain":0,"player_choice":"Ignored","damage_taken":0,"max_hp_gain":0,"max_hp_loss":0,"event_name":"Tomb of Lord Red Mask","floor":39,"gold_loss":0}],"is_beta":false,"boss_relics":[{"not_picked":["Empty Cage","Calling Bell"],"picked":"Orrery"},{"not_picked":["Black Star","Astrolabe"],"picked":"Velvet Choker"}],"items_purged_floors":[13,21,37,42,54],"is_endless":false,"potions_floor_spawned":[1,2,3,14,18,25,27,31,35,36,44,45],"ascension_level":20}