{"gold_per_floor":[119,139,150,150,73,73,99,199,222,56,68,85,85,114,114,191,191,211,211,228,243,243,243,270,230,230,230,230],"floor_reached":28,"playtime":989,"items_purged":["Strike_G"],"score":406,"play_id":"cc58f3c5-9a6e-42fd-8c13-47b9dbbe8741","local_time":"20181016011008","is_ascension_mode":true,"campfire_choices":[{"data":"Neutralize","floor":6.0,"key":"SMITH"},{"data":"Noxious Fumes","floor":13.0,"key":"SMITH"},{"data":"Footwork","floor":15.0,"key":"SMITH"},{"data":"Terror","floor":23.0,"key":"SMITH"},{"data":"Dash","floor":27,"key":"SMITH"}],"neow_cost":"NONE","seed_source_timestamp":0,"circlet_count":0,"master_deck":["Defend_G+1","Defend_G+1","Defend_G+1","Defend_G+1","Defend_G+1","Strike_G+1","Strike_G+1","Strike_G+1","Strike_G+1","Survivor","Neutralize+1","AscendersBane","Backflip","Backflip","Doppelganger+1","Noxious Fumes+1","Slice","Footwork+1","Cloak And Dagger","Bane","Dash+1","Slice","Doppelganger+1","Cloak And Dagger","Terror+1","Well Laid Plans","Noxious Fumes"],"special_seed":0,"relics":["Ring of the Snake","NeowsBlessing","Vajra","Juzu Bracelet","Bottled Tornado","Philosopher\u0027s Stone","GremlinMask","Bag of Preparation","Orichalcum"],"potions_floor_usage":[],"damage_taken":[{"damage":0.0,"enemies":"Cultist","floor":1.0,"turns":1.0},{"damage":0.0,"enemies":"2 Louse","floor":2.0,"turns":1.0},{"damage":0.0,"enemies":"Jaw Worm","floor":3.0,"turns":1.0},{"damage":14.0,"enemies":"Lagavulin","floor":7.0,"turns":10.0},{"damage":2.0,"enemies":"3 Louse","floor":11.0,"turns":5.0},{"damage":1.0,"enemies":"2 Fungi Beasts","floor":12.0,"turns":4.0},{"damage":2.0,"enemies":"3 Sentries","floor":14.0,"turns":7.0},{"damage":30.0,"enemies":"Hexaghost","floor":16.0,"turns":10.0},{"damage":0.0,"enemies":"Chosen","floor":18.0,"turns":4.0},{"damage":5.0,"enemies":"Spheric Guardian","floor":20.0,"turns":5.0},{"damage":2.0,"enemies":"Shelled Parasite and Fungi","floor":21.0,"turns":5.0},{"damage":22.0,"enemies":"Gremlin Leader","floor":24.0,"turns":5.0},{"damage":34,"enemies":"Slavers","floor":28,"turns":2}],"seed_played":"6753554844849090388","potions_obtained":[{"floor":1.0,"key":"Strength Potion"},{"floor":2.0,"key":"Energy Potion"},{"floor":18.0,"key":"Ancient Potion"}],"is_trial":false,"path_per_floor":["M","M","M","?","$","R","E","?","T","$","M","M","R","E","R","B",null,"M","?","M","M","?","R","E","?","T","R"],"character_chosen":"THE_SILENT","items_purchased":["Noxious Fumes","Footwork","Cloak And Dagger"],"campfire_rested":0,"item_purchase_floors":[5,10,10],"current_hp_per_floor":[63,63,63,63,63,63,49,49,49,49,47,46,46,44,44,14,56,56,56,51,49,49,49,27,27,27,27,0],"gold":230,"neow_bonus":"THREE_ENEMY_KILL","is_prod":false,"is_daily":false,"chose_seed":false,"campfire_upgraded":5,"win_rate":0,"timestamp":1539645008,"path_taken":["M","M","?","?","$","R","E","?","T","?","M","M","R","E","R","BOSS","M","?","M","M","?","R","E","?","T","R","E"],"build_version":"2018-10-11","purchased_purges":1,"victory":false,"max_hp_per_floor":[70,70,70,70,70,70,70,70,70,70,70,70,70,70,70,70,70,70,70,70,70,70,70,70,70,70,70,70],"card_choices":[{"not_picked":["Underhanded Strike","All Out Attack"],"picked":"Backflip","floor":1.0},{"not_picked":["Eviscerate","Choke"],"picked":"Backflip","floor":2.0},{"not_picked":["Well Laid Plans","Slice"],"picked":"Doppelganger","floor":3.0},{"not_picked":["Dagger Spray","Calculated Gamble"],"picked":"Slice","floor":7.0},{"not_picked":["Endless Agony","Quick Slash"],"picked":"Bane","floor":11.0},{"not_picked":["Cloak And Dagger","Reflex"],"picked":"Dash","floor":12.0},{"not_picked":["Concentrate","Endless Agony"],"picked":"Slice","floor":14.0},{"not_picked":["Grand Finale","Phantasmal Killer"],"picked":"Doppelganger","floor":16.0},{"not_picked":["Slice","Blade Dance"],"picked":"Cloak And Dagger","floor":18.0},{"not_picked":["Dodge and Roll","Deflect"],"picked":"Terror","floor":20.0},{"not_picked":["Dodge and Roll","Caltrops"],"picked":"Well Laid Plans","floor":21.0},{"not_picked":["Blade Dance","Choke"],"picked":"Noxious Fumes","floor":24.0}],"player_experience":618423,"relics_obtained":[{"floor":7.0,"key":"Vajra"},{"floor":9.0,"key":"Juzu Bracelet"},{"floor":14.0,"key":"Bottled Tornado"},{"floor":24.0,"key":"Bag of Preparation"},{"floor":26,"key":"Orichalcum"}],"event_choices":[{"event_name":"Living Wall","player_choice":"Grow","floor":4.0,"damage_taken":0.0},{"event_name":"Golden Shrine","player_choice":"Pray","floor":8.0,"damage_taken":0.0},{"event_name":"Back to Basics","player_choice":"Simplicity","floor":19.0,"damage_taken":0.0},{"event_name":"FaceTrader","player_choice":"Trade","floor":22.0,"damage_taken":0.0},{"event_name":"Designer","player_choice":"Upgrade Card","floor":25,"damage_taken":0}],"is_beta":true,"boss_relics":[{"not_picked":["Ring of the Serpent","Runic Dome"],"picked":"Philosopher\u0027s Stone"}],"items_purged_floors":[10],"is_endless":false,"potions_floor_spawned":[1,2,3,18],"killed_by":"Slavers","ascension_level":13}