{"gold_per_floor":[117,129,129,143,162,195,195,221,247,247,259,259,160,170,170,271,271,282,207,207,53,153,181,181,198,198,198],"floor_reached":27,"playtime":1593,"items_purged":[],"score":349,"play_id":"997396fd-d7ce-4cc3-a976-2162aa98fab4","local_time":"20190418101324","is_ascension_mode":true,"campfire_choices":[{"data":"Zap","floor":7,"key":"SMITH"},{"data":"Madness","floor":12,"key":"SMITH"},{"data":"Sunder","floor":15,"key":"SMITH"},{"floor":24,"key":"REST"}],"neow_cost":"NONE","seed_source_timestamp":381393540869095,"circlet_count":0,"master_deck":["Strike_B","Strike_B","Strike_B+1","Defend_B","Defend_B","Defend_B","Defend_B","Zap+1","Dualcast","Madness+1","Auto Shields","Beam Cell+1","Self Repair","Steam","Glacier","FTL","Buffer","Sunder+1","Compile Driver","Defragment","Amplify","Redo","Ball Lightning","Capacitor","Leap","Hologram+1","Redo+1","Go for the Eyes"],"relics":["Cracked Core","Emotion Chip","Art of War","Boot","White Beast Statue","WingedGreaves","Cables","DataDisk","The Courier"],"potions_floor_usage":[6,8,16,22,22,23,27,27],"damage_taken":[{"damage":3,"enemies":"Jaw Worm","floor":1,"turns":4},{"damage":0,"enemies":"2 Louse","floor":2,"turns":2},{"damage":0,"enemies":"Cultist","floor":4,"turns":2},{"damage":18,"enemies":"Large Slime","floor":5,"turns":5},{"damage":14,"enemies":"3 Sentries","floor":6,"turns":8},{"damage":17,"enemies":"Gremlin Nob","floor":8,"turns":5},{"damage":0,"enemies":"2 Fungi Beasts","floor":11,"turns":4},{"damage":0,"enemies":"Exordium Wildlife","floor":14,"turns":5},{"damage":9,"enemies":"Hexaghost","floor":16,"turns":12},{"damage":24,"enemies":"Shell Parasite","floor":18,"turns":7},{"damage":21,"enemies":"Colosseum Slavers","floor":22,"turns":5},{"damage":25,"enemies":"Colosseum Nobs","floor":22,"turns":5},{"damage":15,"enemies":"Slavers","floor":23,"turns":6},{"damage":6,"enemies":"Spheric Guardian","floor":25,"turns":3},{"damage":45,"enemies":"Gremlin Leader","floor":27,"turns":7}],"seed_played":"-3099673919955337199","potions_obtained":[{"floor":1,"key":"Explosive Potion"},{"floor":4,"key":"GamblersBrew"},{"floor":6,"key":"Dexterity Potion"},{"floor":16,"key":"GamblersBrew"},{"floor":18,"key":"FearPotion"},{"floor":22,"key":"Poison Potion"},{"floor":23,"key":"AttackPotion"},{"floor":25,"key":"GamblersBrew"}],"is_trial":false,"path_per_floor":["M","M","?","M","M","E","R","E","T","?","M","R","$","M","R","B",null,"M","?","?","$","?","E","R","M","T","E"],"character_chosen":"DEFECT","items_purchased":["Sunder","Compile Driver","Ball Lightning","Capacitor","Leap"],"campfire_rested":1,"item_purchase_floors":[13,13,21,21,21],"current_hp_per_floor":[65,65,50,50,39,32,32,22,22,27,34,34,34,34,34,32,68,58,58,58,58,19,18,42,43,43,0],"gold":198,"neow_bonus":"RANDOM_COLORLESS","is_prod":false,"is_daily":false,"chose_seed":false,"campfire_upgraded":3,"win_rate":0,"timestamp":1555607604,"path_taken":["M","M","?","M","M","E","R","E","T","?","M","R","$","M","R","BOSS","M","?","?","$","?","E","R","?","T","E"],"build_version":"2019-01-23","purchased_purges":0,"victory":false,"max_hp_per_floor":[75,75,75,75,75,75,75,75,75,80,80,80,80,80,80,80,80,80,80,80,80,80,80,80,80,80,80],"card_choices":[{"not_picked":["Beam Cell","Rebound"],"picked":"Auto Shields","floor":1},{"not_picked":["Turbo","Loop"],"picked":"Beam Cell","floor":2},{"not_picked":["Sweeping Beam","Gash"],"picked":"Self Repair","floor":4},{"not_picked":["Redo","Beam Cell"],"picked":"Steam","floor":5},{"not_picked":["Sweeping Beam","Gash"],"picked":"Glacier","floor":6},{"not_picked":["Reinforced Body","Stack"],"picked":"FTL","floor":8},{"not_picked":["Stack","Coolheaded"],"picked":"Buffer","floor":11},{"not_picked":["Coolheaded","Conserve Battery"],"picked":"Defragment","floor":14},{"not_picked":["Meteor Strike","Buffer"],"picked":"Amplify","floor":16},{"not_picked":["Gash","Barrage"],"picked":"Redo","floor":18},{"not_picked":["Hello World","Rebound"],"picked":"Hologram+1","floor":22},{"not_picked":["Thunder Strike","Compile Driver"],"picked":"Redo+1","floor":23},{"not_picked":["Streamline","Redo"],"picked":"Go for the Eyes","floor":25}],"player_experience":594671,"relics_obtained":[{"floor":6,"key":"Emotion Chip"},{"floor":8,"key":"Art of War"},{"floor":9,"key":"Boot"},{"floor":22,"key":"WingedGreaves"},{"floor":22,"key":"Cables"},{"floor":23,"key":"DataDisk"},{"floor":26,"key":"The Courier"}],"event_choices":[{"damage_healed":0,"gold_gain":0,"player_choice":"Entered Light","damage_taken":15,"max_hp_gain":0,"max_hp_loss":0,"event_name":"Shining Light","floor":3,"gold_loss":0,"cards_upgraded":["Beam Cell","Strike_B"]},{"damage_healed":0,"gold_gain":0,"player_choice":"Donut","damage_taken":0,"max_hp_gain":5,"max_hp_loss":0,"event_name":"Big Fish","floor":10,"gold_loss":0},{"cards_removed":["Strike_B"],"damage_healed":0,"gold_gain":0,"player_choice":"Gave Gold","damage_taken":0,"max_hp_gain":0,"max_hp_loss":0,"event_name":"Beggar","floor":19,"gold_loss":75},{"damage_healed":0,"gold_gain":0,"player_choice":"Ignored","damage_taken":0,"max_hp_gain":0,"max_hp_loss":0,"event_name":"Vampires","floor":20,"gold_loss":0},{"damage_healed":0,"gold_gain":0,"player_choice":"Fight","damage_taken":0,"max_hp_gain":0,"max_hp_loss":0,"event_name":"Colosseum","floor":22,"gold_loss":0},{"damage_healed":0,"gold_gain":0,"player_choice":"Fought Nobs","damage_taken":0,"max_hp_gain":0,"max_hp_loss":0,"event_name":"Colosseum","floor":22,"gold_loss":0}],"is_beta":false,"boss_relics":[{"not_picked":["FrozenCore","Calling Bell"],"picked":"White Beast Statue"}],"items_purged_floors":[],"is_endless":false,"potions_floor_spawned":[1,4,6,16,18,22,22,23,25],"killed_by":"Gremlin Leader","ascension_level":9}