{"path_per_floor":["M","$","M","?","?","R","E","R","T","M","M","M","E","M","R","B",null,"M","?","$","M","M","E","R","M","T","E","R","?","R","M","R","B",null,"M","?","M","M","$","R"],"character_chosen":"DEFECT","items_purchased":["Calipers","Defragment","Emotion Chip","Double Energy","Self Repair"],"gold_per_floor":[366,1,17,17,17,17,46,46,46,65,80,99,124,143,143,241,241,252,252,214,228,242,274,274,294,294,294,294,294,294,310,310,407,407,420,420,434,449,4,4,4],"floor_reached":41,"campfire_rested":4,"playtime":1544,"item_purchase_floors":[2,20,39,39,39],"current_hp_per_floor":[73,73,69,69,69,69,43,43,43,43,35,32,24,24,46,30,75,68,68,68,65,45,19,19,3,3,3,28,12,39,28,55,7,90,77,77,75,75,75,75,0],"items_purged":["Doubt"],"gold":4,"score":540,"play_id":"349e1845-9817-422c-b5b8-5168d4845df5","local_time":"20180526144825","is_prod":false,"is_daily":false,"chose_seed":false,"is_ascension_mode":true,"campfire_upgraded":4,"win_rate":0,"timestamp":1527338905,"campfire_choices":[{"data":"Zap","floor":6,"key":"SMITH"},{"data":"Dualcast","floor":8,"key":"SMITH"},{"floor":15,"key":"REST"},{"data":"Redo","floor":24,"key":"SMITH"},{"floor":28,"key":"REST"},{"floor":30,"key":"REST"},{"floor":32,"key":"REST"},{"data":"Multi-Cast","floor":40,"key":"SMITH"}],"path_taken":["M","$","M","?","?","R","E","R","T","M","M","?","E","M","R","BOSS","M","?","$","?","M","E","R","M","T","E","R","?","R","M","R","BOSS","M","?","M","M","$","R","M"],"build_version":"2018-05-25","seed_source_timestamp":9259284227550,"purchased_purges":1,"victory":false,"master_deck":["Strike_B","Strike_B","Strike_B","Defend_B","Defend_B","Defend_B","Defend_B","Zap+1","Dualcast+1","Sunder+1","Consume","Compile Driver","Loop","Redo+1","Redo","Doom and Gloom","Genetic Algorithm","Multi-Cast+1","Conserve Battery+1","Darkness","Defragment","Turbo+1","Sweeping Beam+1","Rebound+1","Melter","Conserve Battery+1","Seek","Steam Power","Streamline+1","Streamline+1","Double Energy","Self Repair"],"max_hp_per_floor":[75,75,75,75,75,75,75,75,75,75,75,75,75,75,75,75,75,75,75,75,75,75,85,85,85,85,85,85,90,90,90,90,90,90,90,90,90,90,90,90,90],"relics":["Cracked Core","Calipers","Cables","Mummified Hand","Vajra","Sozu","Pear","Mercury Hourglass","Philosopher\u0027s Stone","Emotion Chip"],"card_choices":[{"not_picked":["Compile Driver","Hologram"],"picked":"Sunder","floor":1},{"not_picked":["Streamline","Reprogram"],"picked":"Consume","floor":3},{"not_picked":["Rebound","Meteor Strike"],"picked":"Compile Driver","floor":7},{"not_picked":["Sweeping Beam","Streamline"],"picked":"Loop","floor":10},{"not_picked":["Blizzard","Turbo"],"picked":"Redo","floor":11},{"not_picked":["Turbo","Sweeping Beam"],"picked":"Redo","floor":12},{"not_picked":["Barrage","Chaos"],"picked":"Doom and Gloom","floor":13},{"not_picked":["Compile Driver","Barrage"],"picked":"Genetic Algorithm","floor":14},{"not_picked":["Machine Learning","Echo Form"],"picked":"Multi-Cast","floor":16},{"not_picked":["Streamline","Turbo"],"picked":"Conserve Battery+1","floor":18},{"not_picked":["Gash","Coolheaded"],"picked":"Turbo+1","floor":21},{"not_picked":["Static Discharge+1","Hologram"],"picked":"Sweeping Beam+1","floor":22},{"not_picked":["Tempest","Consume+1"],"picked":"Rebound+1","floor":23},{"not_picked":["White Noise","Steam"],"picked":"Melter","floor":25},{"not_picked":["Hello World","Leap"],"picked":"Conserve Battery+1","floor":31},{"not_picked":["Rainbow","Reboot"],"picked":"Seek","floor":33},{"not_picked":["Compile Driver+1","Fusion"],"picked":"Steam Power","floor":35},{"not_picked":["Barrage+1","Storm"],"picked":"Streamline+1","floor":37},{"not_picked":["Fusion+1","Ball Lightning"],"picked":"Streamline+1","floor":38}],"player_experience":213552,"potions_floor_usage":[14,27,27,27],"damage_taken":[{"damage":2,"enemies":"Small Slimes","floor":1,"turns":3},{"damage":4,"enemies":"Jaw Worm","floor":3,"turns":4},{"damage":26,"enemies":"Lagavulin","floor":7,"turns":5},{"damage":0,"enemies":"Cultist","floor":10,"turns":2},{"damage":8,"enemies":"Blue Slaver","floor":11,"turns":2},{"damage":3,"enemies":"Exordium Thugs","floor":12,"turns":3},{"damage":8,"enemies":"Gremlin Nob","floor":13,"turns":3},{"damage":0,"enemies":"Looter","floor":14,"turns":2},{"damage":16,"enemies":"The Guardian","floor":16,"turns":6},{"damage":7,"enemies":"Chosen","floor":18,"turns":4},{"damage":3,"enemies":"3 Byrds","floor":21,"turns":3},{"damage":20,"enemies":"Snecko","floor":22,"turns":4},{"damage":36,"enemies":"Book of Stabbing","floor":23,"turns":5},{"damage":16,"enemies":"Snake Plant","floor":25,"turns":4},{"damage":0,"enemies":"Gremlin Leader","floor":27,"turns":2},{"damage":11,"enemies":"Sentry and Sphere","floor":31,"turns":3},{"damage":48,"enemies":"Collector","floor":33,"turns":6},{"damage":13,"enemies":"3 Shapes","floor":35,"turns":3},{"damage":2,"enemies":"Orb Walker","floor":37,"turns":2},{"damage":0,"enemies":"Flame Bruiser 2 Orb","floor":38,"turns":3},{"damage":78,"enemies":"3 Darklings","floor":41,"turns":4}],"relics_obtained":[{"floor":7,"key":"Cables"},{"floor":9,"key":"Mummified Hand"},{"floor":13,"key":"Vajra"},{"floor":23,"key":"Pear"},{"floor":26,"key":"Mercury Hourglass"}],"event_choices":[{"event_name":"Living Wall","player_choice":"Grow","floor":4,"damage_taken":0},{"event_name":"Purifier","player_choice":"One Purge","floor":5,"damage_taken":0},{"event_name":"The Library","player_choice":"Read","floor":19,"damage_taken":0},{"event_name":"Forgotten Altar","player_choice":"Shed Blood","floor":29,"damage_taken":0},{"event_name":"Tomb of Lord Red Mask","player_choice":"Ignored","floor":36,"damage_taken":0}],"boss_relics":[{"not_picked":["Black Star","Nuclear Battery"],"picked":"Sozu"},{"not_picked":["White Beast Statue","Eternal Feather"],"picked":"Philosopher\u0027s Stone"}],"items_purged_floors":[2],"potions_floor_spawned":[1,10,13,16,27,33,37],"seed_played":"-3709214587856381112","killed_by":"3 Darklings","ascension_level":2,"potions_obtained":[{"floor":1,"key":"SmokeBomb"},{"floor":10,"key":"SneckoOil"},{"floor":13,"key":"Block Potion"},{"floor":16,"key":"LiquidBronze"}],"is_trial":false}