{"gold_per_floor":[360,380,380,28,38,38,68,68,123,150,162,162,188,207,207,284,284,244,114,114,114,114,114,114,114,114,114,114,114,114,114,114,114,114,114,114,114,114,114,114,114,114,114,114,114,114,114,114,114,114,114,114,114,114,114,114,71,71,71,71,71,71,71,71,71,71,71,71,71,71,71,71,71,71,71,71,71,71,71,71,71,71,71,71,71,71,71,71,71,71,71,71,71,71,71,71,71,71,71,71,71,71,71,71,71,5,5,5,5,5,5,5,5,5,5,5,5,5,5,5,5,5,5,5,5,5,5,5,5,5,5,5,5,5,5,5,5,5,5,5,5,5,5,5,5,5,5,5,5,5,5,5],"floor_reached":152,"playtime":14438,"items_purged":["Strike_R"],"score":9446,"play_id":"12d129e6-56b9-40fe-98fe-3c6483eea7c1","local_time":"20190214172942","is_ascension_mode":true,"campfire_choices":[{"data":"Whirlwind","floor":6.0,"key":"SMITH"},{"data":"Flame Barrier","floor":8.0,"key":"SMITH"},{"data":"Feel No Pain","floor":15.0,"key":"SMITH"},{"data":"Corruption","floor":23.0,"key":"SMITH"},{"data":"Inflame","floor":25.0,"key":"SMITH"},{"data":"infinitespire:UltimateForm","floor":32.0,"key":"SMITH"},{"data":"Offering","floor":40.0,"key":"SMITH"},{"data":"1","floor":49.0,"key":"LIFT"},{"data":"2","floor":60.0,"key":"LIFT"},{"data":"3","floor":62.0,"key":"LIFT"},{"data":"hubris:Rewind","floor":65.0,"key":"SMITH"},{"data":"Feel No Pain","floor":67.0,"key":"SMITH"},{"data":"Juggernaut","floor":75.0,"key":"SMITH"},{"data":"Barricade","floor":79.0,"key":"SMITH"},{"data":"Disarm","floor":84.0,"key":"SMITH"},{"data":"Offering","floor":92.0,"key":"SMITH"},{"data":"Double Tap","floor":101.0,"key":"SMITH"},{"data":"Dark Embrace","floor":110.0,"key":"SMITH"},{"data":"Juggernaut","floor":119.0,"key":"SMITH"},{"data":"hubris:Rewind","floor":127.0,"key":"SMITH"},{"data":"hubris:Rewind","floor":129.0,"key":"SMITH"},{"data":"Armaments","floor":136.0,"key":"SMITH"},{"floor":144.0,"key":"DIG"},{"floor":146.0,"key":"DIG"},{"floor":150.0,"key":"DIG"}],"neow_cost":"TEN_PERCENT_HP_LOSS","seed_source_timestamp":0,"circlet_count":13,"master_deck":["AscendersBane","Defend_R","Defend_R","Defend_R","Defend_R","Bash+1","Inflame+1","Pommel Strike","Whirlwind+1","Flame Barrier+1","Feel No Pain+1","Spot Weakness+1","Corruption+1","Flame Barrier","Reaper","Offering+1","Inflame+1","Shrug It Off","Shockwave+1","Madness+1","Pummel","Offering+1","Reaper","Sentinel+1","Metallicize","Whirlwind+1","Demon Form","Headbutt","Battle Trance+1","Burning Pact+1","Dark Embrace+1","Warcry+1","Double Tap","Feed+1","Shockwave","Entrench","Inflame","Infernal Blade","Disarm+1","Madness+1","Feel No Pain+1","Juggernaut+1","Madness+1","Battle Trance+1","Inflame+1","Shrug It Off","Decay","Barricade+1","Dark Embrace","Entrench","Madness+1","Double Tap+1","Reaper","Rupture+1","Juggernaut+1","Exhume","Corruption","Body Slam","Shrug It Off","Disarm","Demon Form","Shrug It Off","Madness+1","Madness+1","Shrug It Off","Ghostly","Ghostly","Ghostly","Armaments+1","Madness","Shrug It Off","Barricade","Madness","Bloodletting+1","Whirlwind","True Grit+1","Heavy Blade","Bludgeon"],"special_seed":0,"relics":["Burning Blood","Oddly Smooth Stone","Dodecahedron","Centennial Puzzle","Art of War","Circlet","Orichalcum","Ectoplasm","Red Mask","Potion Belt","Orrery","Pantograph","War Paint","Charon\u0027s Ashes","Girya","Juzu Bracelet","Mummified Hand","Coffee Dripper","Odd Mushroom","Bronze Scales","Champion Belt","PreservedInsect","Bird Faced Urn","Astrolabe","SsserpentHead","Sundial","Whetstone","Smiling Mask","Letter Opener","Philosopher\u0027s Stone","Vajra","Blood Vial","MawBank","Mark of Pain","Red Skull","GremlinMask","Bag of Marbles","Snecko Eye","Shovel","Tiny Chest","StoneCalendar","Pen Nib","Lantern","Boot"],"potions_floor_usage":[],"damage_taken":[{"damage":31.0,"enemies":"Jaw Worm","floor":1.0,"turns":6.0},{"damage":2.0,"enemies":"Cultist","floor":2.0,"turns":4.0},{"damage":10.0,"enemies":"Small Slimes","floor":5.0,"turns":3.0},{"damage":13.0,"enemies":"3 Sentries","floor":7.0,"turns":4.0},{"damage":11.0,"enemies":"Gremlin Nob","floor":10.0,"turns":3.0},{"damage":1.0,"enemies":"Blue Slaver","floor":11.0,"turns":5.0},{"damage":17.0,"enemies":"Lagavulin","floor":13.0,"turns":7.0},{"damage":0.0,"enemies":"2 Fungi Beasts","floor":14.0,"turns":4.0},{"damage":27.0,"enemies":"Hexaghost","floor":16.0,"turns":9.0},{"damage":11.0,"enemies":"2 Thieves","floor":18.0,"turns":2.0},{"damage":31.0,"enemies":"Masked Bandits","floor":21.0,"turns":4.0},{"damage":12.0,"enemies":"Shell Parasite","floor":22.0,"turns":5.0},{"damage":19.0,"enemies":"Nightmare","floor":27.0,"turns":7.0},{"damage":5.0,"enemies":"Shelled Parasite and Fungi","floor":28.0,"turns":3.0},{"damage":6.0,"enemies":"Book of Stabbing","floor":31.0,"turns":4.0},{"damage":27.0,"enemies":"Champ","floor":33.0,"turns":7.0},{"damage":0.0,"enemies":"3 Shapes","floor":35.0,"turns":2.0},{"damage":0.0,"enemies":"3 Darklings","floor":36.0,"turns":2.0},{"damage":14.0,"enemies":"4 Shapes","floor":37.0,"turns":6.0},{"damage":37.0,"enemies":"Spire Growth","floor":38.0,"turns":5.0},{"damage":26.0,"enemies":"Jaw Worm Horde","floor":39.0,"turns":4.0},{"damage":24.0,"enemies":"Giant Head","floor":41.0,"turns":7.0},{"damage":6.0,"enemies":"Transient","floor":42.0,"turns":6.0},{"damage":37.0,"enemies":"Nemesis","floor":44.0,"turns":11.0},{"damage":16.0,"enemies":"3 Darklings","floor":45.0,"turns":5.0},{"damage":20.0,"enemies":"Nightmare","floor":46.0,"turns":8.0},{"damage":0.0,"enemies":"Maw","floor":47.0,"turns":6.0},{"damage":0.0,"enemies":"Spire Growth","floor":48.0,"turns":2.0},{"damage":24.0,"enemies":"infinitespire:MassOfShapes","floor":50.0,"turns":8.0},{"damage":5.0,"enemies":"Awakened One","floor":51.0,"turns":6.0},{"damage":0.0,"enemies":"Cultist","floor":53.0,"turns":2.0},{"damage":0.0,"enemies":"The Mushroom Lair","floor":54.0,"turns":4.0},{"damage":0.0,"enemies":"2 Louse","floor":56.0,"turns":2.0},{"damage":0.0,"enemies":"Lagavulin","floor":58.0,"turns":3.0},{"damage":0.0,"enemies":"Jaw Worm","floor":59.0,"turns":2.0},{"damage":0.0,"enemies":"Lots of Slimes","floor":63.0,"turns":2.0},{"damage":6.0,"enemies":"Nightmare","floor":64.0,"turns":4.0},{"damage":0.0,"enemies":"3 Sentries","floor":66.0,"turns":2.0},{"damage":0.0,"enemies":"Slime Boss","floor":68.0,"turns":2.0},{"damage":0.0,"enemies":"Chosen","floor":70.0,"turns":4.0},{"damage":0.0,"enemies":"Spheric Guardian","floor":72.0,"turns":2.0},{"damage":89.0,"enemies":"Nightmare_Alpha","floor":76.0,"turns":7.0},{"damage":0.0,"enemies":"Centurion and Healer","floor":77.0,"turns":2.0},{"damage":0.0,"enemies":"Book of Stabbing","floor":81.0,"turns":5.0},{"damage":8.0,"enemies":"Snake Plant","floor":82.0,"turns":2.0},{"damage":8.0,"enemies":"Champ","floor":85.0,"turns":5.0},{"damage":0.0,"enemies":"Orb Walker","floor":87.0,"turns":3.0},{"damage":6.0,"enemies":"3 Shapes","floor":90.0,"turns":3.0},{"damage":0.0,"enemies":"Reptomancer","floor":93.0,"turns":4.0},{"damage":40.0,"enemies":"3 Darklings","floor":94.0,"turns":3.0},{"damage":0.0,"enemies":"Nightmare_Alpha","floor":96.0,"turns":4.0},{"damage":0.0,"enemies":"Writhing Mass","floor":97.0,"turns":3.0},{"damage":0.0,"enemies":"Nemesis","floor":99.0,"turns":3.0},{"damage":0.0,"enemies":"Spire Growth","floor":100.0,"turns":3.0},{"damage":24.0,"enemies":"Donu and Deca","floor":102.0,"turns":4.0},{"damage":58.0,"enemies":"infinitespire:MassOfShapes","floor":103.0,"turns":6.0},{"damage":0.0,"enemies":"Jaw Worm","floor":105.0,"turns":1.0},{"damage":0.0,"enemies":"Cultist","floor":107.0,"turns":2.0},{"damage":0.0,"enemies":"Small Slimes","floor":108.0,"turns":2.0},{"damage":0.0,"enemies":"Red Slaver","floor":109.0,"turns":2.0},{"damage":0.0,"enemies":"Gremlin Nob","floor":111.0,"turns":2.0},{"damage":0.0,"enemies":"Looter","floor":112.0,"turns":1.0},{"damage":0.0,"enemies":"Blue Slaver","floor":114.0,"turns":1.0},{"damage":0.0,"enemies":"Nightmare","floor":115.0,"turns":4.0},{"damage":0.0,"enemies":"Gremlin Gang","floor":116.0,"turns":2.0},{"damage":0.0,"enemies":"3 Louse","floor":118.0,"turns":1.0},{"damage":215.0,"enemies":"LordOfAnnihilation","floor":120.0,"turns":19.0},{"damage":0.0,"enemies":"Shell Parasite","floor":122.0,"turns":2.0},{"damage":0.0,"enemies":"Chosen","floor":124.0,"turns":1.0},{"damage":0.0,"enemies":"Gremlin Leader","floor":131.0,"turns":2.0},{"damage":0.0,"enemies":"Snake Plant","floor":132.0,"turns":2.0},{"damage":0.0,"enemies":"Nightmare_Alpha","floor":133.0,"turns":5.0},{"damage":0.0,"enemies":"Gremlin Leader","floor":135.0,"turns":3.0},{"damage":35.0,"enemies":"Champ","floor":137.0,"turns":4.0},{"damage":0.0,"enemies":"3 Darklings","floor":139.0,"turns":1.0},{"damage":0.0,"enemies":"Mind Bloom Boss Battle","floor":141.0,"turns":3.0},{"damage":0.0,"enemies":"Orb Walker","floor":142.0,"turns":2.0},{"damage":0.0,"enemies":"Transient","floor":143.0,"turns":4.0},{"damage":0.0,"enemies":"Nightmare_Alpha","floor":145.0,"turns":5.0},{"damage":1,"enemies":"Nemesis","floor":151,"turns":3},{"damage":0,"enemies":"Jaw Worm Horde","floor":152,"turns":1}],"seed_played":"-2039582365569351485","potions_obtained":[{"floor":2.0,"key":"Swift Potion"},{"floor":11.0,"key":"SkillPotion"},{"floor":28.0,"key":"Swift Potion"},{"floor":33.0,"key":"Explosive Potion"},{"floor":41.0,"key":"SkillPotion"},{"floor":44.0,"key":"FearPotion"},{"floor":45.0,"key":"Ancient Potion"},{"floor":46.0,"key":"infinitespire:BlackPotion"},{"floor":46.0,"key":"PowerPotion"},{"floor":82.0,"key":"Energy Potion"},{"floor":83.0,"key":"Fruit Juice"},{"floor":83.0,"key":"FearPotion"},{"floor":94.0,"key":"Fruit Juice"},{"floor":96.0,"key":"SpeedPotion"},{"floor":115.0,"key":"infinitespire:BlackPotion"},{"floor":118.0,"key":"Dexterity Potion"},{"floor":124.0,"key":"Block Potion"},{"floor":131.0,"key":"GamblersBrew"},{"floor":132.0,"key":"PowerPotion"},{"floor":139.0,"key":"PowerPotion"}],"is_trial":false,"path_per_floor":["M","M","?","$","M","R","E","R","T","E","M","?","E","M","R","B",null,"M","$","?","?","M","R","E","R","T","NM","M","?","?","E","R","B",null,"M","M","M","M","M","R","E","M","T","E","M","NM","M","M","R","B","B",null,"M","?","?","M","$","E","M","R","T","R","M","NM","R","?","R","B",null,"M","?","M","$","?","R","NM","M","T","R","$","E","M","?","R","B",null,"M","?","?","M","$","R","E","M","T","NM","M","?","E","M","R","B","B",null,"M","?","M","M","M","R","E","M","T","M","NM","M","?","M","R","B",null,"M","$","M","$","?","R","$","R","T","E","M","NM","?","E","R","B",null,"M","?","?","M","M","R","NM","R","T","?","$","R","E","M"],"character_chosen":"IRONCLAD","items_purchased":["Whirlwind","Flame Barrier","Feel No Pain","Oddly Smooth Stone","Shrug It Off","Inflame"],"campfire_rested":0,"item_purchase_floors":[4,4,4,4,19,57],"current_hp_per_floor":[43,47,47,47,43,43,36,36,36,31,36,36,25,31,31,20,56,59,59,40,39,33,33,45,45,45,47,73,73,73,73,73,73,73,73,73,73,73,59,59,60,73,73,45,76,82,85,88,88,91,91,91,94,97,97,100,100,100,100,100,100,100,106,109,109,112,112,115,115,115,115,118,118,118,118,90,118,118,118,118,118,118,123,123,123,123,123,118,121,129,129,129,129,113,113,138,142,142,146,150,150,154,154,154,154,154,154,154,154,154,154,154,154,154,154,154,154,154,154,154,154,154,154,154,154,77,77,77,77,77,77,77,77,77,77,77,55,63,70,71,77,77,77,77,77,77,77,72,73,73,77,77],"gold":5,"neow_bonus":"TWO_FIFTY_GOLD","is_prod":false,"is_daily":false,"chose_seed":false,"campfire_upgraded":19,"win_rate":0,"timestamp":1550161782,"path_taken":["M","M","?","$","M","R","E","R","T","E","?","?","E","M","R","BOSS","M","$","?","?","M","R","E","R","T","NM","M","?","?","E","R","BOSS","M","?","M","M","M","R","E","M","T","E","M","NM","M","M","R","BOSS","BOSS","M","?","?","M","$","E","M","R","T","R","M","NM","R","?","R","BOSS","M","?","M","?","?","R","NM","M","T","R","?","E","M","?","R","BOSS","M","?","?","M","$","R","E","M","T","NM","M","?","E","M","R","BOSS","BOSS","M","?","M","M","M","R","E","M","T","M","NM","M","?","M","R","BOSS","M","?","M","$","?","R","$","R","T","E","M","NM","?","E","R","BOSS","M","?","?","M","M","R","NM","R","T","?","?","R","E","M"],"build_version":"2019-01-23","purchased_purges":1,"victory":false,"max_hp_per_floor":[68,68,68,68,68,68,68,68,68,68,68,68,68,68,68,68,68,68,68,73,73,73,73,73,73,73,73,73,73,73,73,73,73,73,73,73,73,73,73,73,73,73,73,76,79,82,85,88,88,91,91,91,94,97,97,100,100,100,100,100,100,100,106,109,109,112,112,115,115,115,115,118,118,118,118,118,118,118,118,118,118,118,123,123,123,123,123,123,123,129,129,129,129,138,138,138,142,142,146,150,150,154,154,154,154,154,154,154,154,154,154,154,154,154,154,154,154,154,154,154,154,154,154,154,154,77,77,77,77,77,77,77,77,77,77,77,77,77,77,77,77,77,77,77,77,77,77,77,77,77,77,77],"card_choices":[{"not_picked":["Evolve","Warcry"],"picked":"Inflame","floor":1.0},{"not_picked":["Armaments","Body Slam"],"picked":"Pommel Strike","floor":2.0},{"not_picked":["hubris:CleavingFinish","Warcry","Flex"],"picked":"SKIP","floor":5.0},{"not_picked":["Sever Soul","Twin Strike"],"picked":"Spot Weakness","floor":7.0},{"not_picked":["Rage","Entrench","Ghostly Armor"],"picked":"SKIP","floor":10.0},{"not_picked":["Havoc","Warcry"],"picked":"Corruption","floor":11.0},{"not_picked":["Pommel Strike","Clash"],"picked":"Flame Barrier","floor":13.0},{"not_picked":["Heavy Blade","Blood for Blood"],"picked":"Reaper","floor":14.0},{"not_picked":["Double Tap","Berserk"],"picked":"Offering","floor":16.0},{"not_picked":["Clash","Bloodletting"],"picked":"Inflame","floor":18.0},{"not_picked":["Reckless Charge","Combust"],"picked":"Shockwave+1","floor":21.0},{"not_picked":["Flex+1","True Grit"],"picked":"Heavy Blade","floor":22.0},{"not_picked":["hubris:Rewind","infinitespire:Collect"],"picked":"infinitespire:UltimateForm","floor":27.0},{"not_picked":["Clash","Headbutt"],"picked":"Havoc","floor":27.0},{"not_picked":["Warcry","Rage"],"picked":"Pummel","floor":28.0},{"not_picked":["Evolve","hubris:StunningStrike"],"picked":"Offering","floor":31.0},{"not_picked":["hubris:StunningStrike","Fiend Fire"],"picked":"Reaper","floor":33.0},{"not_picked":["Pommel Strike","Heavy Blade"],"picked":"Sentinel+1","floor":34.0},{"not_picked":["Entrench","Havoc+1"],"picked":"Metallicize","floor":34.0},{"not_picked":["Headbutt","Perfected Strike+1"],"picked":"Whirlwind+1","floor":35.0},{"not_picked":["True Grit","Thunderclap","Rage+1"],"picked":"SKIP","floor":36.0},{"not_picked":["Twin Strike","hubris:ReadiedAction"],"picked":"Demon Form","floor":37.0},{"not_picked":["Clothesline+1","Clash"],"picked":"Headbutt","floor":38.0},{"not_picked":["Perfected Strike","hubris:SharpeningStone"],"picked":"Feed","floor":39.0},{"not_picked":["hubris:ReadiedAction+1","Body Slam+1"],"picked":"Havoc+1","floor":41.0},{"not_picked":["Flex+1","True Grit","hubris:CleavingFinish"],"picked":"SKIP","floor":42.0},{"not_picked":["Shrug It Off","Bludgeon"],"picked":"Battle Trance+1","floor":44.0},{"not_picked":["Carnage","Ghostly Armor"],"picked":"Burning Pact+1","floor":45.0},{"not_picked":["Pommel Strike","Armaments"],"picked":"Dark Embrace","floor":46.0},{"not_picked":["Rampage","Thunderclap+1"],"picked":"Warcry+1","floor":47.0},{"not_picked":["hubris:ReadiedAction","Thunderclap","Brutality"],"picked":"SKIP","floor":48.0},{"not_picked":["Immolate","Brutality"],"picked":"Double Tap","floor":50.0},{"not_picked":["Dark Embrace","Berserk"],"picked":"Feed","floor":51.0},{"not_picked":["Rupture","Headbutt"],"picked":"Shockwave","floor":53.0},{"not_picked":["Intimidate","Bloodletting"],"picked":"Entrench","floor":54.0},{"not_picked":["Armaments","Twin Strike","Clash"],"picked":"SKIP","floor":56.0},{"not_picked":["hubris:SharpeningStone","Sword Boomerang","Clothesline"],"picked":"SKIP","floor":58.0},{"not_picked":["Havoc","Headbutt"],"picked":"Infernal Blade","floor":59.0},{"not_picked":["Shrug It Off","Thunderclap"],"picked":"Disarm","floor":63.0},{"not_picked":["infinitespire:Menacing","infinitespire:Punishment"],"picked":"hubris:Rewind","floor":64.0},{"not_picked":["Havoc","Rampage"],"picked":"Feel No Pain","floor":64.0},{"not_picked":["Exhume","Dark Embrace"],"picked":"Juggernaut","floor":68.0},{"not_picked":["Heavy Blade","Armaments"],"picked":"Shrug It Off","floor":70.0},{"not_picked":["Anger","Wild Strike","Ghostly Armor"],"picked":"SKIP","floor":72.0},{"not_picked":["Havoc","Pummel","Whirlwind"],"picked":"SKIP","floor":76.0},{"not_picked":["Corruption+1","Hemokinesis"],"picked":"Barricade","floor":77.0},{"not_picked":["Barricade","Combust","Clothesline"],"picked":"SKIP","floor":81.0},{"not_picked":["Carnage+1","Pummel","Fire Breathing+1"],"picked":"SKIP","floor":82.0},{"not_picked":["Carnage+1","Pummel","Fire Breathing+1"],"picked":"SKIP","floor":82.0},{"not_picked":["Double Tap","Demon Form"],"picked":"Dark Embrace","floor":85.0},{"not_picked":["Clash+1","True Grit","Armaments"],"picked":"SKIP","floor":87.0},{"not_picked":["Twin Strike+1","Headbutt","Second Wind+1"],"picked":"SKIP","floor":90.0},{"not_picked":["Clothesline","Pommel Strike+1"],"picked":"Entrench","floor":93.0},{"not_picked":["Metallicize","hubris:CleavingFinish+1","Cleave+1"],"picked":"SKIP","floor":94.0},{"not_picked":["hubris:Rewind","hubris:Fate"],"picked":"infinitespire:DeathsTouch","floor":96.0},{"not_picked":["Rampage","hubris:ReadiedAction"],"picked":"Double Tap","floor":96.0},{"not_picked":["Fire Breathing","Clothesline","Cleave"],"picked":"SKIP","floor":97.0},{"not_picked":["Armaments","True Grit"],"picked":"Reaper","floor":99.0},{"not_picked":["Headbutt","Clothesline"],"picked":"Rupture+1","floor":100.0},{"not_picked":["Bludgeon","Brutality"],"picked":"Juggernaut","floor":102.0},{"not_picked":["Impervious","Reaper"],"picked":"Exhume","floor":103.0},{"not_picked":["Searing Blow","True Grit","Warcry"],"picked":"SKIP","floor":105.0},{"not_picked":["Clash","Intimidate"],"picked":"Corruption","floor":107.0},{"not_picked":["Headbutt","Clash"],"picked":"Body Slam","floor":108.0},{"not_picked":["Rupture","Heavy Blade"],"picked":"Shrug It Off","floor":109.0},{"not_picked":["Clothesline","Sword Boomerang","Reckless Charge"],"picked":"SKIP","floor":111.0},{"not_picked":["hubris:ReadiedAction","Dual Wield"],"picked":"Disarm","floor":112.0},{"not_picked":["hubris:ReadiedAction","Cleave","Clash"],"picked":"SKIP","floor":114.0},{"not_picked":["Pommel Strike","Perfected Strike"],"picked":"Demon Form","floor":115.0},{"not_picked":["Headbutt","Havoc","Clothesline"],"picked":"SKIP","floor":116.0},{"not_picked":["Iron Wave","Havoc"],"picked":"Shrug It Off","floor":118.0},{"not_picked":["infinitespire:Menacing","hubris:Fate"],"picked":"hubris:Rewind","floor":120.0},{"not_picked":["infinitespire:Fortify","infinitespire:FinalStrike"],"picked":"hubris:Rewind","floor":121.0},{"not_picked":["Reckless Charge","Flex","Warcry"],"picked":"SKIP","floor":122.0},{"not_picked":["Flex","Armaments"],"picked":"Shrug It Off","floor":124.0},{"not_picked":["Thunderclap","Perfected Strike","Flame Barrier"],"picked":"SKIP","floor":131.0},{"not_picked":["Fire Breathing","hubris:ReadiedAction"],"picked":"Armaments","floor":132.0},{"not_picked":["hubris:Fate","hubris:Rewind"],"picked":"infinitespire:Virus","floor":133.0},{"not_picked":["Cleave","Sentinel"],"picked":"Shrug It Off","floor":133.0},{"not_picked":["Pommel Strike","Dropkick"],"picked":"Barricade","floor":135.0},{"not_picked":["Berserk","Feed"],"picked":"hubris:StunningStrike","floor":137.0},{"not_picked":["Twin Strike","Corruption"],"picked":"Bloodletting+1","floor":139.0},{"not_picked":["Iron Wave","Perfected Strike"],"picked":"Whirlwind","floor":141.0},{"not_picked":["Sever Soul","Dual Wield"],"picked":"True Grit+1","floor":142.0},{"not_picked":["Ghostly Armor","Anger"],"picked":"Heavy Blade","floor":143.0},{"not_picked":["Dropkick","Clothesline","Havoc"],"picked":"SKIP","floor":145.0},{"not_picked":["Anger","Entrench"],"picked":"Bludgeon","floor":151}],"player_experience":1257977,"relics_obtained":[{"floor":7.0,"key":"Dodecahedron"},{"floor":9.0,"key":"Centennial Puzzle"},{"floor":10.0,"key":"infinitespire:CursedDice"},{"floor":13.0,"key":"Orichalcum"},{"floor":21.0,"key":"Red Mask"},{"floor":26.0,"key":"hubris:Metronome"},{"floor":27.0,"key":"Potion Belt"},{"floor":31.0,"key":"infinitespire:ShieldingShard"},{"floor":41.0,"key":"Pantograph"},{"floor":43.0,"key":"War Paint"},{"floor":44.0,"key":"Juzu Bracelet"},{"floor":46.0,"key":"Mummified Hand"},{"floor":54.0,"key":"Odd Mushroom"},{"floor":58.0,"key":"hubris:ChampionShield"},{"floor":61.0,"key":"PreservedInsect"},{"floor":64.0,"key":"Bird Faced Urn"},{"floor":66.0,"key":"hubris:CrystalStatue"},{"floor":76.0,"key":"hubris:SphereOfDissonance"},{"floor":78.0,"key":"hubris:TenFootPole"},{"floor":81.0,"key":"Sundial"},{"floor":93.0,"key":"Whetstone"},{"floor":95.0,"key":"hubris:SlimyHat"},{"floor":96.0,"key":"Smiling Mask"},{"floor":99.0,"key":"Letter Opener"},{"floor":111.0,"key":"Vajra"},{"floor":113.0,"key":"Blood Vial"},{"floor":115.0,"key":"MawBank"},{"floor":130.0,"key":"hubris:DuctTape"},{"floor":131.0,"key":"Red Skull"},{"floor":133.0,"key":"infinitespire:Satchel"},{"floor":135.0,"key":"Bag of Marbles"},{"floor":141.0,"key":"Shovel"},{"floor":144.0,"key":"Tiny Chest"},{"floor":145.0,"key":"StoneCalendar"},{"floor":146.0,"key":"infinitespire:Midas Blood"},{"floor":147.0,"key":"Pen Nib"},{"floor":150.0,"key":"Lantern"},{"floor":151,"key":"Boot"}],"event_choices":[{"damage_healed":0.0,"max_hp_gain":0.0,"max_hp_loss":0.0,"gold_gain":0.0,"event_name":"Upgrade Shrine","player_choice":"Upgraded","floor":3.0,"gold_loss":0.0,"damage_taken":0.0,"cards_upgraded":["Inflame"]},{"damage_healed":0.0,"max_hp_gain":0.0,"max_hp_loss":0.0,"gold_gain":0.0,"event_name":"Living Wall","player_choice":"Grow","floor":12.0,"gold_loss":0.0,"damage_taken":0.0,"cards_upgraded":["Bash"]},{"damage_healed":0.0,"max_hp_gain":5.0,"max_hp_loss":0.0,"gold_gain":0.0,"event_name":"Forgotten Altar","player_choice":"Shed Blood","floor":20.0,"gold_loss":0.0,"damage_taken":24.0},{"damage_healed":0.0,"max_hp_gain":0.0,"max_hp_loss":0.0,"gold_gain":0.0,"event_name":"Masked Bandits","player_choice":"Fought Bandits","floor":21.0,"gold_loss":0.0,"damage_taken":0.0},{"damage_healed":0.0,"max_hp_gain":0.0,"max_hp_loss":0.0,"gold_gain":0.0,"event_name":"Vampires","player_choice":"Ignored","floor":29.0,"gold_loss":0.0,"damage_taken":0.0},{"cards_removed":["Strike_R"],"damage_healed":0.0,"max_hp_gain":0.0,"max_hp_loss":0.0,"gold_gain":0.0,"event_name":"Bonfire Elementals","player_choice":"Offered Basic","floor":30.0,"gold_loss":0.0,"damage_taken":0.0},{"damage_healed":0.0,"max_hp_gain":0.0,"max_hp_loss":0.0,"gold_gain":0.0,"event_name":"Mushrooms","player_choice":"Fought Mushrooms","floor":54.0,"gold_loss":0.0,"damage_taken":0.0},{"damage_healed":0.0,"max_hp_gain":0.0,"max_hp_loss":0.0,"gold_gain":0.0,"event_name":"The Cleric","player_choice":"Leave","floor":55.0,"gold_loss":0.0,"damage_taken":0.0},{"damage_healed":0.0,"max_hp_gain":0.0,"max_hp_loss":0.0,"gold_gain":0.0,"event_name":"Dead Adventurer","player_choice":"Searched \u00272\u0027 times","floor":66.0,"gold_loss":0.0,"damage_taken":0.0},{"damage_healed":0.0,"max_hp_gain":0.0,"max_hp_loss":0.0,"gold_gain":0.0,"event_name":"Wheel of Change","player_choice":"Cursed","floor":71.0,"gold_loss":0.0,"damage_taken":0.0,"cards_obtained":["Decay"]},{"damage_healed":0.0,"max_hp_gain":0.0,"max_hp_loss":0.0,"gold_gain":0.0,"event_name":"FaceTrader","player_choice":"Trade","floor":74.0,"gold_loss":0.0,"damage_taken":0.0,"relics_obtained":["SsserpentHead"]},{"damage_healed":0.0,"max_hp_gain":0.0,"max_hp_loss":0.0,"gold_gain":0.0,"event_name":"Lab","player_choice":"Got Potions","floor":83.0,"gold_loss":0.0,"damage_taken":0.0},{"damage_healed":0.0,"max_hp_gain":0.0,"max_hp_loss":0.0,"gold_gain":0.0,"event_name":"SensoryStone","player_choice":"Memory 3","floor":88.0,"gold_loss":0.0,"damage_taken":10.0},{"cards_removed":["Heavy Blade"],"damage_healed":0.0,"max_hp_gain":0.0,"max_hp_loss":0.0,"gold_gain":0.0,"event_name":"Falling","player_choice":"Removed Attack","floor":89.0,"gold_loss":0.0,"damage_taken":0.0},{"damage_healed":0.0,"max_hp_gain":0.0,"max_hp_loss":0.0,"gold_gain":0.0,"event_name":"Upgrade Shrine","player_choice":"Upgraded","floor":98.0,"gold_loss":0.0,"damage_taken":0.0,"cards_upgraded":["infinitespire:DeathsTouch"]},{"damage_healed":0.0,"max_hp_gain":0.0,"max_hp_loss":0.0,"gold_gain":0.0,"event_name":"World of Goop","player_choice":"Left Gold","floor":106.0,"gold_loss":66.0,"damage_taken":0.0},{"damage_healed":0.0,"max_hp_gain":0.0,"max_hp_loss":0.0,"gold_gain":0.0,"event_name":"WeMeetAgain","player_choice":"Gave Potion","floor":117.0,"gold_loss":0.0,"damage_taken":0.0,"relics_obtained":["infinitespire:WardingShard"]},{"damage_healed":0.0,"max_hp_gain":0.0,"max_hp_loss":77.0,"gold_gain":0.0,"event_name":"Ghosts","player_choice":"Became a Ghost","floor":126.0,"gold_loss":0.0,"damage_taken":0.0,"cards_obtained":["Ghostly","Ghostly","Ghostly"]},{"damage_healed":0.0,"max_hp_gain":0.0,"max_hp_loss":0.0,"gold_gain":0.0,"event_name":"FaceTrader","player_choice":"Trade","floor":134.0,"gold_loss":0.0,"damage_taken":0.0,"relics_obtained":["GremlinMask"]},{"cards_removed":["Feed"],"damage_healed":0.0,"max_hp_gain":0.0,"max_hp_loss":0.0,"gold_gain":0.0,"event_name":"Falling","player_choice":"Removed Attack","floor":140.0,"gold_loss":0.0,"damage_taken":0.0},{"damage_healed":0.0,"max_hp_gain":0.0,"max_hp_loss":0.0,"gold_gain":0.0,"event_name":"MindBloom","player_choice":"Fight","floor":141.0,"gold_loss":0.0,"damage_taken":0.0},{"damage_healed":0.0,"max_hp_gain":0.0,"max_hp_loss":0.0,"gold_gain":0.0,"event_name":"SensoryStone","player_choice":"Memory 3","floor":148.0,"gold_loss":0.0,"damage_taken":10.0}],"is_beta":false,"boss_relics":[{"not_picked":["Velvet Choker","White Beast Statue"],"picked":"Ectoplasm"},{"not_picked":["Fusion Hammer","Black Blood"],"picked":"Orrery"},{"not_picked":["hubris:RunicObelisk","hubris:ScarierMask"],"picked":"Coffee Dripper"},{"not_picked":["Runic Cube","Tiny House"],"picked":"Astrolabe"},{"not_picked":["hubris:GrandSneckoEye","Velvet Choker"],"picked":"infinitespire:Burning Sword"},{"not_picked":["hubris:RunicObelisk","Empty Cage"],"picked":"Philosopher\u0027s Stone"},{"not_picked":["Sozu","Pandora\u0027s Box"],"picked":"Mark of Pain"},{"not_picked":["Velvet Choker","Runic Cube"],"picked":"Snecko Eye"}],"items_purged_floors":[19],"is_endless":true,"potions_floor_spawned":[2,11,13,18,28,33,37,39,41,44,45,46,53,54,66,76,82,85,90,94,96,107,111,116,118,124,131,132,139,141,142],"killed_by":"Jaw Worm Horde","ascension_level":20}