{"gold_per_floor":[111,125,125,48,59,59,87,110,122,134,158,201,213,237,249,336,348,379,402,428,355,384,428,440,479,491,503,354,8,18,48,48,122,122,136,86,100,100,114,114,149,160,160,160,123,153,171,181,181,181,181,181,181,56,56],"floor_reached":55,"playtime":2654,"items_purged":["Strike_R","Strike_R","Strike_R"],"score":2123,"play_id":"419abc92-da57-45ce-b42b-2626a4f4aefe","local_time":"20190326214039","is_ascension_mode":true,"campfire_choices":[{"data":"Disarm","floor":6,"key":"SMITH"},{"data":"Whirlwind","floor":10,"key":"SMITH"},{"data":"Inflame","floor":13,"key":"SMITH"},{"data":"Clothesline","floor":15,"key":"SMITH"},{"floor":24,"key":"REST"},{"floor":27,"key":"REST"},{"floor":32,"key":"RECALL"},{"floor":40,"key":"REST"},{"floor":44,"key":"REST"},{"data":"Parasite","floor":49,"key":"PURGE"},{"data":"Strike_R","floor":53,"key":"PURGE"}],"neow_cost":"NONE","seed_source_timestamp":131142932854075,"circlet_count":0,"master_deck":["AscendersBane","Strike_R","Defend_R+1","Defend_R+1","Defend_R","Defend_R","Bash+1","Disarm+1","Anger","Metallicize","Headbutt","Inflame+1","Whirlwind+1","Clothesline+1","Disarm+1","Exhume+1","Havoc+1","Flame Barrier+1","Infernal Blade+1","Disarm+1","Disarm+1","Demon Form+1","Battle Trance+1","True Grit+1","Sword Boomerang+1","Reaper","Twin Strike","Offering+1","Shrug It Off+1","Warcry+1","Feel No Pain","Intimidate+1","Heavy Blade"],"relics":["Burning Blood","MawBank","War Paint","Toxic Egg 2","Fusion Hammer","Bronze Scales","Pen Nib","Shuriken","FossilizedHelix","Centennial Puzzle","Black Star","Dream Catcher","Bottled Tornado","Peace Pipe","Bag of Preparation"],"potions_floor_usage":[12,12,19,25,25,30,55],"damage_taken":[{"damage":1,"enemies":"Cultist","floor":1,"turns":4},{"damage":7,"enemies":"Small Slimes","floor":2,"turns":4},{"damage":6,"enemies":"Jaw Worm","floor":5,"turns":4},{"damage":40,"enemies":"Gremlin Nob","floor":7,"turns":5},{"damage":11,"enemies":"Red Slaver","floor":8,"turns":5},{"damage":14,"enemies":"Large Slime","floor":11,"turns":5},{"damage":7,"enemies":"3 Sentries","floor":12,"turns":5},{"damage":4,"enemies":"Gremlin Gang","floor":14,"turns":4},{"damage":5,"enemies":"Hexaghost","floor":16,"turns":9},{"damage":16,"enemies":"Shell Parasite","floor":18,"turns":5},{"damage":11,"enemies":"2 Thieves","floor":19,"turns":2},{"damage":2,"enemies":"Snake Plant","floor":20,"turns":5},{"damage":12,"enemies":"Snecko","floor":22,"turns":7},{"damage":8,"enemies":"Gremlin Leader","floor":23,"turns":5},{"damage":20,"enemies":"Slavers","floor":25,"turns":4},{"damage":4,"enemies":"Centurion and Healer","floor":30,"turns":4},{"damage":0,"enemies":"Book of Stabbing","floor":31,"turns":5},{"damage":0,"enemies":"Champ","floor":33,"turns":17},{"damage":14,"enemies":"Orb Walker","floor":35,"turns":4},{"damage":18,"enemies":"3 Darklings","floor":37,"turns":4},{"damage":0,"enemies":"Writhing Mass","floor":39,"turns":8},{"damage":30,"enemies":"Nemesis","floor":41,"turns":9},{"damage":0,"enemies":"Maw","floor":42,"turns":7},{"damage":16,"enemies":"Giant Head","floor":46,"turns":7},{"damage":25,"enemies":"3 Darklings","floor":47,"turns":6},{"damage":22,"enemies":"Sphere and 2 Shapes","floor":48,"turns":6},{"damage":77,"enemies":"Awakened One","floor":50,"turns":11},{"damage":17,"enemies":"Time Eater","floor":51,"turns":7},{"damage":61,"enemies":"Shield and Spear","floor":55,"turns":5}],"seed_played":"414521771296737986","potions_obtained":[{"floor":1,"key":"Ancient Potion"},{"floor":2,"key":"SpeedPotion"},{"floor":18,"key":"Explosive Potion"},{"floor":20,"key":"Fire Potion"},{"floor":22,"key":"Weak Potion"},{"floor":25,"key":"Swift Potion"},{"floor":33,"key":"SteroidPotion"},{"floor":35,"key":"EssenceOfSteel"},{"floor":37,"key":"SkillPotion"}],"is_trial":false,"path_per_floor":["M","M","?","$","M","R","E","M","T","R","M","E","R","M","R","B",null,"M","M","M","?","M","E","R","E","T","R","$","$","M","E","R","B",null,"M","?","M","$","M","R","E","M","T","R","$","E","M","M","R","B","B",null,"R","$","E"],"character_chosen":"IRONCLAD","items_purchased":["Metallicize","Disarm+1","Demon Form","Battle Trance+1","Feel No Pain"],"campfire_rested":4,"item_purchase_floors":[4,28,29,29,45],"current_hp_per_floor":[73,72,68,68,68,68,34,29,29,29,21,20,20,22,22,23,62,52,47,51,51,45,43,65,51,51,73,73,73,75,75,75,75,75,67,67,55,55,61,75,72,75,75,75,75,65,75,59,59,40,29,61,61,61,0],"gold":56,"neow_bonus":"UPGRADE_CARD","is_prod":false,"is_daily":false,"chose_seed":false,"campfire_upgraded":4,"win_rate":0,"timestamp":1553632839,"path_taken":["M","M","?","$","M","R","E","M","T","R","M","E","R","M","R","BOSS","M","?","M","?","M","E","R","E","T","R","?","$","?","E","R","BOSS","M","?","M","$","M","R","E","M","T","R","$","E","M","M","R","BOSS","BOSS","R","$","E"],"build_version":"2019-01-23","purchased_purges":3,"victory":false,"max_hp_per_floor":[75,75,75,75,75,75,75,75,75,75,75,75,75,75,75,75,75,75,75,75,75,75,75,75,75,75,75,75,75,75,75,75,75,75,75,75,75,75,75,75,75,75,75,75,75,75,75,75,72,72,72,72,72,72,72],"card_choices":[{"not_picked":["Flex","Cleave"],"picked":"Disarm","floor":1},{"not_picked":["Flame Barrier","Thunderclap"],"picked":"Anger","floor":2},{"not_picked":["Thunderclap","Pummel"],"picked":"Headbutt","floor":5},{"not_picked":["Bludgeon","Pommel Strike"],"picked":"Inflame","floor":7},{"not_picked":["Cleave","Clash"],"picked":"Whirlwind","floor":8},{"not_picked":["Iron Wave","Headbutt"],"picked":"Clothesline","floor":11},{"not_picked":["Clothesline","Barricade","Iron Wave"],"picked":"SKIP","floor":12},{"not_picked":["Intimidate+1","Sword Boomerang"],"picked":"Disarm+1","floor":14},{"not_picked":["Berserk","Fiend Fire"],"picked":"Exhume+1","floor":16},{"not_picked":["Carnage","Flex+1"],"picked":"Havoc+1","floor":18},{"not_picked":["Blood for Blood","Rampage","Twin Strike"],"picked":"SKIP","floor":19},{"not_picked":["Havoc+1","True Grit+1"],"picked":"Flame Barrier+1","floor":20},{"not_picked":["Reckless Charge","Thunderclap"],"picked":"Infernal Blade+1","floor":22},{"not_picked":["Armaments+1","Entrench+1"],"picked":"Disarm+1","floor":23},{"not_picked":["Anger+1","Fire Breathing","Searing Blow"],"picked":"SKIP","floor":25},{"not_picked":["Clothesline","Twin Strike"],"picked":"True Grit+1","floor":30},{"not_picked":["Bludgeon","True Grit+1"],"picked":"Sword Boomerang+1","floor":31},{"not_picked":["Exhume+1","Berserk"],"picked":"Reaper","floor":33},{"not_picked":["Ghostly Armor+1","Perfected Strike"],"picked":"Twin Strike","floor":35},{"not_picked":["Flex+1","Headbutt","Sword Boomerang"],"picked":"SKIP","floor":37},{"not_picked":["Sword Boomerang+1","Sever Soul"],"picked":"Offering+1","floor":39},{"not_picked":["Cleave","Dark Embrace"],"picked":"Shrug It Off+1","floor":41},{"not_picked":["Rage+1","Headbutt","Pommel Strike"],"picked":"SKIP","floor":42},{"not_picked":["Sword Boomerang","Second Wind+1"],"picked":"Warcry+1","floor":44},{"not_picked":["Combust","Flex+1"],"picked":"Intimidate+1","floor":46},{"not_picked":["Clothesline","Spot Weakness+1","Bloodletting+1"],"picked":"SKIP","floor":47},{"not_picked":["True Grit+1","Flex+1"],"picked":"Heavy Blade","floor":48}],"player_experience":1483991,"relics_obtained":[{"floor":7,"key":"MawBank"},{"floor":9,"key":"War Paint"},{"floor":12,"key":"Toxic Egg 2"},{"floor":23,"key":"Pen Nib"},{"floor":25,"key":"Shuriken"},{"floor":26,"key":"FossilizedHelix"},{"floor":31,"key":"Centennial Puzzle"},{"floor":41,"key":"Dream Catcher"},{"floor":41,"key":"Bottled Tornado"},{"floor":46,"key":"Peace Pipe"},{"floor":46,"key":"Bag of Preparation"}],"event_choices":[{"damage_healed":0,"gold_gain":0,"player_choice":"Bought 0 Potions","damage_taken":0,"max_hp_gain":0,"max_hp_loss":0,"event_name":"The Woman in Blue","floor":3,"gold_loss":0},{"damage_healed":0,"gold_gain":0,"player_choice":"Obtained Relic","damage_taken":0,"relics_obtained":["Bronze Scales"],"max_hp_gain":0,"max_hp_loss":0,"event_name":"Addict","floor":21,"gold_loss":85},{"damage_healed":0,"gold_gain":0,"player_choice":"Upgrade","damage_taken":0,"max_hp_gain":0,"max_hp_loss":0,"event_name":"Designer","floor":36,"gold_loss":50,"cards_upgraded":["Demon Form"]}],"is_beta":false,"boss_relics":[{"not_picked":["Busted Crown","Calling Bell"],"picked":"Fusion Hammer"},{"not_picked":["Philosopher\u0027s Stone","Snecko Eye"],"picked":"Black Star"}],"items_purged_floors":[28,29,54],"is_endless":false,"potions_floor_spawned":[1,2,8,11,18,20,22,25,33,35,37,47,48],"killed_by":"Shield and Spear","ascension_level":20}