{"gold_per_floor":[14,14,14,14,33,58,117,117],"floor_reached":8,"playtime":427,"items_purged":[],"score":68,"play_id":"0d43410f-a191-4d2b-9e9b-3bfd4585a2bc","local_time":"20190325072128","is_ascension_mode":true,"campfire_choices":[],"neow_cost":"NO_GOLD","seed_source_timestamp":490333916147566,"circlet_count":0,"master_deck":["Strike_R","Strike_R","Strike_R","Strike_R","Strike_R","Defend_R","Defend_R","Defend_R","Defend_R","Bash","Demon Form","Dropkick","Flash of Steel","Ghostly Armor","Dropkick","Intimidate"],"relics":["Burning Blood","Strawberry","Bag of Marbles"],"potions_floor_usage":[8],"damage_taken":[{"damage":1,"enemies":"2 Louse","floor":1,"turns":2},{"damage":6,"enemies":"Cultist","floor":5,"turns":4},{"damage":32,"enemies":"Gremlin Nob","floor":6,"turns":4},{"damage":32,"enemies":"Gremlin Nob","floor":7,"turns":4},{"damage":35,"enemies":"Lagavulin","floor":8,"turns":6}],"seed_played":"-1570038788694042778","potions_obtained":[{"floor":1,"key":"Dexterity Potion"},{"floor":6,"key":"GamblersBrew"}],"is_trial":false,"path_per_floor":["M","?","$","?","M","E","?","E"],"character_chosen":"IRONCLAD","items_purchased":[],"campfire_rested":0,"item_purchase_floors":[],"current_hp_per_floor":[80,80,80,80,80,61,35,0],"gold":117,"neow_bonus":"THREE_RARE_CARDS","is_prod":false,"is_daily":false,"chose_seed":false,"campfire_upgraded":0,"win_rate":0,"timestamp":1553523688,"path_taken":["M","?","?","?","M","E","?","E"],"build_version":"2019-01-23","purchased_purges":0,"victory":false,"max_hp_per_floor":[80,80,80,80,80,87,87,87],"card_choices":[{"not_picked":["Limit Break","Reaper"],"picked":"Demon Form","floor":0},{"not_picked":["Warcry","Clothesline"],"picked":"Dropkick","floor":1},{"not_picked":["Clothesline","Thunderclap"],"picked":"Ghostly Armor","floor":5},{"not_picked":["Sword Boomerang","Havoc"],"picked":"Dropkick","floor":6},{"not_picked":["Pummel","Clash"],"picked":"Intimidate","floor":7}],"player_experience":410626,"relics_obtained":[{"floor":6,"key":"Strawberry"},{"floor":7,"key":"Bag of Marbles"}],"event_choices":[{"damage_healed":0,"gold_gain":0,"player_choice":"1 cards matched","damage_taken":0,"max_hp_gain":0,"max_hp_loss":0,"event_name":"Match and Keep!","floor":2,"gold_loss":0,"cards_obtained":["Flash of Steel"]},{"damage_healed":0,"gold_gain":0,"player_choice":"Leave","damage_taken":0,"max_hp_gain":0,"max_hp_loss":0,"event_name":"The Cleric","floor":4,"gold_loss":0},{"damage_healed":0,"gold_gain":0,"player_choice":"Searched \u00272\u0027 times","damage_taken":0,"max_hp_gain":0,"max_hp_loss":0,"event_name":"Dead Adventurer","floor":7,"gold_loss":0}],"is_beta":false,"boss_relics":[],"items_purged_floors":[],"is_endless":false,"potions_floor_spawned":[1,6],"killed_by":"Lagavulin","ascension_level":5}