{"gold_per_floor":[118,118,118,268,268,303,144,66,66,81,81],"floor_reached":11,"playtime":152,"items_purged":["Doubt"],"score":188,"play_id":"1563ba29-20f5-4252-a59e-01c06e4a0ded","local_time":"20190826185450","is_ascension_mode":true,"campfire_choices":[],"neow_cost":"NONE","seed_source_timestamp":26688861610166,"circlet_count":0,"master_deck":["AscendersBane","Strike_B","Strike_B","Strike_B+1","Strike_B","Defend_B","Defend_B","Defend_B+1","Defend_B","Zap+1","Dualcast","Darkness","Reinforced Body+1","Capacitor","Self Repair","Glacier+1"],"relics":["Cracked Core","NeowsBlessing","Sundial","Toxic Egg 2","Pen Nib"],"potions_floor_usage":[],"damage_taken":[{"damage":0,"enemies":"Cultist","floor":1,"turns":1},{"damage":0,"enemies":"3 Sentries","floor":6,"turns":1},{"damage":0,"enemies":"Small Slimes","floor":10,"turns":1},{"damage":50,"enemies":"Gremlin Nob","floor":11,"turns":4}],"seed_played":"-2566042694573782940","potions_obtained":[],"is_trial":false,"path_per_floor":["M","?","?","?","?","E","$","$","T","M","E"],"character_chosen":"DEFECT","items_purchased":["Capacitor","Self Repair"],"campfire_rested":0,"item_purchase_floors":[7,8],"current_hp_per_floor":[64,64,43,43,32,32,32,32,32,39,0],"gold":81,"neow_bonus":"THREE_ENEMY_KILL","is_prod":false,"is_daily":false,"chose_seed":false,"campfire_upgraded":0,"win_rate":0,"timestamp":1566838490,"path_taken":["M","?","?","?","?","E","?","$","T","?","E"],"build_version":"2019-07-17","purchased_purges":1,"victory":false,"max_hp_per_floor":[71,71,71,71,71,71,71,71,71,71,71],"card_choices":[{"not_picked":["Turbo","Steam"],"picked":"Darkness","floor":1},{"not_picked":["Reboot","Chill"],"picked":"Reinforced Body","floor":6},{"not_picked":["Leap+1","Gash"],"picked":"Glacier+1","floor":10}],"player_experience":1977818,"relics_obtained":[{"floor":6,"key":"Toxic Egg 2"},{"floor":9,"key":"Pen Nib"}],"event_choices":[{"damage_healed":0,"gold_gain":0,"player_choice":"Grow","damage_taken":0,"max_hp_gain":0,"max_hp_loss":0,"event_name":"Living Wall","floor":2,"gold_loss":0,"cards_upgraded":["Zap"]},{"damage_healed":0,"gold_gain":0,"player_choice":"Entered Light","damage_taken":21,"max_hp_gain":0,"max_hp_loss":0,"event_name":"Shining Light","floor":3,"gold_loss":0,"cards_upgraded":["Strike_B","Defend_B"]},{"damage_healed":0,"gold_gain":150,"player_choice":"AGREE","damage_taken":0,"max_hp_gain":0,"max_hp_loss":0,"event_name":"Liars Game","floor":4,"gold_loss":0,"cards_obtained":["Doubt"]},{"damage_healed":0,"gold_gain":0,"player_choice":"Success","damage_taken":11,"relics_obtained":["Sundial"],"max_hp_gain":0,"max_hp_loss":0,"event_name":"Scrap Ooze","floor":5,"gold_loss":0}],"is_beta":false,"boss_relics":[],"items_purged_floors":[7],"is_endless":false,"potions_floor_spawned":[],"killed_by":"Gremlin Nob","ascension_level":20}