{"gold_per_floor":[119,44,64,64,75,75,110,110,110,110,122,197,217,242,254,342,354,377,405,417,439,35,35,35,68,68,68,96,131,166,181,181,255,255,268,278,291,291,306,331,331,360,435,463,463,495,549,574,574,574,574,574,574,68,98,98],"floor_reached":57,"playtime":4163,"items_purged":["Strike_G","Strike_G+1"],"score":3172,"play_id":"c5b7c336-3dd3-4c0f-890a-fda6d80ab56b","local_time":"20190719093943","is_ascension_mode":true,"campfire_choices":[{"data":"Crippling Poison","floor":6.0,"key":"SMITH"},{"data":"Wraith Form v2","floor":8.0,"key":"SMITH"},{"data":"Poisoned Stab","floor":10.0,"key":"SMITH"},{"data":"Crippling Poison","floor":15.0,"key":"SMITH"},{"data":"After Image","floor":23.0,"key":"SMITH"},{"data":"Well Laid Plans","floor":27.0,"key":"SMITH"},{"data":"Catalyst","floor":32.0,"key":"SMITH"},{"data":"Malaise","floor":41.0,"key":"SMITH"},{"floor":49.0,"key":"RECALL"},{"data":"Wraith Form v2","floor":53,"key":"SMITH"}],"neow_cost":"CURSE","seed_source_timestamp":0,"circlet_count":0,"master_deck":["AscendersBane","Strike_G+1","Strike_G+1","Strike_G+1","Defend_G+1","Defend_G+1","Defend_G+1","Defend_G+1","Defend_G+1","Survivor","Neutralize","Leg Sweep","Poisoned Stab+1","Crippling Poison+1","Dash","Wraith Form v2+1","Cloak And Dagger","Dagger Spray","Crippling Poison+1","After Image+1","PiercingWail","Well Laid Plans+1","Leg Sweep","Catalyst+1","Malaise+1","Burst","Backflip","Bouncing Flask","Wraith Form v2+1","PiercingWail+1","Footwork+1","Dodge and Roll","Blur"],"special_seed":0,"relics":["Ring of the Snake","WingedGreaves","Meat on the Bone","MawBank","Velvet Choker","Enchiridion","Thread and Needle","Question Card","Gambling Chip","Girya","Ginger","Lizard Tail","Dead Branch","Regal Pillow","Paper Crane","Singing Bowl","Potion Belt","Ornamental Fan","Peace Pipe","Darkstone Periapt","Happy Flower","Kunai"],"potions_floor_usage":[55,55,56],"damage_taken":[{"damage":6.0,"enemies":"Cultist","floor":1.0,"turns":5.0},{"damage":0.0,"enemies":"Small Slimes","floor":3.0,"turns":5.0},{"damage":0.0,"enemies":"2 Louse","floor":5.0,"turns":3.0},{"damage":22.0,"enemies":"Lagavulin","floor":7.0,"turns":7.0},{"damage":3.0,"enemies":"Blue Slaver","floor":11.0,"turns":6.0},{"damage":4.0,"enemies":"Exordium Wildlife","floor":13.0,"turns":4.0},{"damage":18.0,"enemies":"3 Sentries","floor":14.0,"turns":11.0},{"damage":17.0,"enemies":"Hexaghost","floor":16.0,"turns":12.0},{"damage":6.0,"enemies":"Shell Parasite","floor":18.0,"turns":7.0},{"damage":21.0,"enemies":"3 Byrds","floor":19.0,"turns":3.0},{"damage":0.0,"enemies":"Centurion and Healer","floor":21.0,"turns":6.0},{"damage":9.0,"enemies":"Gremlin Leader","floor":25.0,"turns":8.0},{"damage":2.0,"enemies":"Slavers","floor":28.0,"turns":6.0},{"damage":0.0,"enemies":"Book of Stabbing","floor":29.0,"turns":8.0},{"damage":15.0,"enemies":"Slavers","floor":30.0,"turns":4.0},{"damage":0.0,"enemies":"Snecko","floor":31.0,"turns":6.0},{"damage":0.0,"enemies":"Collector","floor":33.0,"turns":8.0},{"damage":1.0,"enemies":"3 Shapes","floor":35.0,"turns":4.0},{"damage":0.0,"enemies":"Orb Walker","floor":36.0,"turns":4.0},{"damage":13.0,"enemies":"3 Darklings","floor":37.0,"turns":16.0},{"damage":9.0,"enemies":"Sphere and 2 Shapes","floor":39.0,"turns":6.0},{"damage":8.0,"enemies":"Reptomancer","floor":40.0,"turns":7.0},{"damage":0.0,"enemies":"Nemesis","floor":42.0,"turns":7.0},{"damage":8.0,"enemies":"Giant Head","floor":44.0,"turns":7.0},{"damage":3.0,"enemies":"Nemesis","floor":46.0,"turns":7.0},{"damage":5.0,"enemies":"2 Orb Walkers","floor":47.0,"turns":6.0},{"damage":0.0,"enemies":"Giant Head","floor":48.0,"turns":11.0},{"damage":19.0,"enemies":"Donu and Deca","floor":50.0,"turns":12.0},{"damage":13,"enemies":"Awakened One","floor":51,"turns":25},{"damage":45,"enemies":"Shield and Spear","floor":55,"turns":9},{"damage":29,"enemies":"The Heart","floor":56,"turns":13}],"seed_played":"2780015216256756367","potions_obtained":[{"floor":3.0,"key":"Block Potion"},{"floor":7.0,"key":"GhostInAJar"},{"floor":28.0,"key":"AttackPotion"},{"floor":46.0,"key":"SteroidPotion"},{"floor":47.0,"key":"Fire Potion"}],"is_trial":false,"path_per_floor":["M","?","M","?","M","R","E","R","T","R","M","?","M","E","R","B",null,"M","M","?","M","$","R","?","E","T","R","E","E","E","M","R","B",null,"M","M","M","?","M","E","R","E","T","E","T","E","?","E","R","B","B",null,"R","$","E","B",null],"character_chosen":"THE_SILENT","items_purchased":["Thread and Needle","Happy Flower","Weak Potion","AttackPotion","Dodge and Roll","Blur"],"campfire_rested":0,"item_purchase_floors":[22,54,54,54,54,54],"current_hp_per_floor":[53,53,53,53,53,53,31,31,31,31,40,29,37,31,31,26,56,50,41,20,32,32,32,32,35,35,35,45,45,42,42,42,42,60,59,59,46,46,37,41,41,41,41,47,47,46,41,41,41,34,33,61,61,61,30,13],"gold":98,"neow_bonus":"ONE_RARE_RELIC","is_prod":false,"is_daily":false,"chose_seed":false,"campfire_upgraded":9,"win_rate":0,"timestamp":1563521983,"path_taken":["M","?","M","?","?","R","E","R","T","R","M","?","M","E","R","BOSS","M","M","?","M","$","R","?","E","T","R","E","E","E","M","R","BOSS","M","M","M","?","M","E","R","E","T","E","?","E","?","E","R","BOSS","BOSS","R","$","E","BOSS"],"build_version":"2019-07-17","purchased_purges":2,"victory":true,"max_hp_per_floor":[66,66,66,66,66,66,66,66,66,66,66,66,66,66,66,66,66,66,66,66,66,66,66,66,66,66,66,66,66,66,66,66,66,66,66,66,66,66,66,66,66,66,66,68,68,70,70,70,70,70,70,70,70,70,72,72],"card_choices":[{"not_picked":["Outmaneuver","Flying Knee"],"picked":"Leg Sweep","floor":1.0},{"not_picked":["Blade Dance","Cloak And Dagger"],"picked":"Poisoned Stab","floor":3.0},{"not_picked":["Backflip","Tactician"],"picked":"Dash","floor":5.0},{"not_picked":["Riddle With Holes","Sucker Punch"],"picked":"Wraith Form v2","floor":7.0},{"not_picked":["Terror","Heel Hook"],"picked":"Cloak And Dagger","floor":11.0},{"not_picked":["Dodge and Roll","Slice"],"picked":"Dagger Spray","floor":13.0},{"not_picked":["Tools of the Trade","Predator"],"picked":"Crippling Poison","floor":14.0},{"not_picked":["Tools of the Trade","Die Die Die"],"picked":"After Image","floor":16.0},{"not_picked":["Slice","Quick Slash","Deflect+1"],"picked":"SKIP","floor":18.0},{"not_picked":["Poisoned Stab","Outmaneuver"],"picked":"PiercingWail","floor":19.0},{"not_picked":["Flying Knee","Footwork"],"picked":"Well Laid Plans","floor":21.0},{"not_picked":["Calculated Gamble+1","Underhanded Strike+1","Choke+1"],"picked":"SKIP","floor":25.0},{"not_picked":["Grand Finale","Prepared","Phantasmal Killer"],"picked":"Leg Sweep","floor":28.0},{"not_picked":["Deflect","Prepared","Cloak And Dagger"],"picked":"Catalyst","floor":29.0},{"not_picked":["Blur","Caltrops","Prepared"],"picked":"Malaise","floor":30.0},{"not_picked":["Flechettes","Riddle With Holes","Dagger Throw","Quick Slash"],"picked":"SKIP","floor":31.0},{"not_picked":["Venomology","Malaise","Grand Finale"],"picked":"Burst","floor":33.0},{"not_picked":["All Out Attack","Cloak And Dagger+1","Acrobatics"],"picked":"Backflip","floor":35.0},{"not_picked":["Sucker Punch","Poisoned Stab","Flechettes","Caltrops"],"picked":"SKIP","floor":36.0},{"not_picked":["Concentrate","Dodge and Roll","All Out Attack","Masterful Stab+1"],"picked":"SKIP","floor":37.0},{"not_picked":["Deflect","Blade Dance+1","Setup+1","Riddle With Holes"],"picked":"SKIP","floor":39.0},{"not_picked":["Choke","Dagger Spray","Finisher"],"picked":"Bouncing Flask","floor":40.0},{"not_picked":["Well Laid Plans","Choke","Acrobatics"],"picked":"Wraith Form v2","floor":42.0},{"not_picked":["Terror","After Image","Deadly Poison+1","Backstab"],"picked":"Singing Bowl","floor":44.0},{"not_picked":["Infinite Blades","Dodge and Roll+1","Slice+1","Predator"],"picked":"Singing Bowl","floor":46.0},{"not_picked":["Accuracy","Deflect","Dodge and Roll"],"picked":"PiercingWail+1","floor":47.0},{"not_picked":["Sucker Punch","Eviscerate","Doppelganger"],"picked":"Footwork+1","floor":48.0},{"not_picked":["Bouncing Flask","Cloak And Dagger","Flying Knee","Infinite Blades"],"picked":"Singing Bowl","floor":55}],"player_experience":1817366,"relics_obtained":[{"floor":7.0,"key":"Meat on the Bone"},{"floor":14.0,"key":"MawBank"},{"floor":20.0,"key":"Enchiridion"},{"floor":26.0,"key":"Question Card"},{"floor":28.0,"key":"Gambling Chip"},{"floor":29.0,"key":"Girya"},{"floor":30.0,"key":"Ginger"},{"floor":40.0,"key":"Dead Branch"},{"floor":42.0,"key":"Regal Pillow"},{"floor":43.0,"key":"Paper Crane"},{"floor":44.0,"key":"Singing Bowl"},{"floor":45.0,"key":"Potion Belt"},{"floor":46.0,"key":"Ornamental Fan"},{"floor":47.0,"key":"Peace Pipe"},{"floor":48.0,"key":"Darkstone Periapt"},{"floor":55,"key":"Kunai"}],"event_choices":[{"cards_removed":["Decay"],"damage_healed":0.0,"max_hp_gain":0.0,"max_hp_loss":0.0,"gold_gain":0.0,"event_name":"The Cleric","player_choice":"Card Removal","floor":2.0,"gold_loss":75.0,"damage_taken":0.0},{"damage_healed":0.0,"max_hp_gain":0.0,"max_hp_loss":0.0,"gold_gain":0.0,"event_name":"Match and Keep!","player_choice":"1 cards matched","floor":4.0,"gold_loss":0.0,"damage_taken":0.0,"cards_obtained":["Crippling Poison"]},{"damage_healed":0.0,"max_hp_gain":0.0,"max_hp_loss":0.0,"gold_gain":75.0,"event_name":"World of Goop","player_choice":"Gather Gold","floor":12.0,"gold_loss":0.0,"damage_taken":11.0},{"damage_healed":0.0,"max_hp_gain":0.0,"max_hp_loss":0.0,"gold_gain":0.0,"event_name":"Cursed Tome","player_choice":"Obtained Book","floor":20.0,"gold_loss":0.0,"damage_taken":21.0},{"damage_healed":0.0,"max_hp_gain":0.0,"max_hp_loss":0.0,"gold_gain":0.0,"event_name":"Back to Basics","player_choice":"Simplicity","floor":24.0,"gold_loss":0.0,"damage_taken":0.0,"cards_upgraded":["Strike_G","Strike_G","Strike_G","Strike_G","Defend_G","Defend_G","Defend_G","Defend_G","Defend_G"]},{"damage_healed":0.0,"max_hp_gain":0.0,"max_hp_loss":0.0,"gold_gain":0.0,"event_name":"Tomb of Lord Red Mask","player_choice":"Ignored","floor":38.0,"gold_loss":0.0,"damage_taken":0.0},{"damage_healed":0.0,"max_hp_gain":0.0,"max_hp_loss":0.0,"gold_gain":0.0,"event_name":"Mysterious Sphere","player_choice":"Fight","floor":47.0,"gold_loss":0.0,"damage_taken":0.0}],"is_beta":false,"boss_relics":[{"not_picked":["Ring of the Serpent","HoveringKite"],"picked":"Velvet Choker"},{"not_picked":["Tiny House","Eternal Feather"],"picked":"Lizard Tail"}],"items_purged_floors":[22,54],"is_endless":false,"potions_floor_spawned":[3,7,16,18,25,28,31,33,37,39,40,42,46,47],"ascension_level":20}