{"gold_per_floor":[365,27,27,44,95,95,145,179,253,267,267,342,93,113,113,192,192,209,159,177,13,28,28,28,28,28,28,28],"floor_reached":28,"playtime":817,"items_purged":["Strike_B"],"score":488,"play_id":"77b93863-50e7-4aa1-976a-8cd1a020dc6f","local_time":"20181112091935","is_ascension_mode":true,"campfire_choices":[{"data":"Defragment","floor":6.0,"key":"SMITH"},{"data":"Genetic Algorithm","floor":11.0,"key":"SMITH"},{"data":"Defragment","floor":15.0,"key":"SMITH"},{"data":"Double Energy","floor":23.0,"key":"SMITH"},{"floor":27.0,"key":"REST"}],"neow_cost":"TEN_PERCENT_HP_LOSS","seed_source_timestamp":0,"circlet_count":0,"master_deck":["AscendersBane","Strike_B+1","Strike_B","Strike_B","Defend_B","Defend_B","Defend_B","Defend_B","Zap","Dualcast","Compile Driver","Defragment+1","Bandage Up","Doom and Gloom+1","Sunder","Genetic Algorithm+1","Ball Lightning","Defragment+1","Coolheaded","Double Energy+1","Multi-Cast","Steam+1","Self Repair+1","Hologram","Shame"],"special_seed":0,"relics":["Cracked Core","Membership Card","Regal Pillow","Whetstone","Kunai","Thread and Needle","Philosopher\u0027s Stone","StoneCalendar","Nilry\u0027s Codex","Turnip","Pantograph"],"potions_floor_usage":[28],"damage_taken":[{"damage":1.0,"enemies":"Cultist","floor":1.0,"turns":3.0},{"damage":7.0,"enemies":"2 Louse","floor":4.0,"turns":2.0},{"damage":10.0,"enemies":"3 Sentries","floor":8.0,"turns":4.0},{"damage":12.0,"enemies":"Jaw Worm","floor":10.0,"turns":3.0},{"damage":9.0,"enemies":"2 Fungi Beasts","floor":14.0,"turns":3.0},{"damage":0.0,"enemies":"Slime Boss","floor":16.0,"turns":7.0},{"damage":37.0,"enemies":"2 Thieves","floor":18.0,"turns":4.0},{"damage":8.0,"enemies":"Shell Parasite","floor":20.0,"turns":5.0},{"damage":10.0,"enemies":"Snecko","floor":22.0,"turns":4.0},{"damage":40,"enemies":"Slavers","floor":28,"turns":3}],"seed_played":"-1921153258473497231","potions_obtained":[{"floor":1.0,"key":"AttackPotion"},{"floor":8.0,"key":"SkillPotion"},{"floor":20.0,"key":"Poison Potion"},{"floor":22.0,"key":"Poison Potion"}],"is_trial":false,"path_per_floor":["M","$","?","M","?","R","T","E","T","M","R","?","$","M","R","B",null,"M","?","M","$","M","R","?","?","T","R","E"],"character_chosen":"DEFECT","items_purchased":["Membership Card","Defragment","Bandage Up","Doom and Gloom","Thread and Needle","Defragment","Coolheaded","StoneCalendar"],"campfire_rested":1,"item_purchase_floors":[2,2,2,2,13,13,13,21],"current_hp_per_floor":[63,63,63,60,60,60,60,54,54,42,42,31,31,26,26,30,56,23,23,19,19,23,23,2,2,2,36,0],"gold":28,"neow_bonus":"TWO_FIFTY_GOLD","is_prod":false,"is_daily":false,"chose_seed":false,"campfire_upgraded":4,"win_rate":0,"timestamp":1542010775,"path_taken":["M","$","?","M","?","R","?","E","T","M","R","?","$","M","R","BOSS","M","?","?","$","M","R","?","?","T","R","E"],"build_version":"2018-11-08","purchased_purges":1,"victory":false,"max_hp_per_floor":[64,64,64,64,64,64,64,64,64,64,64,64,64,64,64,64,64,64,64,64,64,64,64,64,64,64,64,64],"card_choices":[{"not_picked":["Scrape","Redo"],"picked":"Compile Driver","floor":1.0},{"not_picked":["Streamline","Chaos"],"picked":"Sunder","floor":4.0},{"not_picked":["Chaos","Coolheaded"],"picked":"Genetic Algorithm","floor":8.0},{"not_picked":["Genetic Algorithm","Undo"],"picked":"Ball Lightning","floor":10.0},{"not_picked":["Blizzard","Beam Cell"],"picked":"Double Energy","floor":14.0},{"not_picked":["Hyperbeam","All For One"],"picked":"Multi-Cast","floor":16.0},{"not_picked":["Go for the Eyes","Conserve Battery"],"picked":"Steam+1","floor":18.0},{"not_picked":["Barrage","Stack"],"picked":"Self Repair+1","floor":20.0},{"not_picked":["Storm","Steam"],"picked":"Hologram","floor":22.0}],"player_experience":789752,"relics_obtained":[{"floor":7.0,"key":"Regal Pillow"},{"floor":8.0,"key":"Whetstone"},{"floor":9.0,"key":"Kunai"},{"floor":24.0,"key":"Nilry\u0027s Codex"},{"floor":26.0,"key":"Pantograph"}],"event_choices":[{"damage_healed":0.0,"max_hp_gain":0.0,"max_hp_loss":0.0,"gold_gain":0.0,"event_name":"The Cleric","player_choice":"Leave","floor":3.0,"gold_loss":0.0,"damage_taken":0.0},{"damage_healed":0.0,"max_hp_gain":0.0,"max_hp_loss":0.0,"gold_gain":51.0,"event_name":"Golden Wing","player_choice":"Gained Gold","floor":5.0,"gold_loss":0.0,"damage_taken":0.0},{"damage_healed":0.0,"max_hp_gain":0.0,"max_hp_loss":0.0,"gold_gain":75.0,"event_name":"World of Goop","player_choice":"Gather Gold","floor":12.0,"gold_loss":0.0,"damage_taken":11.0},{"damage_healed":0.0,"max_hp_gain":0.0,"max_hp_loss":0.0,"gold_gain":0.0,"event_name":"The Joust","player_choice":"Bet on Owner","floor":19.0,"gold_loss":50.0,"damage_taken":0.0},{"damage_healed":0.0,"max_hp_gain":0.0,"max_hp_loss":0.0,"gold_gain":0.0,"event_name":"Cursed Tome","player_choice":"Obtained Book","floor":24.0,"gold_loss":0.0,"damage_taken":21.0},{"damage_healed":0.0,"max_hp_gain":0.0,"max_hp_loss":0.0,"gold_gain":0.0,"event_name":"Addict","player_choice":"Stole Relic","floor":25.0,"gold_loss":0.0,"damage_taken":0.0,"relics_obtained":["Turnip"],"cards_obtained":["Shame"]}],"is_beta":true,"boss_relics":[{"not_picked":["Ectoplasm","White Beast Statue"],"picked":"Philosopher\u0027s Stone"}],"items_purged_floors":[13],"is_endless":false,"potions_floor_spawned":[1,8,20,22],"killed_by":"Slavers","ascension_level":17}