{"path_per_floor":["M","$","?","T","M","E","R","E","T","M","R","?","E","M","R","B",null,"M","?","$","M","?","R","E","R","T","R","$","E","R","M","R","B",null,"M","$","?","M","M"],"character_chosen":"DEFECT","items_purchased":["Darkness","Sunder","Vajra","FairyPotion","Rip and Tear","Consume"],"gold_per_floor":[118,12,12,12,29,56,56,81,81,92,92,92,119,130,130,235,235,251,251,105,120,120,120,145,145,195,195,21,48,48,62,62,160,160,179,101,0,18,38,38],"floor_reached":40,"campfire_rested":3,"playtime":1852,"item_purchase_floors":[2,2,20,28,28,36],"current_hp_per_floor":[67,67,67,67,64,48,48,23,23,18,39,39,29,28,28,30,70,58,50,50,44,44,44,12,27,27,27,27,8,23,29,29,3,52,38,38,38,21,27,0],"items_purged":[],"gold":38,"score":589,"play_id":"81acb441-6ef3-4cd9-8086-7cbbfd5ec7a3","local_time":"20180529100006","is_prod":false,"is_daily":false,"chose_seed":false,"is_ascension_mode":true,"campfire_upgraded":2,"win_rate":0,"timestamp":1527580806,"campfire_choices":[{"data":"1","floor":7,"key":"LIFT"},{"floor":11,"key":"REST"},{"data":"2","floor":15,"key":"LIFT"},{"data":"3","floor":23,"key":"LIFT"},{"floor":25,"key":"REST"},{"data":"Double Energy","floor":27,"key":"SMITH"},{"floor":30,"key":"REST"},{"data":"Loop","floor":32,"key":"SMITH"}],"path_taken":["M","?","?","?","M","E","R","E","T","?","R","?","E","M","R","BOSS","M","?","$","M","?","R","E","R","T","R","?","E","R","M","R","BOSS","M","$","?","M","M","E"],"build_version":"2018-05-27","seed_source_timestamp":1238479738852,"purchased_purges":0,"victory":false,"master_deck":["Defend_B","Defend_B","Defend_B","Zap+1","Dualcast","Turbo+1","Darkness","Sunder","Loop+1","Beam Cell","Double Energy+1","Leap","Steam+1","Sunder","Double Energy","Fission","Turbo+1","Bite","Bite","Bite","Bite","Bite","Melter","Hyperbeam","Rip and Tear","Compile Driver","Ball Lightning+1","Buffer","Multi-Cast","Undo+1","Coolheaded+1","Consume","Stack+1","Coolheaded+1","Reinforced Body+1"],"max_hp_per_floor":[68,68,68,68,68,68,68,68,68,70,70,70,70,70,70,70,70,72,50,50,52,52,52,52,52,52,52,52,52,52,52,52,52,52,52,52,52,54,54,54],"relics":["Cracked Core","Girya","Singing Bowl","Dodecahedron","Prayer Wheel","Bird Faced Urn","Torii","Nuclear Battery","Vajra","War Paint","DataDisk","Oddly Smooth Stone","Philosopher\u0027s Stone","Red Mask"],"card_choices":[{"not_picked":["Static Discharge","Reprogram"],"picked":"Turbo","floor":1},{"not_picked":["Steam","Coolheaded"],"picked":"Loop","floor":5},{"not_picked":["Coolheaded","Gash"],"picked":"Beam Cell","floor":6},{"not_picked":["Cold Snap","Scrape"],"picked":"Double Energy","floor":8},{"not_picked":["Go for the Eyes","Rebound"],"picked":"Leap","floor":10},{"not_picked":["Turbo","Rebound","Reboot"],"picked":"Singing Bowl","floor":10},{"not_picked":["Stack","Go for the Eyes"],"picked":"Steam","floor":13},{"not_picked":["Glacier","Heatsinks"],"picked":"Sunder","floor":14},{"not_picked":["Streamline","Rebound"],"picked":"Double Energy","floor":14},{"not_picked":["Hyperbeam","Machine Learning"],"picked":"Fission","floor":16},{"not_picked":["Recycle","Reinforced Body"],"picked":"Turbo+1","floor":18},{"not_picked":["Glacier","Scrape","Go for the Eyes"],"picked":"Singing Bowl","floor":18},{"not_picked":["Cold Snap","Coolheaded"],"picked":"Melter","floor":21},{"not_picked":["Hologram+1","Go for the Eyes","Redo"],"picked":"Singing Bowl","floor":21},{"not_picked":["Steam","Hologram"],"picked":"Hyperbeam","floor":24},{"not_picked":["Aggregate+1","Reprogram+1"],"picked":"Compile Driver","floor":29},{"not_picked":["Hello World","Turbo+1"],"picked":"Ball Lightning+1","floor":31},{"not_picked":["Rebound","Ball Lightning"],"picked":"Buffer","floor":31},{"not_picked":["Buffer","Echo Form"],"picked":"Multi-Cast","floor":33},{"not_picked":["Storm","Steam"],"picked":"Undo+1","floor":35},{"not_picked":["Doom and Gloom","Recycle"],"picked":"Coolheaded+1","floor":35},{"not_picked":["Ball Lightning+1","Beam Cell"],"picked":"Stack+1","floor":38},{"not_picked":["Stack","Recycle","Beam Cell+1"],"picked":"Singing Bowl","floor":38},{"not_picked":["Streamline+1","Double Energy+1"],"picked":"Coolheaded+1","floor":39},{"not_picked":["Sweeping Beam+1","Cold Snap+1"],"picked":"Reinforced Body+1","floor":39}],"player_experience":242296,"potions_floor_usage":[6,13,21,31,33,40],"damage_taken":[{"damage":1,"enemies":"Cultist","floor":1,"turns":3},{"damage":3,"enemies":"2 Louse","floor":5,"turns":2},{"damage":16,"enemies":"Gremlin Nob","floor":6,"turns":3},{"damage":25,"enemies":"3 Sentries","floor":8,"turns":5},{"damage":7,"enemies":"Jaw Worm","floor":10,"turns":2},{"damage":12,"enemies":"Lagavulin","floor":13,"turns":7},{"damage":1,"enemies":"Blue Slaver","floor":14,"turns":3},{"damage":0,"enemies":"Slime Boss","floor":16,"turns":7},{"damage":14,"enemies":"Shell Parasite","floor":18,"turns":3},{"damage":12,"enemies":"3 Byrds","floor":21,"turns":4},{"damage":44,"enemies":"Slavers","floor":24,"turns":4},{"damage":31,"enemies":"Book of Stabbing","floor":29,"turns":4},{"damage":6,"enemies":"Cultist and Chosen","floor":31,"turns":5},{"damage":44,"enemies":"Automaton","floor":33,"turns":10},{"damage":16,"enemies":"3 Shapes","floor":35,"turns":4},{"damage":33,"enemies":"Flame Bruiser 1 Orb","floor":38,"turns":7},{"damage":0,"enemies":"Sphere and 2 Shapes","floor":39,"turns":3},{"damage":103,"enemies":"Nemesis","floor":40,"turns":10}],"relics_obtained":[{"floor":4,"key":"Singing Bowl"},{"floor":6,"key":"Dodecahedron"},{"floor":8,"key":"Prayer Wheel"},{"floor":9,"key":"Bird Faced Urn"},{"floor":13,"key":"Torii"},{"floor":24,"key":"War Paint"},{"floor":26,"key":"DataDisk"},{"floor":29,"key":"Oddly Smooth Stone"}],"event_choices":[{"event_name":"The Cleric","player_choice":"Leave","floor":3,"damage_taken":0},{"event_name":"Living Wall","player_choice":"Grow","floor":12,"damage_taken":0},{"event_name":"Vampires","player_choice":"Became a vampire","floor":19,"damage_taken":0},{"event_name":"Back to Basics","player_choice":"Elegance","floor":22,"damage_taken":0},{"event_name":"Tomb of Lord Red Mask","player_choice":"Paid","floor":37,"damage_taken":0}],"boss_relics":[{"not_picked":["Velvet Choker","Runic Pyramid"],"picked":"Nuclear Battery"},{"not_picked":["Lizard Tail","Runic Dome"],"picked":"Philosopher\u0027s Stone"}],"items_purged_floors":[],"potions_floor_spawned":[1,8,16,24,29,35,39],"seed_played":"6951831902211620561","killed_by":"Nemesis","ascension_level":2,"potions_obtained":[{"floor":1,"key":"AttackPotion"},{"floor":8,"key":"FearPotion"},{"floor":16,"key":"SkillPotion"},{"floor":24,"key":"Energy Potion"},{"floor":29,"key":"Explosive Potion"},{"floor":35,"key":"Dexterity Potion"},{"floor":39,"key":"Weak Potion"}],"is_trial":false}