{"path_per_floor":["M","?","$","?","M","R","E","?","T","M","?","M","M","M","R"],"character_chosen":"THE_SILENT","items_purchased":[],"gold_per_floor":[118,118,43,8,19,19,52,113,113,123,123,141,157,168,168,168],"floor_reached":16,"campfire_rested":0,"playtime":775,"item_purchase_floors":[],"current_hp_per_floor":[62,49,49,63,63,63,63,25,25,24,45,47,48,34,34,0],"items_purged":["Defend_G"],"gold":168,"score":152,"play_id":"8d7017bc-9238-46be-ad5e-a3e7f599c586","local_time":"20180523221341","is_prod":false,"is_daily":false,"chose_seed":false,"is_ascension_mode":true,"campfire_upgraded":2,"win_rate":0.17777778,"timestamp":1527106421,"campfire_choices":[{"data":"Grand Finale","floor":6,"key":"SMITH"},{"data":"Doppelganger","floor":15,"key":"SMITH"}],"path_taken":["M","?","$","?","?","R","E","?","T","M","?","M","?","?","R","BOSS"],"build_version":"2018-05-22","seed_source_timestamp":51189050892520,"purchased_purges":1,"victory":false,"master_deck":["Defend_G","Defend_G","Defend_G+1","Defend_G+1","Strike_G","Strike_G","Strike_G","Strike_G","Strike_G","Survivor","Neutralize","Grand Finale+1","Doppelganger+1","Concentrate"],"max_hp_per_floor":[63,63,63,63,63,63,63,63,63,63,63,63,63,63,63,63],"relics":["Ring of the Snake","Blood Vial","Boot","Centennial Puzzle"],"card_choices":[{"not_picked":["Venomology","Night Terror"],"picked":"Grand Finale","floor":0},{"not_picked":["Leg Sweep","Expertise","Poisoned Stab"],"picked":"SKIP","floor":1},{"not_picked":["Deflect","PiercingWail","Grand Finale"],"picked":"SKIP","floor":5},{"not_picked":["Die Die Die","Flying Knee","Accuracy"],"picked":"SKIP","floor":7},{"not_picked":["Dagger Throw","Footwork","Slice"],"picked":"SKIP","floor":10},{"not_picked":["Expertise","Leg Sweep"],"picked":"Doppelganger","floor":12},{"not_picked":["Outmaneuver","Dodge and Roll","Quick Slash"],"picked":"SKIP","floor":13},{"not_picked":["Choke","Deflect"],"picked":"Concentrate","floor":14}],"player_experience":196311,"potions_floor_usage":[8,16,16],"damage_taken":[{"damage":1,"enemies":"Small Slimes","floor":1,"turns":5},{"damage":0,"enemies":"2 Louse","floor":5,"turns":2},{"damage":0,"enemies":"Gremlin Nob","floor":7,"turns":2},{"damage":38,"enemies":"3 Sentries","floor":8,"turns":16},{"damage":3,"enemies":"Jaw Worm","floor":10,"turns":4},{"damage":0,"enemies":"2 Fungi Beasts","floor":12,"turns":2},{"damage":1,"enemies":"Looter","floor":13,"turns":4},{"damage":16,"enemies":"Gremlin Gang","floor":14,"turns":6},{"damage":38,"enemies":"Slime Boss","floor":16,"turns":5}],"relics_obtained":[{"floor":7,"key":"Blood Vial"},{"floor":9,"key":"Centennial Puzzle"}],"event_choices":[{"event_name":"Shining Light","player_choice":"Entered Light","floor":2,"damage_taken":0},{"event_name":"The Cleric","player_choice":"Healed","floor":4,"damage_taken":0},{"event_name":"Dead Adventurer","player_choice":"Searched \u00272\u0027 times","floor":8,"damage_taken":0},{"event_name":"Big Fish","player_choice":"Banana","floor":11,"damage_taken":0}],"boss_relics":[],"items_purged_floors":[3],"potions_floor_spawned":[1,7,8,12,14],"seed_played":"856701608282086902","killed_by":"Slime Boss","ascension_level":4,"potions_obtained":[{"floor":1,"key":"SteroidPotion"},{"floor":7,"key":"Block Potion"},{"floor":8,"key":"Weak Potion"},{"floor":12,"key":"Dexterity Potion"}],"is_trial":false}