{"gold_per_floor":[116,134,134,4,22,22,33,33,33,60,72,82,113,129,129,206,206,222,222,222,232,232],"floor_reached":22,"playtime":1084,"items_purged":[],"score":366,"play_id":"9335d3aa-e1e5-4ed2-bc82-2dafa2e8b7ce","local_time":"20181127224337","is_ascension_mode":true,"campfire_choices":[{"data":"Armaments","floor":6,"key":"SMITH"},{"data":"Havoc","floor":8,"key":"SMITH"},{"data":"Demon Form","floor":15,"key":"SMITH"}],"neow_cost":"PERCENT_DAMAGE","seed_source_timestamp":45880084208576,"circlet_count":0,"master_deck":["AscendersBane","Strike_R","Strike_R","Strike_R","Strike_R","Strike_R","Defend_R","Defend_R","Defend_R","Bash","Demon Form+1","Cleave","Armaments+1","Ghostly Armor","Havoc+1","Shrug It Off","Sword Boomerang","True Grit","Sword Boomerang","Flame Barrier","Sentinel","Impervious","Reaper","Flex","Infernal Blade+1"],"relics":["Burning Blood","Magic Flower","Dodecahedron","Bird Faced Urn","Coffee Dripper","Question Card"],"potions_floor_usage":[13,13],"damage_taken":[{"damage":8,"enemies":"2 Louse","floor":1,"turns":4},{"damage":2,"enemies":"Cultist","floor":2,"turns":4},{"damage":9,"enemies":"Jaw Worm","floor":5,"turns":5},{"damage":19,"enemies":"Large Slime","floor":7,"turns":6},{"damage":25,"enemies":"Lagavulin","floor":10,"turns":7},{"damage":6,"enemies":"Blue Slaver","floor":11,"turns":5},{"damage":5,"enemies":"Looter","floor":12,"turns":4},{"damage":31,"enemies":"Gremlin Nob","floor":13,"turns":5},{"damage":2,"enemies":"Red Slaver","floor":14,"turns":5},{"damage":23,"enemies":"Hexaghost","floor":16,"turns":10},{"damage":16,"enemies":"3 Byrds","floor":18,"turns":10},{"damage":18,"enemies":"Spheric Guardian","floor":21,"turns":9},{"damage":34,"enemies":"Snake Plant","floor":22,"turns":4}],"seed_played":"-1732779509953218441","potions_obtained":[{"floor":7,"key":"BloodPotion"},{"floor":10,"key":"Block Potion"}],"is_trial":false,"path_per_floor":["M","M","?","$","M","R","M","R","T","E","M","M","E","M","R","B",null,"M","T","?","M","M"],"character_chosen":"IRONCLAD","items_purchased":["Ghostly Armor","Havoc"],"campfire_rested":0,"item_purchase_floors":[4,4],"current_hp_per_floor":[48,52,52,52,49,49,36,36,36,20,23,27,16,23,23,12,59,55,55,34,28,0],"gold":232,"neow_bonus":"THREE_RARE_CARDS","is_prod":false,"is_daily":false,"chose_seed":false,"campfire_upgraded":3,"win_rate":0,"timestamp":1543355017,"path_taken":["M","M","?","$","M","R","?","R","T","E","M","M","E","M","R","BOSS","M","?","?","M","M"],"build_version":"2018-11-15","purchased_purges":0,"victory":false,"max_hp_per_floor":[75,75,75,75,75,75,75,75,75,75,75,75,75,75,75,75,75,75,75,80,80,80],"card_choices":[{"not_picked":["Berserk","Offering"],"picked":"Demon Form","floor":0},{"not_picked":["Pommel Strike","Warcry"],"picked":"Cleave","floor":1},{"not_picked":["Pommel Strike","Combust"],"picked":"Armaments","floor":2},{"not_picked":["Sword Boomerang","Brutality"],"picked":"Shrug It Off","floor":5},{"not_picked":["Disarm","Twin Strike"],"picked":"Sword Boomerang","floor":7},{"not_picked":["Headbutt","Body Slam"],"picked":"True Grit","floor":10},{"not_picked":["Pommel Strike","Armaments"],"picked":"Sword Boomerang","floor":11},{"not_picked":["Infernal Blade","Seeing Red"],"picked":"Flame Barrier","floor":12},{"not_picked":["Iron Wave","Combust"],"picked":"Sentinel","floor":13},{"not_picked":["Body Slam","Reckless Charge"],"picked":"Impervious","floor":14},{"not_picked":["Brutality","Juggernaut"],"picked":"Reaper","floor":16},{"not_picked":["Pommel Strike","Havoc"],"picked":"Flex","floor":18},{"not_picked":["Warcry","Reckless Charge","Shockwave"],"picked":"Infernal Blade+1","floor":21}],"player_experience":898370,"relics_obtained":[{"floor":9,"key":"Magic Flower"},{"floor":10,"key":"Dodecahedron"},{"floor":13,"key":"Bird Faced Urn"},{"floor":19,"key":"Question Card"}],"event_choices":[{"cards_removed":["Defend_R"],"damage_healed":0,"gold_gain":0,"player_choice":"Offered Basic","damage_taken":0,"max_hp_gain":0,"max_hp_loss":0,"event_name":"Bonfire Elementals","floor":3,"gold_loss":0},{"damage_healed":0,"gold_gain":0,"player_choice":"Shed Blood","damage_taken":26,"max_hp_gain":5,"max_hp_loss":0,"event_name":"Forgotten Altar","floor":20,"gold_loss":0}],"is_beta":true,"boss_relics":[{"not_picked":["Tiny House","Busted Crown"],"picked":"Coffee Dripper"}],"items_purged_floors":[],"is_endless":false,"potions_floor_spawned":[7,10,11,12],"killed_by":"Snake Plant","ascension_level":17}