{"gold_per_floor":[13,13,13,27,39,39,64,64,64,95,126,138,206,234,246,360,372,399,139,153,166,166,166,81,107,130,164,164,89,89,106,106,209,209,220,120,131,0,18,18,45,45,72,72,99,109,119,130,130,130],"floor_reached":51,"playtime":2205,"items_purged":["Doubt","Writhe"],"score":1233,"play_id":"6cd1a8e2-e536-4082-9466-e43b0cde82ba","local_time":"20180930101216","is_ascension_mode":true,"campfire_choices":[{"data":"Crippling Poison","floor":6,"key":"SMITH"},{"data":"Noxious Fumes","floor":8,"key":"SMITH"},{"data":"After Image","floor":12,"key":"SMITH"},{"data":"Noxious Fumes","floor":15,"key":"SMITH"},{"data":"Caltrops","floor":23,"key":"SMITH"},{"data":"Adrenaline","floor":28,"key":"SMITH"},{"floor":32,"key":"REST"},{"data":"Crippling Poison","floor":40,"key":"SMITH"},{"data":"Neutralize","floor":42,"key":"SMITH"},{"data":"Leg Sweep","floor":44,"key":"SMITH"},{"data":"Catalyst","floor":49,"key":"SMITH"}],"neow_cost":"NO_GOLD","seed_source_timestamp":5611217484444,"circlet_count":0,"master_deck":["Defend_G","Defend_G","Defend_G","Defend_G","Defend_G+1","Strike_G","Strike_G","Strike_G","Strike_G","Strike_G","Survivor+1","Neutralize+1","AscendersBane","Crippling Poison+1","Backstab","Noxious Fumes+1","After Image+1","Caltrops+1","Noxious Fumes+1","Caltrops","Leg Sweep+1","Adrenaline+1","Clumsy","Heel Hook","Backflip","Noxious Fumes+1","Crippling Poison+1","Heel Hook","Well Laid Plans","Die Die Die","Catalyst+1","Noxious Fumes"],"relics":["Ring of the Snake","Bird Faced Urn","Pear","MawBank","Mercury Hourglass","Calling Bell","Potion Belt","Paper Crane","Thread and Needle","Tiny Chest","War Paint","Pen Nib","Peace Pipe","Vajra","Bottled Lightning","Enchiridion","Sozu","Red Mask","The Courier","Art of War","Orichalcum"],"potions_floor_usage":[10,27,27,27],"damage_taken":[{"damage":2,"enemies":"2 Louse","floor":1,"turns":4},{"damage":0,"enemies":"Small Slimes","floor":4,"turns":3},{"damage":5,"enemies":"Jaw Worm","floor":5,"turns":5},{"damage":23,"enemies":"Lagavulin","floor":7,"turns":8},{"damage":13,"enemies":"Exordium Thugs","floor":10,"turns":5},{"damage":2,"enemies":"Gremlin Gang","floor":11,"turns":3},{"damage":6,"enemies":"3 Sentries","floor":13,"turns":4},{"damage":0,"enemies":"2 Fungi Beasts","floor":14,"turns":2},{"damage":26,"enemies":"Slime Boss","floor":16,"turns":9},{"damage":11,"enemies":"Spheric Guardian","floor":18,"turns":6},{"damage":6,"enemies":"2 Thieves","floor":20,"turns":4},{"damage":0,"enemies":"3 Cultists","floor":21,"turns":5},{"damage":50,"enemies":"Gremlin Leader","floor":25,"turns":7},{"damage":7,"enemies":"Book of Stabbing","floor":27,"turns":4},{"damage":0,"enemies":"Centurion and Healer","floor":31,"turns":6},{"damage":32,"enemies":"Automaton","floor":33,"turns":10},{"damage":0,"enemies":"3 Shapes","floor":35,"turns":4},{"damage":1,"enemies":"Orb Walker","floor":37,"turns":3},{"damage":6,"enemies":"Reptomancer","floor":39,"turns":5},{"damage":0,"enemies":"2 Orb Walkers","floor":41,"turns":4},{"damage":28,"enemies":"Nemesis","floor":45,"turns":7},{"damage":30,"enemies":"Spire Growth","floor":46,"turns":5},{"damage":0,"enemies":"Maw","floor":47,"turns":6},{"damage":7,"enemies":"Sphere and 2 Shapes","floor":48,"turns":3},{"damage":65,"enemies":"Awakened One","floor":50,"turns":13}],"seed_played":"-743018041898542366","potions_obtained":[{"floor":1,"key":"Energy Potion"},{"floor":4,"key":"SpeedPotion"},{"floor":10,"key":"Poison Potion"},{"floor":21,"key":"AttackPotion"},{"floor":22,"key":"FearPotion"}],"is_trial":false,"path_per_floor":["M","?","$","M","M","R","E","R","T","M","M","R","?","M","R","B",null,"M","$","M","M","?","R","?","E","T","E","R","$","?","M","R","B",null,"M","$","M","?","M","R","E","R","T","R","E","M","M","M","R","B"],"character_chosen":"THE_SILENT","items_purchased":["Tiny Chest","War Paint"],"campfire_rested":1,"item_purchase_floors":[19,19],"current_hp_per_floor":[61,61,61,61,56,56,45,45,45,36,40,40,40,44,44,28,67,62,62,60,66,66,66,66,26,26,27,27,27,11,25,49,31,68,78,78,80,80,76,76,80,80,80,80,59,43,59,64,64,17],"gold":130,"neow_bonus":"ONE_RARE_RELIC","is_prod":false,"is_daily":false,"chose_seed":false,"campfire_upgraded":10,"win_rate":0,"timestamp":1538295136,"path_taken":["M","?","?","M","M","R","E","R","T","?","?","R","?","M","R","BOSS","M","$","M","M","?","R","?","E","T","E","R","$","?","M","R","BOSS","M","$","M","?","M","R","E","R","T","R","E","?","M","M","R","BOSS"],"build_version":"2018-09-27","purchased_purges":2,"victory":true,"max_hp_per_floor":[70,70,70,70,70,70,80,80,80,80,80,80,80,80,80,80,80,80,80,80,80,80,80,80,80,80,80,80,80,80,80,80,80,80,80,80,80,80,80,80,80,80,80,80,80,80,80,80,80,80],"card_choices":[{"not_picked":["Well Laid Plans","Finisher"],"picked":"Crippling Poison","floor":1},{"not_picked":["Blur","Quick Slash"],"picked":"Backstab","floor":4},{"not_picked":["Blade Dance","Backflip"],"picked":"Noxious Fumes","floor":5},{"not_picked":["Accuracy","Sucker Punch"],"picked":"After Image","floor":7},{"not_picked":["Flying Knee","Dagger Spray"],"picked":"Caltrops","floor":10},{"not_picked":["Skewer","Leg Sweep"],"picked":"Noxious Fumes","floor":11},{"not_picked":["Bane","Eviscerate"],"picked":"Caltrops","floor":13},{"not_picked":["Cloak And Dagger","Flying Knee"],"picked":"Leg Sweep","floor":14},{"not_picked":["Night Terror","Phantasmal Killer"],"picked":"Adrenaline","floor":16},{"not_picked":["Outmaneuver","Acrobatics"],"picked":"Heel Hook","floor":18},{"not_picked":["Cloak And Dagger","Deflect","Dodge and Roll"],"picked":"SKIP","floor":20},{"not_picked":["Setup","Deflect","Distraction"],"picked":"SKIP","floor":21},{"not_picked":["Eviscerate+1","Prepared"],"picked":"Backflip","floor":25},{"not_picked":["Blade Dance+1","Prepared+1"],"picked":"Noxious Fumes+1","floor":27},{"not_picked":["Dodge and Roll+1","Skewer"],"picked":"Crippling Poison","floor":31},{"not_picked":["Quick Slash","Outmaneuver+1","Bane+1"],"picked":"SKIP","floor":35},{"not_picked":["Prepared+1","Bane+1","Acrobatics"],"picked":"SKIP","floor":37},{"not_picked":["Cloak And Dagger","Masterful Stab"],"picked":"Heel Hook","floor":39},{"not_picked":["Deflect","Backflip"],"picked":"Well Laid Plans","floor":41},{"not_picked":["Leg Sweep","Deadly Poison+1"],"picked":"Die Die Die","floor":45},{"not_picked":["Finisher+1","Footwork"],"picked":"Catalyst","floor":46},{"not_picked":["Sucker Punch+1","Dagger Throw","Quick Slash+1"],"picked":"SKIP","floor":47},{"not_picked":["Accuracy+1","Dash"],"picked":"Noxious Fumes","floor":48}],"player_experience":562664,"relics_obtained":[{"floor":7,"key":"Pear"},{"floor":9,"key":"MawBank"},{"floor":17,"key":"Potion Belt"},{"floor":17,"key":"Paper Crane"},{"floor":17,"key":"Thread and Needle"},{"floor":25,"key":"Peace Pipe"},{"floor":26,"key":"Vajra"},{"floor":27,"key":"Bottled Lightning"},{"floor":30,"key":"Enchiridion"},{"floor":41,"key":"The Courier"},{"floor":43,"key":"Art of War"},{"floor":45,"key":"Orichalcum"}],"event_choices":[{"event_name":"The Cleric","player_choice":"Leave","floor":2,"damage_taken":0},{"event_name":"Dead Adventurer","player_choice":"Searched \u00272\u0027 times","floor":13,"damage_taken":0},{"event_name":"The Lab","player_choice":"Got Potions","floor":22,"damage_taken":0},{"event_name":"Addict","player_choice":"Obtained Relic","floor":24,"damage_taken":0},{"event_name":"Cursed Tome","player_choice":"Obtained Book","floor":30,"damage_taken":0},{"event_name":"Tomb of Lord Red Mask","player_choice":"Paid","floor":38,"damage_taken":0}],"is_beta":true,"boss_relics":[{"not_picked":["Pandora\u0027s Box","Lizard Tail"],"picked":"Calling Bell"},{"not_picked":["Orrery","Velvet Choker"],"picked":"Sozu"}],"items_purged_floors":[29,36],"is_endless":false,"potions_floor_spawned":[1,4,5,10,13,14,21,25,39,46,47,48],"ascension_level":11}