{"gold_per_floor":[218,218,230,195,12,12,37,49,79,112,122,134,2,19,19,98,98,110,120,120,130,130,160,160,192,224,224,35,35,69,69,69,143,143,161,161,174,5,19,19],"floor_reached":40,"playtime":1617,"items_purged":[],"score":908,"play_id":"6c79cc88-d8de-444d-9e83-2329599c8fd7","local_time":"20190120112112","is_ascension_mode":true,"campfire_choices":[{"data":"Perfected Strike","floor":6,"key":"SMITH"},{"data":"Limit Break","floor":15,"key":"SMITH"},{"data":"Inflame","floor":24,"key":"SMITH"},{"data":"Noxious Fumes","floor":29,"key":"SMITH"},{"data":"Spot Weakness","floor":32,"key":"SMITH"}],"neow_cost":"NONE","seed_source_timestamp":5014524142886,"circlet_count":0,"master_deck":["AscendersBane","Strike_R+1","Strike_R+1","Strike_R+1","Strike_R+1","Defend_R+1","Defend_R+1","Defend_R+1","Bash+1","Perfected Strike+1","Power Through","Whirlwind+1","Limit Break+1","Spot Weakness+1","Inflame+1","Flame Barrier","Feed","Shockwave+1","Body Slam","Noxious Fumes+1","Metamorphosis+1","Infernal Blade+1","Limit Break+1","Disarm+1","Exhume+1","Spot Weakness+1","Limit Break+1","Twin Strike","Double Tap+1","Heavy Blade+1"],"relics":["Burning Blood","Orichalcum","Meat on the Bone","Blood Vial","hubris:DisguiseKit","hubris:BlackHole","Ginger","Boot","Toxic Egg 2","Question Card","Matryoshka","Astrolabe"],"potions_floor_usage":[10,16,21,25,40],"damage_taken":[{"damage":7,"enemies":"Jaw Worm","floor":1,"turns":5},{"damage":7,"enemies":"Cultist","floor":3,"turns":4},{"damage":24,"enemies":"Lagavulin","floor":7,"turns":4},{"damage":1,"enemies":"Small Slimes","floor":8,"turns":3},{"damage":3,"enemies":"Looter","floor":9,"turns":9},{"damage":27,"enemies":"3 Sentries","floor":10,"turns":9},{"damage":5,"enemies":"Looter","floor":11,"turns":2},{"damage":10,"enemies":"Large Slime","floor":12,"turns":4},{"damage":0,"enemies":"Exordium Thugs","floor":14,"turns":3},{"damage":51,"enemies":"The Guardian","floor":16,"turns":9},{"damage":6,"enemies":"Chosen","floor":18,"turns":3},{"damage":6,"enemies":"Spheric Guardian","floor":19,"turns":3},{"damage":52,"enemies":"3 Cultists","floor":21,"turns":6},{"damage":24,"enemies":"Slavers","floor":23,"turns":3},{"damage":17,"enemies":"Book of Stabbing","floor":25,"turns":3},{"damage":10,"enemies":"Shelled Parasite and Fungi","floor":26,"turns":5},{"damage":15,"enemies":"Gremlin Leader","floor":30,"turns":4},{"damage":29,"enemies":"Collector","floor":33,"turns":5},{"damage":31,"enemies":"3 Shapes","floor":35,"turns":5},{"damage":0,"enemies":"Orb Walker","floor":37,"turns":3},{"damage":46,"enemies":"Spire Growth","floor":39,"turns":4},{"damage":44,"enemies":"Reptomancer","floor":40,"turns":4}],"seed_played":"4592726312728083090","potions_obtained":[{"floor":8,"key":"AttackPotion"},{"floor":11,"key":"PowerPotion"},{"floor":14,"key":"Explosive Potion"},{"floor":23,"key":"Regen Potion"},{"floor":30,"key":"FearPotion"},{"floor":33,"key":"Ancient Potion"}],"is_trial":false,"path_per_floor":["M","?","M","?","$","R","E","M","MIM","E","M","M","$","M","R","B",null,"M","M","?","M","T","E","R","E","MIM","?","$","R","E","?","R","B",null,"M","?","M","$","M","E"],"character_chosen":"IRONCLAD","items_purchased":["Orichalcum","Anger","Inflame","Flame Barrier","Metamorphosis+1","Double Tap+1"],"campfire_rested":0,"item_purchase_floors":[5,5,13,13,28,38],"current_hp_per_floor":[67,44,43,61,61,61,43,48,51,44,47,45,45,53,53,22,62,64,66,66,37,37,33,33,48,49,49,49,49,54,54,54,48,77,57,57,65,65,39,0],"gold":19,"neow_bonus":"HUNDRED_GOLD","is_prod":false,"is_daily":false,"chose_seed":false,"campfire_upgraded":5,"win_rate":0,"timestamp":1547979672,"path_taken":["M","?","M","?","$","R","E","M","MIM","E","?","M","$","M","R","BOSS","M","M","?","M","?","E","R","E","MIM","?","$","R","E","?","R","BOSS","M","?","?","$","M","E"],"build_version":"2019-01-17v2","purchased_purges":0,"victory":false,"max_hp_per_floor":[75,75,75,75,75,75,75,75,75,75,75,75,75,75,75,75,75,75,75,75,78,78,78,78,81,84,84,84,84,84,84,84,87,87,90,90,90,90,90,90],"card_choices":[{"not_picked":["Warcry","Power Through"],"picked":"Perfected Strike","floor":1},{"not_picked":["Entrench","Clash","Cleave"],"picked":"SKIP","floor":3},{"not_picked":["Entrench","Thunderclap"],"picked":"Power Through","floor":7},{"not_picked":["hubris:ReadiedAction","Flex"],"picked":"Whirlwind","floor":8},{"not_picked":["Clash","Ghostly Armor"],"picked":"Limit Break","floor":9},{"not_picked":["hubris:SharpeningStone","Iron Wave"],"picked":"Spot Weakness","floor":10},{"not_picked":["Cleave","Warcry","Twin Strike","Sucker Punch"],"picked":"SKIP","floor":11},{"not_picked":["Rampage","Anger","Headbutt","Tools of the Trade"],"picked":"SKIP","floor":12},{"not_picked":["Warcry","Combust","Power Through","Deflect"],"picked":"SKIP","floor":14},{"not_picked":["Double Tap","Brutality","Bullet Time"],"picked":"Feed","floor":16},{"not_picked":["Reckless Charge","Ghostly Armor","Quick Slash"],"picked":"Shockwave+1","floor":18},{"not_picked":["Havoc","Corruption+1","Hemokinesis","Acrobatics"],"picked":"SKIP","floor":19},{"not_picked":["Perfected Strike","Twin Strike+1","Expertise"],"picked":"Infernal Blade+1","floor":21},{"not_picked":["Pommel Strike","Havoc+1","Sucker Punch"],"picked":"Body Slam","floor":23},{"not_picked":["hubris:ReadiedAction","Thunderclap","Hemokinesis","Finisher"],"picked":"SKIP","floor":25},{"not_picked":["Perfected Strike","Pommel Strike","Flame Barrier+1"],"picked":"Noxious Fumes","floor":26},{"not_picked":["Iron Wave","Hemokinesis","Clash","Bane"],"picked":"Infernal Blade+1","floor":30},{"not_picked":["Brutality","Impervious+1","Immolate","Bullet Time"],"picked":"Limit Break+1","floor":33},{"not_picked":["Clash","Headbutt","hubris:CleavingFinish","hubris:ReadiedAction+1","hubris:Counter"],"picked":"SKIP","floor":35},{"not_picked":["True Grit+1","Headbutt","Metallicize","Deadly Poison"],"picked":"Twin Strike","floor":37},{"not_picked":["Evolve","Perfected Strike","Sword Boomerang","Dagger Spray"],"picked":"Heavy Blade+1","floor":39}],"player_experience":1135945,"relics_obtained":[{"floor":7,"key":"Meat on the Bone"},{"floor":9,"key":"Blood Vial"},{"floor":10,"key":"hubris:DisguiseKit"},{"floor":22,"key":"Ginger"},{"floor":23,"key":"Boot"},{"floor":25,"key":"Toxic Egg 2"},{"floor":26,"key":"Question Card"},{"floor":30,"key":"Matryoshka"}],"event_choices":[{"damage_healed":0,"gold_gain":0,"player_choice":"Entered Light","damage_taken":23,"max_hp_gain":0,"max_hp_loss":0,"event_name":"Shining Light","floor":2,"gold_loss":0,"cards_upgraded":["Strike_R","Bash"]},{"damage_healed":18,"gold_gain":0,"player_choice":"Healed","damage_taken":0,"max_hp_gain":0,"max_hp_loss":0,"event_name":"The Cleric","floor":4,"gold_loss":35},{"damage_healed":0,"gold_gain":0,"player_choice":"Ignored","damage_taken":0,"max_hp_gain":0,"max_hp_loss":0,"event_name":"Vampires","floor":20,"gold_loss":0},{"damage_healed":0,"gold_gain":0,"player_choice":"Simplicity","damage_taken":0,"max_hp_gain":0,"max_hp_loss":0,"event_name":"Back to Basics","floor":27,"gold_loss":0,"cards_upgraded":["Strike_R","Strike_R","Strike_R","Strike_R","Defend_R","Defend_R","Defend_R","Defend_R"]},{"damage_healed":0,"gold_gain":0,"player_choice":"Upgraded","damage_taken":0,"max_hp_gain":0,"max_hp_loss":0,"event_name":"Upgrade Shrine","floor":31,"gold_loss":0,"cards_upgraded":["Whirlwind"]},{"damage_healed":0,"gold_gain":0,"cards_transformed":["Infernal Blade"],"player_choice":"Transformed","damage_taken":0,"max_hp_gain":0,"max_hp_loss":0,"event_name":"Transmorgrifier","floor":36,"gold_loss":0,"cards_obtained":["Limit Break"]}],"is_beta":false,"boss_relics":[{"not_picked":["hubris:ScarierMask","Runic Dome"],"picked":"hubris:BlackHole"},{"not_picked":["Empty Cage","Busted Crown"],"picked":"Astrolabe"}],"items_purged_floors":[],"is_endless":false,"potions_floor_spawned":[8,11,14,23,30,33,37],"killed_by":"Reptomancer","ascension_level":20}