{"gold_per_floor":[117,117,136,150,164,164,190,205,282,282,282,292,325,337,337,412,412,432,446,118,133,133,160,160,175,175,208,221,248,248,266,266,340,340,352,370,86,86,98,131,68,68,68,85,85,114,114,144,144,144,144,144,144,38,72,72],"floor_reached":57,"playtime":2512,"items_purged":["Strike_R","Strike_R","Strike_R"],"score":3478,"play_id":"256f5531-0252-443c-ba29-bcb61dae2b61","local_time":"20190618222354","is_ascension_mode":true,"campfire_choices":[{"data":"Bash","floor":6.0,"key":"SMITH"},{"data":"Inflame","floor":10.0,"key":"SMITH"},{"data":"Disarm","floor":15.0,"key":"SMITH"},{"data":"Corruption","floor":24.0,"key":"SMITH"},{"data":"Feel No Pain","floor":30.0,"key":"SMITH"},{"data":"Feel No Pain","floor":32.0,"key":"SMITH"},{"floor":45,"key":"RECALL"},{"data":"Juggernaut","floor":47,"key":"SMITH"},{"data":"Fiend Fire","floor":49,"key":"SMITH"},{"data":"Corruption","floor":53,"key":"SMITH"}],"neow_cost":"NONE","seed_source_timestamp":0,"circlet_count":0,"master_deck":["AscendersBane","Strike_R","Defend_R","Defend_R","Defend_R","Defend_R","Bash+1","Whirlwind+1","Pommel Strike","Fiend Fire+1","Disarm+1","Anger","Shockwave","Inflame+1","Havoc+1","Shrug It Off+1","Infernal Blade+1","Limit Break+1","Corruption+1","Havoc+1","True Grit+1","Seeing Red+1","Infernal Blade+1","Feel No Pain+1","Feel No Pain+1","Corruption+1","Ghostly Armor+1","Battle Trance+1","Sentinel+1","Juggernaut+1","Sentinel+1","Shrug It Off+1","Seeing Red+1","Sentinel+1","Flex+1","Sentinel+1","Limit Break+1","Double Tap+1"],"special_seed":0,"relics":["Burning Blood","Orichalcum","Toxic Egg 2","Dead Branch","Coffee Dripper","Membership Card","Boot","Sundial","Du-Vu Doll","Thread and Needle","Busted Crown","Bag of Marbles","Lantern","Pantograph","Gambling Chip","Bronze Scales","Centennial Puzzle"],"potions_floor_usage":[54,56,56],"damage_taken":[{"damage":11.0,"enemies":"Jaw Worm","floor":1.0,"turns":5.0},{"damage":0.0,"enemies":"Small Slimes","floor":3.0,"turns":4.0},{"damage":0.0,"enemies":"2 Louse","floor":4.0,"turns":1.0},{"damage":12.0,"enemies":"Blue Slaver","floor":5.0,"turns":4.0},{"damage":36.0,"enemies":"Lagavulin","floor":7.0,"turns":8.0},{"damage":2.0,"enemies":"Looter","floor":8.0,"turns":4.0},{"damage":6.0,"enemies":"Large Slime","floor":12.0,"turns":3.0},{"damage":8.0,"enemies":"3 Sentries","floor":13.0,"turns":4.0},{"damage":0.0,"enemies":"2 Fungi Beasts","floor":14.0,"turns":3.0},{"damage":7.0,"enemies":"The Guardian","floor":16.0,"turns":10.0},{"damage":7.0,"enemies":"Shell Parasite","floor":18.0,"turns":2.0},{"damage":0.0,"enemies":"Spheric Guardian","floor":19.0,"turns":2.0},{"damage":0.0,"enemies":"Snake Plant","floor":21.0,"turns":3.0},{"damage":3.0,"enemies":"Slavers","floor":23.0,"turns":2.0},{"damage":6.0,"enemies":"Chosen and Byrds","floor":25.0,"turns":2.0},{"damage":6.0,"enemies":"Gremlin Leader","floor":27.0,"turns":2.0},{"damage":16.0,"enemies":"Shelled Parasite and Fungi","floor":28.0,"turns":2.0},{"damage":0.0,"enemies":"Slavers","floor":29.0,"turns":3.0},{"damage":0.0,"enemies":"Snake Plant","floor":31.0,"turns":1.0},{"damage":0.0,"enemies":"Collector","floor":33.0,"turns":3.0},{"damage":7.0,"enemies":"3 Darklings","floor":35.0,"turns":2.0},{"damage":0.0,"enemies":"Orb Walker","floor":36.0,"turns":1.0},{"damage":0.0,"enemies":"Transient","floor":39.0,"turns":4.0},{"damage":7.0,"enemies":"Reptomancer","floor":40.0,"turns":4.0},{"damage":11,"enemies":"4 Shapes","floor":44,"turns":5},{"damage":0,"enemies":"Nemesis","floor":46,"turns":3},{"damage":0,"enemies":"Giant Head","floor":48,"turns":2},{"damage":6,"enemies":"Awakened One","floor":50,"turns":2},{"damage":0,"enemies":"Time Eater","floor":51,"turns":4},{"damage":1,"enemies":"Shield and Spear","floor":55,"turns":3},{"damage":7,"enemies":"The Heart","floor":56,"turns":5}],"seed_played":"-7030110069773780190","potions_obtained":[{"floor":1.0,"key":"Fruit Juice"},{"floor":5.0,"key":"BloodPotion"},{"floor":12.0,"key":"Poison Potion"},{"floor":14.0,"key":"PowerPotion"},{"floor":18.0,"key":"Poison Potion"},{"floor":46,"key":"SkillPotion"},{"floor":48,"key":"Fruit Juice"}],"is_trial":false,"path_per_floor":["M","?","M","M","M","R","E","M","T","R","?","M","E","M","R","B",null,"M","M","$","M","?","E","R","M","T","E","M","E","R","M","R","B",null,"M","M","$","?","M","E","$","?","T","M","R","E","R","E","R","B","B",null,"R","$","E","B",null],"character_chosen":"IRONCLAD","items_purchased":["Membership Card","True Grit+1","Seeing Red+1","Shrug It Off+1","Seeing Red+1","Bag of Marbles","Lantern","Bronze Scales","PowerPotion"],"campfire_rested":0,"item_purchase_floors":[20,20,20,37,37,37,37,54,54],"current_hp_per_floor":[63,63,69,75,69,69,39,43,43,43,48,53,51,57,57,56,78,77,83,83,85,85,85,85,85,85,85,75,81,81,85,85,85,85,84,85,85,75,81,80,80,80,80,75,75,81,81,85,85,85,85,85,85,90,90,89],"gold":72,"neow_bonus":"TRANSFORM_CARD","is_prod":false,"is_daily":false,"chose_seed":false,"campfire_upgraded":9,"win_rate":0,"timestamp":1560889434,"path_taken":["M","?","M","M","M","R","E","M","T","R","?","M","E","M","R","BOSS","M","M","$","M","?","E","R","M","T","E","M","E","R","M","R","BOSS","M","M","$","?","M","E","$","?","T","M","R","E","R","E","R","BOSS","BOSS","R","$","E","BOSS"],"build_version":"2019-01-23","purchased_purges":3,"victory":true,"max_hp_per_floor":[75,75,75,75,75,75,75,75,75,75,80,85,85,85,85,85,85,85,85,85,85,85,85,85,85,85,85,85,85,85,85,85,85,85,85,85,85,85,85,85,85,85,85,85,85,85,85,85,85,85,85,85,85,90,90,90],"card_choices":[{"not_picked":["Dropkick","Flex"],"picked":"Pommel Strike","floor":1.0},{"not_picked":["Pommel Strike","Iron Wave"],"picked":"Fiend Fire","floor":3.0},{"not_picked":["Sword Boomerang","Shrug It Off"],"picked":"Disarm","floor":4.0},{"not_picked":["Sentinel","Reckless Charge"],"picked":"Anger","floor":5.0},{"not_picked":["Infernal Blade","Second Wind"],"picked":"Shockwave","floor":7.0},{"not_picked":["Searing Blow","Rampage"],"picked":"Inflame","floor":8.0},{"not_picked":["Combust","Entrench+1"],"picked":"Havoc+1","floor":12.0},{"not_picked":["Clothesline","Infernal Blade+1"],"picked":"Shrug It Off+1","floor":13.0},{"not_picked":["Heavy Blade","Thunderclap"],"picked":"Infernal Blade+1","floor":14.0},{"not_picked":["Reaper","Demon Form"],"picked":"Limit Break+1","floor":16.0},{"not_picked":["Body Slam","Twin Strike"],"picked":"Corruption","floor":18.0},{"not_picked":["Anger","Iron Wave"],"picked":"Havoc+1","floor":19.0},{"not_picked":["Rage+1","Perfected Strike"],"picked":"Infernal Blade+1","floor":21.0},{"not_picked":["Armaments+1","Rupture"],"picked":"Feel No Pain","floor":23.0},{"not_picked":["Fire Breathing","True Grit+1"],"picked":"Corruption","floor":25.0},{"not_picked":["Clothesline","Reckless Charge+1"],"picked":"Body Slam","floor":27.0},{"not_picked":["Thunderclap","Body Slam+1"],"picked":"Ghostly Armor+1","floor":28.0},{"not_picked":["Dropkick","Dual Wield+1"],"picked":"Battle Trance+1","floor":29.0},{"not_picked":["Body Slam","Sword Boomerang"],"picked":"Sentinel+1","floor":31.0},{"not_picked":["Feed","Impervious+1"],"picked":"Juggernaut","floor":33.0},{"not_picked":[],"picked":"Sentinel+1","floor":35.0},{"not_picked":["Pommel Strike+1"],"picked":"SKIP","floor":36.0},{"not_picked":[],"picked":"Sentinel+1","floor":39.0},{"not_picked":[],"picked":"Flex+1","floor":40.0},{"not_picked":[],"picked":"Sentinel+1","floor":44},{"not_picked":[],"picked":"Limit Break+1","floor":46},{"not_picked":["Bloodletting+1"],"picked":"SKIP","floor":48},{"not_picked":[],"picked":"Double Tap+1","floor":55}],"player_experience":1746035,"relics_obtained":[{"floor":7.0,"key":"Orichalcum"},{"floor":9.0,"key":"Toxic Egg 2"},{"floor":13.0,"key":"Dead Branch"},{"floor":23.0,"key":"Boot"},{"floor":26.0,"key":"Sundial"},{"floor":27.0,"key":"Du-Vu Doll"},{"floor":29.0,"key":"Thread and Needle"},{"floor":46,"key":"Pantograph"},{"floor":48,"key":"Gambling Chip"},{"floor":55,"key":"Centennial Puzzle"}],"event_choices":[{"damage_healed":0.0,"max_hp_gain":0.0,"max_hp_loss":0.0,"gold_gain":0.0,"event_name":"Living Wall","player_choice":"Grow","floor":2.0,"gold_loss":0.0,"damage_taken":0.0,"cards_upgraded":["Whirlwind"]},{"damage_healed":0.0,"max_hp_gain":5.0,"max_hp_loss":0.0,"gold_gain":0.0,"event_name":"Big Fish","player_choice":"Donut","floor":11.0,"gold_loss":0.0,"damage_taken":0.0},{"damage_healed":0.0,"max_hp_gain":0.0,"max_hp_loss":0.0,"gold_gain":0.0,"event_name":"The Library","player_choice":"Read","floor":22.0,"gold_loss":0.0,"damage_taken":0.0,"cards_obtained":["Feel No Pain"]},{"damage_healed":0.0,"max_hp_gain":0.0,"max_hp_loss":0.0,"gold_gain":0.0,"event_name":"SensoryStone","player_choice":"Memory 3","floor":38.0,"gold_loss":0.0,"damage_taken":10.0},{"cards_removed":["Body Slam"],"damage_healed":0.0,"max_hp_gain":0.0,"max_hp_loss":0.0,"gold_gain":0.0,"event_name":"Falling","player_choice":"Removed Attack","floor":42.0,"gold_loss":0.0,"damage_taken":0.0}],"is_beta":false,"boss_relics":[{"not_picked":["Sozu","Lizard Tail"],"picked":"Coffee Dripper"},{"not_picked":["Empty Cage","Cursed Key"],"picked":"Busted Crown"}],"items_purged_floors":[20,37,41],"is_endless":false,"potions_floor_spawned":[1,5,12,14,18,21,23,28,33,44,46,48,55],"ascension_level":20}