{"gold_per_floor":[109,109,127,127,127,127,152,183,208,223,223,256,274,199,199,290,290,308,308,308,322,0,31,31],"floor_reached":24,"playtime":1668,"items_purged":[],"score":498,"play_id":"1a71eca3-6035-49d4-b706-fe83d047ac34","local_time":"20190710225403","is_ascension_mode":true,"campfire_choices":[{"data":"Loop","floor":6,"key":"SMITH"},{"floor":11,"key":"REST"},{"floor":15,"key":"REST"}],"neow_cost":"PERCENT_DAMAGE","seed_source_timestamp":46217313747741,"circlet_count":0,"master_deck":["AscendersBane","Strike_B+1","Strike_B+1","Strike_B+1","Defend_B+1","Defend_B+1","Defend_B+1","Defend_B+1","Zap+1","Dualcast","Loop+1","Ball Lightning","Darkness","Coolheaded","Ball Lightning","Sunder","Cold Snap","Electrodynamics","Compile Driver","RitualDagger","Ball Lightning"],"relics":["Cracked Core","Golden Idol","Potion Belt","Lantern","Oddly Smooth Stone","Philosopher\u0027s Stone","Meat on the Bone","Girya"],"potions_floor_usage":[13,14,24],"damage_taken":[{"damage":1,"enemies":"2 Louse","floor":1,"turns":4},{"damage":0,"enemies":"Small Slimes","floor":3,"turns":4},{"damage":2,"enemies":"Jaw Worm","floor":7,"turns":3},{"damage":31,"enemies":"Gremlin Nob","floor":8,"turns":4},{"damage":18,"enemies":"Lots of Slimes","floor":10,"turns":4},{"damage":23,"enemies":"3 Sentries","floor":12,"turns":6},{"damage":0,"enemies":"Blue Slaver","floor":13,"turns":2},{"damage":28,"enemies":"Slime Boss","floor":16,"turns":6},{"damage":18,"enemies":"Shell Parasite","floor":18,"turns":3},{"damage":24,"enemies":"2 Thieves","floor":21,"turns":3},{"damage":0,"enemies":"Gremlin Leader","floor":23,"turns":4},{"damage":30,"enemies":"Shelled Parasite and Fungi","floor":24,"turns":2}],"seed_played":"97038536319149266","potions_obtained":[{"floor":3,"key":"Block Potion"},{"floor":13,"key":"Fruit Juice"}],"is_trial":false,"path_per_floor":["M","?","M","?","$","R","M","E","T","M","R","E","M","?","R","B",null,"M","?","?","M","$","E","M"],"character_chosen":"DEFECT","items_purchased":["Meat on the Bone","Fire Potion"],"campfire_rested":2,"item_purchase_floors":[22,22],"current_hp_per_floor":[59,59,59,59,59,59,57,26,26,8,31,8,8,13,37,9,64,46,40,40,16,16,28,0],"gold":31,"neow_bonus":"TWENTY_PERCENT_HP_BONUS","is_prod":false,"is_daily":false,"chose_seed":false,"campfire_upgraded":1,"win_rate":0,"timestamp":1562792043,"path_taken":["M","?","M","?","?","R","M","E","T","?","R","E","M","?","R","BOSS","M","?","?","M","$","E","M"],"build_version":"2019-07-05","purchased_purges":0,"victory":false,"max_hp_per_floor":[85,77,77,77,77,77,77,77,77,77,77,77,77,82,82,82,82,82,82,82,82,82,82,82],"card_choices":[{"not_picked":["Compile Driver","Genetic Algorithm"],"picked":"Loop","floor":1},{"not_picked":["Barrage","White Noise"],"picked":"Ball Lightning","floor":3},{"not_picked":["Tempest","Conserve Battery"],"picked":"Darkness","floor":7},{"not_picked":["Streamline","Static Discharge"],"picked":"Coolheaded","floor":8},{"not_picked":["Sweeping Beam","Go for the Eyes"],"picked":"Ball Lightning","floor":10},{"not_picked":["Compile Driver","Melter"],"picked":"Sunder","floor":12},{"not_picked":["Sunder","Go for the Eyes"],"picked":"Cold Snap","floor":13},{"not_picked":["Thunder Strike","Core Surge"],"picked":"Electrodynamics","floor":16},{"not_picked":["Fusion","Beam Cell"],"picked":"Compile Driver","floor":18},{"not_picked":["Sweeping Beam","Barrage+1"],"picked":"Ball Lightning","floor":21},{"not_picked":["Gash","Turbo","Skim"],"picked":"SKIP","floor":23}],"player_experience":1787093,"relics_obtained":[{"floor":8,"key":"Potion Belt"},{"floor":9,"key":"Lantern"},{"floor":12,"key":"Oddly Smooth Stone"},{"floor":23,"key":"Girya"}],"event_choices":[{"damage_healed":0,"gold_gain":0,"player_choice":"Lose Max HP","damage_taken":0,"relics_obtained":["Golden Idol"],"max_hp_gain":0,"max_hp_loss":8,"event_name":"Golden Idol","floor":2,"gold_loss":0},{"damage_healed":0,"gold_gain":0,"player_choice":"Grow","damage_taken":0,"max_hp_gain":0,"max_hp_loss":0,"event_name":"Living Wall","floor":4,"gold_loss":0,"cards_upgraded":["Zap"]},{"cards_removed":["Strike_B"],"damage_healed":0,"gold_gain":0,"player_choice":"Card Removal","damage_taken":0,"max_hp_gain":0,"max_hp_loss":0,"event_name":"The Cleric","floor":14,"gold_loss":75},{"damage_healed":0,"gold_gain":0,"player_choice":"Joined the Cult","damage_taken":6,"max_hp_gain":0,"max_hp_loss":0,"event_name":"Nest","floor":19,"gold_loss":0,"cards_obtained":["RitualDagger"]},{"damage_healed":0,"gold_gain":0,"player_choice":"Simplicity","damage_taken":0,"max_hp_gain":0,"max_hp_loss":0,"event_name":"Back to Basics","floor":20,"gold_loss":0,"cards_upgraded":["Strike_B","Strike_B","Strike_B","Defend_B","Defend_B","Defend_B","Defend_B"]}],"is_beta":false,"boss_relics":[{"not_picked":["Runic Pyramid","Eternal Feather"],"picked":"Philosopher\u0027s Stone"}],"items_purged_floors":[],"is_endless":false,"potions_floor_spawned":[3,13],"killed_by":"Shelled Parasite and Fungi","ascension_level":20}