{"gold_per_floor":[115,115,40,58,81,117,117,151,151,50,63,87,112,52],"floor_reached":14,"playtime":675,"items_purged":["Strike_G"],"score":204,"play_id":"7019c6f3-ade3-42d6-a69a-9aa4914ae6f0","local_time":"20190410115951","is_ascension_mode":true,"campfire_choices":[{"floor":7,"key":"REST"}],"neow_cost":"NONE","seed_source_timestamp":6212250288669,"circlet_count":0,"master_deck":["AscendersBane","Defend_G","Defend_G","Defend_G","Defend_G","Defend_G","Strike_G","Strike_G","Strike_G","Survivor","Neutralize","Envenom","Bouncing Flask","Deadly Poison","Dagger Throw","Malaise","Backflip","PiercingWail","Backflip"],"relics":["Ring of the Snake","Golden Idol","The Specimen","Sundial","Ice Cream"],"potions_floor_usage":[6,6,6,8,8,14],"damage_taken":[{"damage":5,"enemies":"Jaw Worm","floor":1,"turns":5},{"damage":0,"enemies":"2 Louse","floor":4,"turns":5},{"damage":4,"enemies":"Small Slimes","floor":5,"turns":4},{"damage":41,"enemies":"Gremlin Nob","floor":6,"turns":5},{"damage":25,"enemies":"3 Sentries","floor":8,"turns":10},{"damage":17,"enemies":"Exordium Thugs","floor":11,"turns":7},{"damage":2,"enemies":"Lots of Slimes","floor":12,"turns":6},{"damage":0,"enemies":"Blue Slaver","floor":13,"turns":5},{"damage":9,"enemies":"Exordium Thugs","floor":14,"turns":3}],"seed_played":"7519952455506208219","potions_obtained":[{"floor":1,"key":"Fruit Juice"},{"floor":5,"key":"EntropicBrew"},{"floor":6,"key":"Dexterity Potion"},{"floor":13,"key":"AttackPotion"}],"is_trial":false,"path_per_floor":["M","?","?","M","M","E","R","E","T","$","M","M","M","M"],"character_chosen":"THE_SILENT","items_purchased":["PiercingWail"],"campfire_rested":1,"item_purchase_floors":[10],"current_hp_per_floor":[54,54,54,54,50,14,33,23,23,23,6,4,4,0],"gold":52,"neow_bonus":"ONE_RANDOM_RARE_CARD","is_prod":false,"is_daily":false,"chose_seed":false,"campfire_upgraded":0,"win_rate":0,"timestamp":1554890391,"path_taken":["M","?","?","M","M","E","R","E","T","?","M","?","M","M"],"build_version":"2019-01-23","purchased_purges":1,"victory":false,"max_hp_per_floor":[66,60,60,60,60,65,65,65,65,65,65,65,65,65],"card_choices":[{"not_picked":["Well Laid Plans","Bane"],"picked":"Bouncing Flask","floor":1},{"not_picked":["Prepared","Dodge and Roll"],"picked":"Deadly Poison","floor":4},{"not_picked":["Tactician","Acrobatics"],"picked":"Dagger Throw","floor":5},{"not_picked":["Outmaneuver","Dagger Throw"],"picked":"Malaise","floor":6},{"not_picked":["Poisoned Stab","Dagger Spray"],"picked":"Backflip","floor":8},{"not_picked":["Flying Knee","Setup","Envenom"],"picked":"SKIP","floor":11},{"not_picked":["Endless Agony","Sucker Punch","Cloak And Dagger"],"picked":"SKIP","floor":12},{"not_picked":["Quick Slash","Dodge and Roll"],"picked":"Backflip","floor":13}],"player_experience":1576737,"relics_obtained":[{"floor":6,"key":"The Specimen"},{"floor":8,"key":"Sundial"},{"floor":9,"key":"Ice Cream"}],"event_choices":[{"damage_healed":0,"gold_gain":0,"player_choice":"Lose Max HP","damage_taken":0,"relics_obtained":["Golden Idol"],"max_hp_gain":0,"max_hp_loss":6,"event_name":"Golden Idol","floor":2,"gold_loss":0},{"cards_removed":["Strike_G"],"damage_healed":0,"gold_gain":0,"player_choice":"Card Removal","damage_taken":0,"max_hp_gain":0,"max_hp_loss":0,"event_name":"The Cleric","floor":3,"gold_loss":75}],"is_beta":false,"boss_relics":[],"items_purged_floors":[10],"is_endless":false,"potions_floor_spawned":[1,5,6,13],"killed_by":"Exordium Thugs","ascension_level":20}