{"gold_per_floor":[217,231,249,264,414,443,7,35,35,35,35,51,51,51],"floor_reached":14,"playtime":446,"items_purged":["Strike_B"],"score":200,"play_id":"d31bcb34-2b84-4354-8dfc-375878db690b","local_time":"20190714232326","is_ascension_mode":true,"campfire_choices":[{"data":"Creative AI","floor":10,"key":"SMITH"},{"data":"Zap","floor":11,"key":"SMITH"},{"floor":13,"key":"REST"}],"neow_cost":"NONE","seed_source_timestamp":38711751087666,"circlet_count":0,"master_deck":["AscendersBane","Strike_B","Strike_B","Strike_B","Defend_B","Defend_B","Defend_B","Defend_B","Zap+1","Dualcast","Sweeping Beam","Conserve Battery","Creative AI+1","Conserve Battery","Doubt","Doom and Gloom","Self Repair","Undo"],"relics":["Cracked Core","Pantograph","Symbiotic Virus","WingedGreaves","Peace Pipe"],"potions_floor_usage":[12,14],"damage_taken":[{"damage":1,"enemies":"Cultist","floor":1,"turns":3},{"damage":5,"enemies":"Small Slimes","floor":2,"turns":3},{"damage":0,"enemies":"2 Louse","floor":3,"turns":2},{"damage":6,"enemies":"Looter","floor":4,"turns":4},{"damage":1,"enemies":"Lagavulin","floor":6,"turns":9},{"damage":36,"enemies":"3 Sentries","floor":8,"turns":6},{"damage":13,"enemies":"Large Slime","floor":12,"turns":6},{"damage":37,"enemies":"Gremlin Nob","floor":14,"turns":3}],"seed_played":"-2219471725742623236","potions_obtained":[{"floor":2,"key":"Block Potion"},{"floor":8,"key":"LiquidBronze"},{"floor":12,"key":"SkillPotion"}],"is_trial":false,"path_per_floor":["M","M","M","M","?","E","$","E","T","R","R","M","R","E"],"character_chosen":"DEFECT","items_purchased":["Symbiotic Virus","Doom and Gloom"],"campfire_rested":1,"item_purchase_floors":[7,7],"current_hp_per_floor":[63,58,58,52,52,51,51,15,15,15,15,2,23,0],"gold":51,"neow_bonus":"HUNDRED_GOLD","is_prod":false,"is_daily":false,"chose_seed":false,"campfire_upgraded":2,"win_rate":0,"timestamp":1563139406,"path_taken":["M","M","?","M","?","E","$","E","T","R","R","M","R","E"],"build_version":"2019-07-05","purchased_purges":1,"victory":false,"max_hp_per_floor":[71,71,71,71,71,71,71,71,71,71,71,71,71,71],"card_choices":[{"not_picked":["Barrage","Streamline"],"picked":"Sweeping Beam","floor":1},{"not_picked":["Leap","Hologram"],"picked":"Conserve Battery","floor":2},{"not_picked":["Genetic Algorithm","Tempest"],"picked":"Creative AI","floor":3},{"not_picked":["BootSequence","Redo"],"picked":"Conserve Battery","floor":4},{"not_picked":["Reprogram","Beam Cell","Go for the Eyes"],"picked":"SKIP","floor":6},{"not_picked":["Rip and Tear","Coolheaded"],"picked":"Self Repair","floor":8},{"not_picked":["Heatsinks","Creative AI"],"picked":"Undo","floor":12}],"player_experience":1807718,"relics_obtained":[{"floor":6,"key":"Pantograph"},{"floor":8,"key":"WingedGreaves"},{"floor":9,"key":"Peace Pipe"}],"event_choices":[{"damage_healed":0,"gold_gain":150,"player_choice":"AGREE","damage_taken":0,"max_hp_gain":0,"max_hp_loss":0,"event_name":"Liars Game","floor":5,"gold_loss":0,"cards_obtained":["Doubt"]}],"is_beta":false,"boss_relics":[],"items_purged_floors":[7],"is_endless":false,"potions_floor_spawned":[2,8,12],"killed_by":"Gremlin Nob","ascension_level":20}