{"gold_per_floor":[115,115,59,73,38,38,71,88,112,72,72,106,106,141,141,220,220,235,46,46,60,60,60,60],"floor_reached":24,"playtime":784,"items_purged":[],"score":470,"play_id":"33c15d18-9665-4279-97ac-5b31ea550f11","local_time":"20190313195722","is_ascension_mode":true,"campfire_choices":[{"data":"Zap","floor":6,"key":"SMITH"},{"data":"Consume","floor":11,"key":"SMITH"},{"data":"Buffer","floor":15,"key":"SMITH"},{"data":"Self Repair","floor":23,"key":"SMITH"}],"neow_cost":"NONE","seed_source_timestamp":37107719954583,"circlet_count":0,"master_deck":["AscendersBane","Strike_B","Strike_B","Strike_B","Defend_B","Defend_B","Defend_B","Defend_B","Zap+1","Dualcast","Reinforced Body","Cold Snap","FTL","Consume+1","Self Repair+1","Sunder","Buffer+1","Amplify","Cold Snap","Coolheaded","Turbo"],"special_seed":0,"relics":["Cracked Core","NeowsBlessing","Oddly Smooth Stone","Ornamental Fan","Juzu Bracelet","Bronze Scales","Letter Opener","Inserter","Lantern","Enchiridion"],"potions_floor_usage":[16],"damage_taken":[{"damage":0.0,"enemies":"Small Slimes","floor":1.0,"turns":1.0},{"damage":0,"enemies":"2 Louse","floor":4,"turns":1},{"damage":0,"enemies":"Gremlin Nob","floor":7,"turns":1},{"damage":0,"enemies":"Cultist","floor":8,"turns":3},{"damage":16,"enemies":"Lagavulin","floor":12,"turns":8},{"damage":8,"enemies":"3 Sentries","floor":14,"turns":7},{"damage":16,"enemies":"The Guardian","floor":16,"turns":12},{"damage":29,"enemies":"2 Thieves","floor":18,"turns":5},{"damage":0,"enemies":"Shell Parasite","floor":21,"turns":9},{"damage":45,"enemies":"Gremlin Leader","floor":24,"turns":6}],"seed_played":"4555109914381169244","potions_obtained":[{"floor":1.0,"key":"LiquidBronze"},{"floor":8,"key":"Swift Potion"}],"is_trial":false,"path_per_floor":["M","?","$","M","?","R","E","M","T","$","R","E","?","E","R","B",null,"M","$","?","M","?","R","E"],"character_chosen":"DEFECT","items_purchased":["Cold Snap","Consume","Coolheaded","Lantern"],"campfire_rested":0,"item_purchase_floors":[3,10,19,19],"current_hp_per_floor":[64,53,53,53,70,70,70,70,70,70,70,54,54,53,53,44,64,49,49,28,42,42,42,0],"gold":60,"neow_bonus":"THREE_ENEMY_KILL","is_prod":false,"is_daily":false,"chose_seed":false,"campfire_upgraded":4,"win_rate":0,"timestamp":1552503442,"path_taken":["M","?","$","M","?","R","E","M","T","$","R","E","?","E","R","BOSS","M","?","?","M","?","R","E"],"build_version":"2019-01-23","purchased_purges":0,"victory":false,"max_hp_per_floor":[71,71,71,71,71,71,71,71,71,71,71,71,71,71,71,71,71,71,71,71,71,71,71,71],"card_choices":[{"not_picked":["Beam Cell","Reprogram"],"picked":"Reinforced Body","floor":1.0},{"not_picked":["Rebound","Streamline"],"picked":"FTL","floor":4},{"not_picked":["Stack","Fusion","Force Field"],"picked":"SKIP","floor":7},{"not_picked":["Leap","Redo","Blizzard"],"picked":"SKIP","floor":8},{"not_picked":["Barrage","Force Field"],"picked":"Self Repair","floor":12},{"not_picked":["Recycle","Turbo"],"picked":"Buffer","floor":14},{"not_picked":["Machine Learning","Hyperbeam"],"picked":"Amplify","floor":16},{"not_picked":["Sweeping Beam","Steam Power"],"picked":"Cold Snap","floor":18},{"not_picked":["Conserve Battery","Stack"],"picked":"Turbo","floor":21}],"player_experience":1409294,"relics_obtained":[{"floor":7,"key":"Ornamental Fan"},{"floor":9,"key":"Juzu Bracelet"},{"floor":12,"key":"Bronze Scales"},{"floor":14,"key":"Letter Opener"},{"floor":20,"key":"Enchiridion"}],"event_choices":[{"damage_healed":0.0,"max_hp_gain":0.0,"max_hp_loss":0.0,"gold_gain":0.0,"event_name":"Scrap Ooze","player_choice":"Success","floor":2.0,"gold_loss":0.0,"damage_taken":11.0,"relics_obtained":["Oddly Smooth Stone"]},{"damage_healed":17,"gold_gain":0,"player_choice":"Healed","damage_taken":0,"max_hp_gain":0,"max_hp_loss":0,"event_name":"The Cleric","floor":5,"gold_loss":35},{"damage_healed":0,"gold_gain":0,"cards_transformed":["Strike_B"],"player_choice":"Transformed","damage_taken":0,"max_hp_gain":0,"max_hp_loss":0,"event_name":"Transmorgrifier","floor":13,"gold_loss":0,"cards_obtained":["Sunder"]},{"damage_healed":0,"gold_gain":0,"player_choice":"Obtained Book","damage_taken":21,"max_hp_gain":0,"max_hp_loss":0,"event_name":"Cursed Tome","floor":20,"gold_loss":0},{"damage_healed":0,"gold_gain":0,"player_choice":"Ignored","damage_taken":0,"max_hp_gain":0,"max_hp_loss":0,"event_name":"Ghosts","floor":22,"gold_loss":0}],"is_beta":false,"boss_relics":[{"not_picked":["Velvet Choker","Empty Cage"],"picked":"Inserter"}],"items_purged_floors":[],"is_endless":false,"potions_floor_spawned":[1,8],"killed_by":"Gremlin Leader","ascension_level":20}