{"path_per_floor":["M","?","$","T","M","R","E","R","T","M","M","M","?","E","R","B",null,"M","$","M","$","M","E","R","E","T","R","?","R","M","?","R","B",null,"M","?","?","$","?","R","E","R","T","R","M","R","M","E","R","B"],"character_chosen":"IRONCLAD","items_purchased":["Inflame","Enlightenment","Gremlin Horn"],"gold_per_floor":[109,109,74,74,85,85,118,118,118,131,142,153,118,149,149,251,251,266,66,82,82,100,133,133,164,191,191,191,191,202,202,202,299,299,310,310,310,57,57,57,84,84,84,84,104,104,115,140,140,140],"floor_reached":51,"campfire_rested":4,"playtime":3776,"current_hp_per_floor":[75,75,75,75,75,75,57,57,57,62,61,67,80,80,80,60,80,66,66,59,59,54,9,48,20,20,59,56,56,56,56,56,16,56,56,46,46,46,46,46,19,50,50,50,56,56,55,22,58,23],"items_purged":[],"gold":140,"score":774,"play_id":"d8f4c58c-648c-4f82-808d-ad763f25bb34","local_time":"20180513004904","is_prod":false,"is_daily":false,"chose_seed":false,"is_ascension_mode":false,"campfire_upgraded":8,"timestamp":1526165344,"path_taken":["M","?","$","?","?","R","E","R","T","?","?","M","?","E","R","BOSS","M","$","M","$","M","E","R","E","T","R","?","R","?","?","R","BOSS","M","?","?","$","?","R","E","R","T","R","M","R","M","E","R","BOSS"],"build_version":"2018-05-10","seed_source_timestamp":56685414342334,"purchased_purges":0,"victory":true,"master_deck":["Defend_R","Defend_R","Defend_R","Defend_R","Bash","Iron Wave+1","Inflame","Cleave+1","Shockwave+1","Carnage+1","Shrug It Off+1","Demon Form+1","Cleave","Double Tap+1","Headbutt+1","Enlightenment+1","Twin Strike+1","Battle Trance+1","Pommel Strike+1","Flame Barrier+1","Bite","Bite","Bite","Bite","Bite","Limit Break+1","Anger+1","Bludgeon+1","Iron Wave+1","Secret Technique+1","Bandage Up+1","Anger+1","Heavy Blade+1","Thunderclap+1","Heavy Blade+1"],"max_hp_per_floor":[80,80,80,80,80,80,80,80,80,80,80,80,80,80,80,80,80,80,80,80,80,80,80,80,80,80,80,56,56,56,56,56,56,56,56,56,56,56,56,56,56,56,56,56,56,56,56,70,70,70],"relics":["Burning Blood","Bronze Scales","Regal Pillow","Gambling Chip","Peace Pipe","Sundial","Black Star","Lantern","Oddly Smooth Stone","Centennial Puzzle","Toxic Egg 2","War Paint","Runic Pyramid","Gremlin Horn","Torii","Charon\u0027s Ashes","Self Forming Clay","Thread and Needle","Mango"],"card_choices":[{"not_picked":["Whirlwind","Twin Strike"],"picked":"Iron Wave","floor":1},{"not_picked":["Clothesline","Pommel Strike"],"picked":"Cleave","floor":5},{"not_picked":["Iron Wave","Warcry"],"picked":"Shockwave","floor":7},{"not_picked":["Anger","Power Through"],"picked":"Carnage","floor":10},{"not_picked":["Pommel Strike","Flex"],"picked":"Shrug It Off","floor":11},{"not_picked":["Flex","Clash"],"picked":"Demon Form","floor":12},{"not_picked":["Clothesline","Flex"],"picked":"Cleave","floor":14},{"not_picked":["Dark Embrace","Berserk"],"picked":"Double Tap","floor":16},{"not_picked":["Twin Strike","Perfected Strike"],"picked":"Headbutt","floor":18},{"not_picked":["Shrug It Off","Sword Boomerang"],"picked":"Twin Strike","floor":20},{"not_picked":["True Grit","Anger"],"picked":"Battle Trance","floor":22},{"not_picked":["True Grit","Fire Breathing"],"picked":"Pommel Strike","floor":23},{"not_picked":["Sever Soul","Uppercut"],"picked":"Flame Barrier","floor":25},{"not_picked":["Burning Pact","Shrug It Off"],"picked":"Limit Break","floor":30},{"not_picked":["Reaper","Fiend Fire"],"picked":"Bludgeon","floor":33},{"not_picked":["Shrug It Off","Twin Strike"],"picked":"Iron Wave","floor":35},{"not_picked":["Good Instincts","Transmutation"],"picked":"Sadistic Nature","floor":36},{"not_picked":["Finesse","Purity"],"picked":"Secret Technique","floor":36},{"not_picked":["Flash of Steel","Dark Shackles"],"picked":"Bandage Up","floor":36},{"not_picked":["Twin Strike","Feel No Pain"],"picked":"Anger","floor":41},{"not_picked":["Blood for Blood","Armaments"],"picked":"Heavy Blade","floor":45},{"not_picked":["Hemokinesis","Second Wind"],"picked":"Thunderclap","floor":47},{"not_picked":["Carnage","True Grit"],"picked":"Heavy Blade","floor":48}],"player_experience":14706,"potions_floor_usage":[7,12,14,16,23,33,41,48,48,50],"damage_taken":[{"damage":11,"enemies":"Jaw Worm","floor":1,"turns":3},{"damage":6,"enemies":"Cultist","floor":5,"turns":3},{"damage":24,"enemies":"Lagavulin","floor":7,"turns":6},{"damage":1,"enemies":"2 Louse","floor":10,"turns":2},{"damage":7,"enemies":"Exordium Thugs","floor":11,"turns":3},{"damage":0,"enemies":"Gremlin Gang","floor":12,"turns":2},{"damage":5,"enemies":"Gremlin Nob","floor":14,"turns":3},{"damage":26,"enemies":"The Guardian","floor":16,"turns":6},{"damage":20,"enemies":"2 Thieves","floor":18,"turns":3},{"damage":13,"enemies":"Chosen","floor":20,"turns":6},{"damage":11,"enemies":"Centurion and Healer","floor":22,"turns":6},{"damage":51,"enemies":"Book of Stabbing","floor":23,"turns":5},{"damage":34,"enemies":"Gremlin Leader","floor":25,"turns":5},{"damage":3,"enemies":"Snecko","floor":30,"turns":3},{"damage":50,"enemies":"Collector","floor":33,"turns":9},{"damage":8,"enemies":"3 Shapes","floor":35,"turns":4},{"damage":57,"enemies":"2 Orb Walkers","floor":41,"turns":5},{"damage":7,"enemies":"3 Darklings","floor":45,"turns":3},{"damage":11,"enemies":"Sphere and 2 Shapes","floor":47,"turns":3},{"damage":64,"enemies":"Giant Head","floor":48,"turns":9},{"damage":51,"enemies":"Time Eater","floor":50,"turns":5}],"event_choices":[{"event_name":"Accursed Blacksmith","player_choice":"Forge","floor":2,"damage_taken":0},{"event_name":"The Cleric","player_choice":"Healed","floor":13,"damage_taken":0},{"event_name":"Vampires","player_choice":"Became a vampire","floor":28,"damage_taken":0},{"event_name":"The Library","player_choice":"Read","floor":31,"damage_taken":0},{"event_name":"SensoryStone","player_choice":"Memory 3","floor":36,"damage_taken":0},{"event_name":"Tomb of Lord Red Mask","player_choice":"Ignored","floor":37,"damage_taken":0}],"boss_relics":[{"not_picked":["Lizard Tail","Sozu"],"picked":"Black Star"},{"not_picked":["Tiny House","Runic Cube"],"picked":"Runic Pyramid"}],"potions_floor_spawned":[1,5,10,12,20,25,33,45,47,48],"seed_played":"2822952880803515489","ascension_level":0,"is_trial":false}