{"gold_per_floor":[119,132,132,144,144,171,171,171],"floor_reached":8,"playtime":266,"items_purged":[],"score":112,"play_id":"d4bbb40c-0978-49d0-aa80-b75300ab238e","local_time":"20190924141440","is_ascension_mode":true,"campfire_choices":[{"floor":7,"key":"REST"}],"neow_cost":"NONE","seed_source_timestamp":56188054335785,"circlet_count":0,"master_deck":["AscendersBane","Strike_R","Strike_R","Strike_R","Strike_R","Defend_R","Defend_R","Defend_R","Defend_R","Bash+1","Heavy Blade","Twin Strike","Sword Boomerang","Shrug It Off","Anger"],"relics":["Burning Blood","NeowsBlessing","Dream Catcher"],"potions_floor_usage":[],"damage_taken":[{"damage":0,"enemies":"Cultist","floor":1,"turns":1},{"damage":0,"enemies":"Small Slimes","floor":2,"turns":1},{"damage":0,"enemies":"2 Louse","floor":4,"turns":1},{"damage":55,"enemies":"3 Sentries","floor":6,"turns":10},{"damage":57,"enemies":"Lagavulin","floor":8,"turns":7}],"seed_played":"709181671692843534","potions_obtained":[{"floor":2,"key":"Ancient Potion"}],"is_trial":false,"path_per_floor":["M","M","?","M","?","E","R","E"],"character_chosen":"IRONCLAD","items_purchased":[],"campfire_rested":1,"item_purchase_floors":[],"current_hp_per_floor":[74,75,75,75,68,19,41,0],"gold":171,"neow_bonus":"THREE_ENEMY_KILL","is_prod":false,"is_daily":false,"chose_seed":false,"campfire_upgraded":0,"win_rate":0,"timestamp":1569327280,"path_taken":["M","?","?","M","?","E","R","E"],"build_version":"2019-09-23","purchased_purges":0,"victory":false,"max_hp_per_floor":[75,75,75,75,75,75,75,75],"card_choices":[{"not_picked":["Perfected Strike","Headbutt"],"picked":"Heavy Blade","floor":1},{"not_picked":["Wild Strike","Perfected Strike"],"picked":"Twin Strike","floor":2},{"not_picked":["Searing Blow","Twin Strike"],"picked":"Sword Boomerang","floor":4},{"not_picked":["Iron Wave","Cleave"],"picked":"Shrug It Off","floor":6},{"not_picked":["Sword Boomerang","Entrench"],"picked":"Anger","floor":7}],"player_experience":2094312,"relics_obtained":[{"floor":6,"key":"Dream Catcher"}],"event_choices":[{"damage_healed":0,"gold_gain":0,"player_choice":"Grow","damage_taken":0,"max_hp_gain":0,"max_hp_loss":0,"event_name":"Living Wall","floor":3,"gold_loss":0,"cards_upgraded":["Bash"]},{"cards_removed":["Strike_R"],"damage_healed":0,"gold_gain":0,"player_choice":"Card Removal","damage_taken":7,"max_hp_gain":0,"max_hp_loss":0,"event_name":"Golden Wing","floor":5,"gold_loss":0}],"is_beta":true,"boss_relics":[],"items_purged_floors":[],"is_endless":false,"potions_floor_spawned":[2],"killed_by":"Lagavulin","ascension_level":20}