{"gold_per_floor":[110,110,110,110,134,178,137,162,188,188,153,169,194,234,234,234],"floor_reached":16,"playtime":535,"items_purged":[],"score":250,"play_id":"e99e5e86-52f3-48ea-8158-ee0a1438da7b","local_time":"20181206182015","is_ascension_mode":true,"campfire_choices":[{"data":"Neutralize","floor":10,"key":"SMITH"},{"floor":15,"key":"REST"}],"neow_cost":"NONE","seed_source_timestamp":29421063380506,"circlet_count":0,"master_deck":["AscendersBane","Defend_G","Defend_G","Defend_G","Defend_G","Defend_G","Strike_G","Strike_G","Strike_G","Strike_G","Strike_G","Survivor","Neutralize+1","Cloak And Dagger","Footwork","Slice","Footwork","Acrobatics","Backflip","Bullet Time"],"relics":["Ring of the Snake","NeowsBlessing","Golden Idol","Lantern","Vajra","Smiling Mask","Question Card"],"potions_floor_usage":[14,16],"damage_taken":[{"damage":0,"enemies":"Jaw Worm","floor":1,"turns":1},{"damage":0,"enemies":"2 Louse","floor":5,"turns":1},{"damage":0,"enemies":"Gremlin Nob","floor":6,"turns":1},{"damage":0,"enemies":"Cultist","floor":8,"turns":4},{"damage":11,"enemies":"Red Slaver","floor":12,"turns":4},{"damage":0,"enemies":"Looter","floor":13,"turns":4},{"damage":14,"enemies":"3 Sentries","floor":14,"turns":12},{"damage":24,"enemies":"The Guardian","floor":16,"turns":12}],"seed_played":"-8849212131014004193","potions_obtained":[{"floor":1,"key":"LiquidBronze"},{"floor":6,"key":"FearPotion"},{"floor":12,"key":"EssenceOfSteel"}],"is_trial":false,"path_per_floor":["M","?","?","?","M","E","?","M","T","R","?","M","M","E","R","B"],"character_chosen":"THE_SILENT","items_purchased":[],"campfire_rested":1,"item_purchase_floors":[],"current_hp_per_floor":[59,59,14,14,14,14,14,14,14,14,29,18,18,4,22,0],"gold":234,"neow_bonus":"THREE_ENEMY_KILL","is_prod":false,"is_daily":false,"chose_seed":false,"campfire_upgraded":1,"win_rate":0,"timestamp":1544116815,"path_taken":["M","?","?","?","M","E","?","M","T","R","?","M","?","E","R","BOSS"],"build_version":"2018-12-06","purchased_purges":0,"victory":false,"max_hp_per_floor":[66,60,60,60,60,60,60,60,60,60,60,60,60,60,60,60],"card_choices":[{"not_picked":["Endless Agony","Skewer"],"picked":"Cloak And Dagger","floor":1},{"not_picked":["Cloak And Dagger","Skewer"],"picked":"Footwork","floor":5},{"not_picked":["Eviscerate","Caltrops"],"picked":"Slice","floor":6},{"not_picked":["Outmaneuver","Dagger Spray"],"picked":"Footwork","floor":8},{"not_picked":["Quick Slash","Blade Dance"],"picked":"Acrobatics","floor":12},{"not_picked":["Adrenaline","Underhanded Strike"],"picked":"Backflip","floor":13},{"not_picked":["Poisoned Stab","Bane"],"picked":"Bullet Time","floor":14}],"player_experience":966717,"relics_obtained":[{"floor":6,"key":"Vajra"},{"floor":9,"key":"Smiling Mask"},{"floor":14,"key":"Question Card"}],"event_choices":[{"damage_healed":0,"gold_gain":0,"player_choice":"Lose Max HP","damage_taken":0,"relics_obtained":["Golden Idol"],"max_hp_gain":0,"max_hp_loss":6,"event_name":"Golden Idol","floor":2,"gold_loss":0},{"damage_healed":0,"gold_gain":0,"player_choice":"Success","damage_taken":45,"relics_obtained":["Lantern"],"max_hp_gain":0,"max_hp_loss":0,"event_name":"Scrap Ooze","floor":3,"gold_loss":0},{"damage_healed":0,"gold_gain":0,"player_choice":"Ignored","damage_taken":0,"max_hp_gain":0,"max_hp_loss":0,"event_name":"Shining Light","floor":4,"gold_loss":0},{"damage_healed":0,"gold_gain":0,"player_choice":"Left Gold","damage_taken":0,"max_hp_gain":0,"max_hp_loss":0,"event_name":"World of Goop","floor":7,"gold_loss":41},{"damage_healed":15,"gold_gain":0,"player_choice":"Healed","damage_taken":0,"max_hp_gain":0,"max_hp_loss":0,"event_name":"The Cleric","floor":11,"gold_loss":35}],"is_beta":true,"boss_relics":[],"items_purged_floors":[],"is_endless":false,"potions_floor_spawned":[1,6,12],"killed_by":"The Guardian","ascension_level":17}