{"gold_per_floor":[118,38,56,69,81,110,125,140,192,192,117,117,130,130,130,256,256,270,270,192,207,226,226],"floor_reached":23,"playtime":1642,"items_purged":[],"score":263,"play_id":"675faba4-23ae-4324-a9bf-7120625773a8","local_time":"20181125141105","is_ascension_mode":true,"campfire_choices":[{"floor":10,"key":"RECALL"},{"floor":15,"key":"REST"}],"neow_cost":"NONE","seed_source_timestamp":399565666396210,"circlet_count":0,"master_deck":["Defend_G","Defend_G","Defend_G","Defend_G","Defend_G","Strike_G","Strike_G","Strike_G","Strike_G","Strike_G","Survivor","Neutralize","Cloak And Dagger","Footwork","Deadly Poison","Backstab","Leg Sweep","Adrenaline","Catalyst","Escape Plan","Malaise","Cloak And Dagger","Noxious Fumes","Catalyst"],"relics":["Eternal Feather","Ornamental Fan","Omamori","Golden Idol","WristBlade","Singing Bowl"],"potions_floor_usage":[22,22,23],"damage_taken":[{"damage":2,"enemies":"Jaw Worm","floor":1,"turns":7},{"damage":1,"enemies":"Small Slimes","floor":3,"turns":6},{"damage":0,"enemies":"Cultist","floor":4,"turns":4},{"damage":7,"enemies":"3 Louse","floor":5,"turns":4},{"damage":42,"enemies":"Lagavulin","floor":6,"turns":13},{"damage":0,"enemies":"Blue Slaver","floor":7,"turns":4},{"damage":4,"enemies":"2 Fungi Beasts","floor":8,"turns":4},{"damage":7,"enemies":"Large Slime","floor":13,"turns":12},{"damage":18,"enemies":"Hexaghost","floor":16,"turns":13},{"damage":3,"enemies":"Shell Parasite","floor":18,"turns":11},{"damage":31,"enemies":"Chosen","floor":21,"turns":7},{"damage":20,"enemies":"Centurion and Healer","floor":22,"turns":8},{"damage":10,"enemies":"Book of Stabbing","floor":23,"turns":3}],"seed_played":"3676769714416983916","potions_obtained":[{"floor":1,"key":"Regen Potion"},{"floor":3,"key":"SteroidPotion"},{"floor":5,"key":"Ancient Potion"},{"floor":16,"key":"Explosive Potion"},{"floor":22,"key":"PowerPotion"}],"is_trial":false,"path_per_floor":["M","$","M","M","M","E","M","M","T","R","$","?","M","?","R","B",null,"M","?","$","M","M","E"],"character_chosen":"THE_SILENT","items_purchased":["Footwork","Catalyst","Noxious Fumes"],"campfire_rested":1,"item_purchase_floors":[2,11,20],"current_hp_per_floor":[61,61,60,60,53,11,11,7,7,16,16,16,9,9,40,22,54,51,51,51,22,7,0],"gold":226,"neow_bonus":"BOSS_RELIC","is_prod":false,"is_daily":false,"chose_seed":false,"campfire_upgraded":0,"win_rate":0,"timestamp":1543126265,"path_taken":["M","$","M","M","M","E","M","M","T","R","$","?","M","?","R","BOSS","M","?","$","M","M","E"],"build_version":"2018-11-15","purchased_purges":0,"victory":false,"max_hp_per_floor":[70,70,70,70,70,70,70,70,70,70,70,65,65,65,65,65,65,65,65,65,67,67,67],"card_choices":[{"not_picked":["Setup","Flying Knee"],"picked":"Cloak And Dagger","floor":1},{"not_picked":["Blade Dance","Quick Slash"],"picked":"Deadly Poison","floor":3},{"not_picked":["Poisoned Stab","Distraction"],"picked":"Backstab","floor":4},{"not_picked":["Dodge and Roll","Sucker Punch"],"picked":"Leg Sweep","floor":5},{"not_picked":["Caltrops","Dash"],"picked":"Adrenaline","floor":6},{"not_picked":["Blade Dance","Heel Hook","Setup"],"picked":"SKIP","floor":7},{"not_picked":["Underhanded Strike","Masterful Stab","Heel Hook"],"picked":"SKIP","floor":8},{"not_picked":["Endless Agony","Underhanded Strike"],"picked":"Escape Plan","floor":13},{"not_picked":["Glass Knife","Night Terror"],"picked":"Malaise","floor":16},{"not_picked":["Underhanded Strike","Backflip"],"picked":"Cloak And Dagger","floor":18},{"not_picked":["Dagger Throw","Bane+1","Poisoned Stab+1"],"picked":"Singing Bowl","floor":21},{"not_picked":["Deadly Poison","Tactician+1"],"picked":"Catalyst","floor":22}],"player_experience":274163,"relics_obtained":[{"floor":6,"key":"Ornamental Fan"},{"floor":9,"key":"Omamori"},{"floor":19,"key":"Singing Bowl"}],"event_choices":[{"damage_healed":0,"gold_gain":0,"player_choice":"Lose Max HP","damage_taken":0,"relics_obtained":["Golden Idol"],"max_hp_gain":0,"max_hp_loss":5,"event_name":"Golden Idol","floor":12,"gold_loss":0},{"damage_healed":0,"gold_gain":0,"player_choice":"Ignored","damage_taken":0,"max_hp_gain":0,"max_hp_loss":0,"event_name":"Shining Light","floor":14,"gold_loss":0},{"damage_healed":0,"gold_gain":0,"player_choice":"Relic","damage_taken":0,"max_hp_gain":0,"max_hp_loss":0,"event_name":"Wheel of Change","floor":19,"gold_loss":0}],"is_beta":false,"boss_relics":[{"not_picked":["Calling Bell","Busted Crown"],"picked":"WristBlade"}],"items_purged_floors":[],"is_endless":false,"potions_floor_spawned":[1,3,5,16,21,22],"killed_by":"Book of Stabbing","ascension_level":7}