{"path_per_floor":["M","M","M","?","M","E","M","E","T","E","R","E","M","?","R","B",null,"M","?","T","$","?","E","M","M","T"],"character_chosen":"THE_SILENT","items_purchased":["Accuracy","Blade Dance","Sadistic Nature"],"gold_per_floor":[118,134,147,147,166,196,214,240,240,274,274,299,317,317,317,417,417,437,437,490,157,157,188,201,216,216,216],"floor_reached":27,"campfire_rested":1,"playtime":1837,"current_hp_per_floor":[70,70,69,69,62,53,53,53,53,45,45,44,40,22,43,18,70,70,70,70,70,70,31,23,11,11,0],"items_purged":[],"gold":216,"score":302,"play_id":"d790142c-2905-4e0e-9dfc-09d2e495b839","local_time":"20180514120521","is_prod":false,"is_daily":false,"chose_seed":false,"is_ascension_mode":true,"campfire_upgraded":1,"timestamp":1526292321,"path_taken":["M","?","M","?","M","E","M","E","T","E","R","E","M","?","R","BOSS","M","?","?","$","?","E","M","?","T","M"],"build_version":"2018-05-10","seed_source_timestamp":812072040633,"purchased_purges":0,"victory":false,"master_deck":["Defend_G","Defend_G","Defend_G","Defend_G","Defend_G","Strike_G","Strike_G","Strike_G","Strike_G","Strike_G","Survivor","Neutralize","Dagger Throw","Skewer+1","Sucker Punch","Cloak And Dagger+1","Flying Knee","Dash","Finisher","Dagger Throw","Backflip","Underhanded Strike","Burst","Infinite Blades+1","Noxious Fumes","Decay","Accuracy","Blade Dance","Sadistic Nature","Malaise","Crippling Poison+1","Slice","Injury"],"max_hp_per_floor":[70,70,70,70,70,70,70,70,70,70,70,70,70,70,70,70,70,70,70,70,70,70,70,70,70,70,70],"relics":["Sozu","Vajra","Kunai","Blue Candle","Dodecahedron","Shuriken","Bag of Marbles","Cursed Key","Tiny Chest","Regal Pillow","Frozen Egg 2","Peace Pipe"],"card_choices":[{"not_picked":["Slice","Flying Knee"],"picked":"Dagger Throw","floor":1},{"not_picked":["Malaise","Deflect"],"picked":"Skewer","floor":2},{"not_picked":["Deflect","Eviscerate"],"picked":"Sucker Punch","floor":3},{"not_picked":["Acrobatics","Flechettes"],"picked":"Cloak And Dagger","floor":5},{"not_picked":["Slice","Bane"],"picked":"Flying Knee","floor":6},{"not_picked":["PiercingWail","Caltrops"],"picked":"Dash","floor":7},{"not_picked":["Heel Hook","Bouncing Flask"],"picked":"Finisher","floor":8},{"not_picked":["Storm of Steel","Leg Sweep"],"picked":"Dagger Throw","floor":10},{"not_picked":["Flechettes","Malaise"],"picked":"Backflip","floor":12},{"not_picked":["Dodge and Roll","Cloak And Dagger"],"picked":"Underhanded Strike","floor":13},{"not_picked":["Envenom","Night Terror"],"picked":"Burst","floor":16},{"not_picked":["Dagger Throw","Flying Knee"],"picked":"Infinite Blades","floor":18},{"not_picked":["Prepared","Deflect"],"picked":"Malaise","floor":23},{"not_picked":["Caltrops","All Out Attack"],"picked":"Crippling Poison","floor":24},{"not_picked":["Catalyst","Eviscerate"],"picked":"Slice","floor":25}],"player_experience":55976,"potions_floor_usage":[],"damage_taken":[{"damage":0,"enemies":"Cultist","floor":1,"turns":4},{"damage":0,"enemies":"2 Louse","floor":2,"turns":3},{"damage":1,"enemies":"Jaw Worm","floor":3,"turns":3},{"damage":7,"enemies":"3 Louse","floor":5,"turns":3},{"damage":9,"enemies":"3 Sentries","floor":6,"turns":8},{"damage":0,"enemies":"Large Slime","floor":7,"turns":3},{"damage":0,"enemies":"Gremlin Nob","floor":8,"turns":4},{"damage":8,"enemies":"3 Sentries","floor":10,"turns":4},{"damage":1,"enemies":"Lagavulin","floor":12,"turns":4},{"damage":4,"enemies":"Gremlin Gang","floor":13,"turns":3},{"damage":25,"enemies":"The Guardian","floor":16,"turns":6},{"damage":0,"enemies":"Shell Parasite","floor":18,"turns":2},{"damage":39,"enemies":"Slavers","floor":23,"turns":5},{"damage":8,"enemies":"Chosen","floor":24,"turns":5},{"damage":12,"enemies":"Centurion and Healer","floor":25,"turns":4},{"damage":18,"enemies":"Snecko","floor":27,"turns":3}],"event_choices":[{"event_name":"Living Wall","player_choice":"Grow","floor":4,"damage_taken":0},{"event_name":"Scrap Ooze","player_choice":"success","floor":14,"damage_taken":18},{"event_name":"The Library","player_choice":"Read","floor":19,"damage_taken":0},{"event_name":"The Mausoleum","player_choice":"Yes","floor":22,"damage_taken":0}],"boss_relics":[{"not_picked":["White Beast Statue","Calling Bell"],"picked":"Cursed Key"}],"potions_floor_spawned":[5,6,10,12,16,18],"seed_played":"7767351127459129269","killed_by":"Snecko","ascension_level":1,"is_trial":false}