{"gold_per_floor":[117,42,61,75,87,119,29,29,29,29,54,54,89,104,104,204,204,222,235,253,273,293,322,322,355,355,382,382,282,197,207,207,302,302,316,670,670,670,681,681,706,722,722,722,169,189,189,139,139,139,139,139,139,169,169],"floor_reached":55,"playtime":8855,"items_purged":["Strike_R","Defend_R","Strike_R","Strike_R+1"],"score":890,"play_id":"7f5ce002-5773-4a08-85e8-afdcc8f2d6ce","local_time":"20190212135943","is_ascension_mode":true,"campfire_choices":[{"data":"Battle Trance","floor":10,"key":"SMITH"},{"data":"Warcry","floor":12,"key":"SMITH"},{"floor":15,"key":"RECALL"},{"data":"Pommel Strike","floor":24,"key":"SMITH"},{"data":"Armaments","floor":32,"key":"SMITH"},{"data":"Strike_R","floor":40,"key":"PURGE"},{"data":"Strike_R","floor":44,"key":"SMITH"},{"data":"Strike_R","floor":47,"key":"PURGE"},{"floor":49,"key":"REST"},{"data":"Madness","floor":52,"key":"SMITH"}],"neow_cost":"NONE","seed_source_timestamp":315528812421857,"circlet_count":0,"master_deck":["Defend_R","Defend_R","Defend_R","Bash","Clash","Warcry+1","Inflame","Battle Trance+1","Anger","Spot Weakness","Armaments+1","Ghostly Armor","Intimidate+1","Shrug It Off+1","Offering","Ghostly Armor","Armaments+1","Anger","Anger","Pommel Strike+1","Sever Soul","Pommel Strike","Intimidate","Seeing Red+1","Demon Form","Bloodletting","Twin Strike+1","Madness+1","Madness","True Grit+1","Warcry+1","Burning Pact+1","Body Slam+1"],"relics":["Black Blood","Orichalcum","Bottled Flame","Bottled Lightning","Gremlin Horn","Strawberry","Runic Pyramid","Bronze Scales","Peace Pipe","Bag of Preparation","Paper Frog","Enchiridion","Incense Burner","Old Coin","Smiling Mask","War Paint","Medical Kit","Vajra","Mango"],"potions_floor_usage":[23,27,27,27,36,39,50,54,55],"damage_taken":[{"damage":0,"enemies":"Small Slimes","floor":1,"turns":3},{"damage":0,"enemies":"Cultist","floor":3,"turns":3},{"damage":6,"enemies":"Jaw Worm","floor":4,"turns":2},{"damage":6,"enemies":"Exordium Wildlife","floor":5,"turns":5},{"damage":22,"enemies":"Gremlin Nob","floor":6,"turns":5},{"damage":24,"enemies":"Lagavulin","floor":11,"turns":4},{"damage":12,"enemies":"3 Sentries","floor":13,"turns":7},{"damage":0,"enemies":"3 Louse","floor":14,"turns":3},{"damage":5,"enemies":"Hexaghost","floor":16,"turns":9},{"damage":6,"enemies":"3 Byrds","floor":18,"turns":5},{"damage":6,"enemies":"Spheric Guardian","floor":19,"turns":5},{"damage":8,"enemies":"Snake Plant","floor":20,"turns":5},{"damage":6,"enemies":"Cultist and Chosen","floor":21,"turns":4},{"damage":9,"enemies":"Centurion and Healer","floor":22,"turns":6},{"damage":19,"enemies":"Slavers","floor":23,"turns":7},{"damage":6,"enemies":"Gremlin Leader","floor":25,"turns":4},{"damage":6,"enemies":"Book of Stabbing","floor":27,"turns":5},{"damage":6,"enemies":"Snake Plant","floor":31,"turns":3},{"damage":13,"enemies":"Automaton","floor":33,"turns":8},{"damage":6,"enemies":"Orb Walker","floor":35,"turns":4},{"damage":17,"enemies":"2 Orb Walkers","floor":36,"turns":5},{"damage":22,"enemies":"3 Shapes","floor":39,"turns":7},{"damage":6,"enemies":"Reptomancer","floor":41,"turns":5},{"damage":12,"enemies":"Sphere and 2 Shapes","floor":42,"turns":5},{"damage":32,"enemies":"4 Shapes","floor":46,"turns":9},{"damage":36,"enemies":"Awakened One","floor":50,"turns":8},{"damage":57,"enemies":"Shield and Spear","floor":54,"turns":7},{"damage":54,"enemies":"The Heart","floor":55,"turns":5}],"seed_played":"3031247792999167347","potions_obtained":[{"floor":1,"key":"Explosive Potion"},{"floor":3,"key":"BloodPotion"},{"floor":4,"key":"SpeedPotion"},{"floor":18,"key":"EntropicBrew"},{"floor":20,"key":"BloodPotion"},{"floor":27,"key":"SmokeBomb"},{"floor":33,"key":"AttackPotion"},{"floor":35,"key":"Energy Potion"},{"floor":41,"key":"SkillPotion"},{"floor":46,"key":"LiquidBronze"}],"is_trial":false,"path_per_floor":["M","$","M","M","M","E","$","?","T","R","E","R","E","M","R","B",null,"M","M","M","M","M","E","R","E","T","E","?","$","?","M","R","B",null,"M","?","?","?","M","R","E","M","T","R","$","M","R","$","R","B",null,"R","$","E","B"],"character_chosen":"IRONCLAD","items_purchased":["Spot Weakness","Armaments","War Paint","Medical Kit","Vajra"],"campfire_rested":1,"item_purchase_floors":[7,7,45,45,45],"current_hp_per_floor":[80,80,80,80,80,64,64,64,64,64,46,46,47,53,53,54,87,87,87,85,85,82,77,77,77,77,85,69,69,69,69,69,62,87,87,80,80,69,57,57,61,59,59,59,59,37,37,37,63,37,87,87,87,54,0],"gold":169,"neow_bonus":"RANDOM_COMMON_RELIC","is_prod":false,"is_daily":false,"chose_seed":false,"campfire_upgraded":6,"win_rate":0,"timestamp":1550008783,"path_taken":["M","$","M","M","M","E","$","?","T","R","E","R","E","M","R","BOSS","M","M","M","?","M","E","R","E","T","E","?","$","?","M","R","BOSS","M","?","?","?","M","R","E","M","T","R","$","?","R","$","R","BOSS","R","$","E","BOSS"],"build_version":"2019-01-23","purchased_purges":4,"victory":false,"max_hp_per_floor":[80,80,80,80,80,80,80,80,80,80,80,80,87,87,87,87,87,87,87,87,87,87,87,87,87,87,87,87,87,87,87,87,87,87,87,87,87,87,87,87,87,87,87,87,87,87,87,87,87,87,87,87,87,101,101],"card_choices":[{"not_picked":["Fire Breathing","Wild Strike"],"picked":"Clash","floor":1},{"not_picked":["Rage","Body Slam"],"picked":"Warcry","floor":3},{"not_picked":["Sever Soul","Anger"],"picked":"Inflame","floor":4},{"not_picked":["Ghostly Armor","Wild Strike"],"picked":"Battle Trance","floor":5},{"not_picked":["Corruption","Seeing Red"],"picked":"Anger","floor":6},{"not_picked":["Havoc","Brutality"],"picked":"Ghostly Armor","floor":11},{"not_picked":["Reckless Charge","Rupture"],"picked":"Intimidate","floor":13},{"not_picked":["Pummel","Headbutt"],"picked":"Shrug It Off","floor":14},{"not_picked":["Berserk","Immolate"],"picked":"Offering","floor":16},{"not_picked":["Disarm","Flex"],"picked":"Ghostly Armor","floor":18},{"not_picked":["Shrug It Off","Iron Wave+1"],"picked":"Armaments","floor":19},{"not_picked":["Warcry+1","Sword Boomerang+1"],"picked":"Anger","floor":20},{"not_picked":["Headbutt","Combust"],"picked":"Anger","floor":21},{"not_picked":["Cleave","Combust"],"picked":"Pommel Strike","floor":22},{"not_picked":["Power Through","Reckless Charge"],"picked":"Sever Soul","floor":23},{"not_picked":["Carnage","Pummel+1"],"picked":"Pommel Strike","floor":25},{"not_picked":["Pommel Strike","Dropkick"],"picked":"Intimidate","floor":27},{"not_picked":["Heavy Blade+1","Twin Strike"],"picked":"Seeing Red+1","floor":31},{"not_picked":["Barricade","Exhume"],"picked":"Demon Form","floor":33},{"not_picked":["Body Slam","Perfected Strike+1"],"picked":"Bloodletting","floor":35},{"not_picked":["Iron Wave","Second Wind"],"picked":"Twin Strike+1","floor":36},{"not_picked":["Clash","Sword Boomerang"],"picked":"True Grit+1","floor":39},{"not_picked":["Feed","Inflame+1","Iron Wave"],"picked":"SKIP","floor":41},{"not_picked":["Blood for Blood+1","Flex+1"],"picked":"Warcry+1","floor":42},{"not_picked":["Thunderclap+1","Iron Wave"],"picked":"Burning Pact+1","floor":46},{"not_picked":["Evolve","Flex"],"picked":"Body Slam+1","floor":54}],"player_experience":148776,"relics_obtained":[{"floor":6,"key":"Bottled Flame"},{"floor":9,"key":"Bottled Lightning"},{"floor":11,"key":"Gremlin Horn"},{"floor":13,"key":"Strawberry"},{"floor":23,"key":"Bronze Scales"},{"floor":25,"key":"Peace Pipe"},{"floor":26,"key":"Bag of Preparation"},{"floor":27,"key":"Paper Frog"},{"floor":28,"key":"Enchiridion"},{"floor":36,"key":"Old Coin"},{"floor":41,"key":"Smiling Mask"},{"floor":54,"key":"Mango"}],"event_choices":[{"damage_healed":0,"gold_gain":0,"player_choice":"Upgraded","damage_taken":0,"max_hp_gain":0,"max_hp_loss":0,"event_name":"Upgrade Shrine","floor":8,"gold_loss":0,"cards_upgraded":["Armaments"]},{"damage_healed":0,"gold_gain":0,"player_choice":"Obtained Book","damage_taken":16,"max_hp_gain":0,"max_hp_loss":0,"event_name":"Cursed Tome","floor":28,"gold_loss":0},{"damage_healed":0,"gold_gain":0,"player_choice":"Obtained Relic","damage_taken":0,"relics_obtained":["Incense Burner"],"max_hp_gain":0,"max_hp_loss":0,"event_name":"Addict","floor":30,"gold_loss":85},{"damage_healed":0,"gold_gain":0,"player_choice":"Fight","damage_taken":0,"max_hp_gain":0,"max_hp_loss":0,"event_name":"Mysterious Sphere","floor":36,"gold_loss":0},{"damage_healed":0,"gold_gain":0,"player_choice":"Ignored","damage_taken":0,"max_hp_gain":0,"max_hp_loss":0,"event_name":"Tomb of Lord Red Mask","floor":37,"gold_loss":0},{"damage_healed":0,"gold_gain":0,"player_choice":"Embrace Madness","damage_taken":11,"max_hp_gain":0,"max_hp_loss":0,"event_name":"Winding Halls","floor":38,"gold_loss":0,"cards_obtained":["Madness","Madness"]}],"is_beta":false,"boss_relics":[{"not_picked":["Sozu","Calling Bell"],"picked":"Runic Pyramid"},{"not_picked":["Runic Cube","Runic Dome"],"picked":"Black Blood"}],"items_purged_floors":[2,29,45,48],"is_endless":false,"potions_floor_spawned":[1,3,4,5,18,20,27,31,33,35,41,46],"killed_by":"The Heart","ascension_level":1}