{"gold_per_floor":[16,16,106,136,136,188,188,218,247,272,272,297,297,314,314,529,529,548,564,288,288,311,311,236,260,326,356,402,402,451,481,481,714,714,744,762,626,626,642,683,700,700,785,785,1295,1317,798,850,850,850,850,850,173,220,220],"floor_reached":56,"playtime":1275,"items_purged":["Strike_R+1","Strike_R+1","Strike_R+1","Dark Embrace"],"score":425,"play_id":"cfab0a98-e232-487c-a260-d3864ab9ca2f","local_time":"20190221150300","is_ascension_mode":true,"campfire_choices":[{"floor":7,"key":"RECALL"},{"data":"Inflame","floor":13,"key":"SMITH"},{"data":"Heavy Blade","floor":15,"key":"SMITH"},{"data":"Limit Break","floor":23,"key":"SMITH"},{"data":"Corruption","floor":29,"key":"SMITH"},{"data":"Inflame","floor":42,"key":"SMITH"},{"data":"Spot Weakness","floor":44,"key":"SMITH"},{"data":"Burning Pact","floor":49,"key":"SMITH"},{"data":"Feel No Pain","floor":52,"key":"SMITH"}],"neow_cost":"NO_GOLD","seed_source_timestamp":18930684619366,"circlet_count":0,"master_deck":["Defend_R+1","Defend_R+1","Defend_R+1","Defend_R+1","Bash+1","Twin Strike+1","Whirlwind+1","Shrug It Off+1","Inflame+1","Heavy Blade+1","Heavy Blade+1","Limit Break+1","Twin Strike+1","Corruption+1","Shrug It Off+1","Headbutt+1","Burning Pact+1","Inflame+1","Spot Weakness+1","Burning Pact+1","Armaments+1","Feel No Pain+1","Limit Break+1"],"relics":["Burning Blood","Orichalcum","Golden Idol","Anchor","Centennial Puzzle","Bag of Marbles","Letter Opener","Nunchaku","Dead Branch","Coffee Dripper","Prayer Wheel","Incense Burner","Oddly Smooth Stone","Vajra","PreservedInsect","Art of War","FossilizedHelix","Runic Pyramid","Ancient Tea Set","Ginger","Old Coin","Bag of Preparation","Dream Catcher","Chemical X","Bottled Flame","Mango","Kunai","DollysMirror","Shuriken"],"potions_floor_usage":[],"damage_taken":[{"damage":0,"enemies":"Small Slimes","floor":1,"turns":3},{"damage":0,"enemies":"Jaw Worm","floor":4,"turns":2},{"damage":0,"enemies":"3 Sentries","floor":6,"turns":5},{"damage":0,"enemies":"2 Louse","floor":8,"turns":2},{"damage":0,"enemies":"Blue Slaver","floor":10,"turns":1},{"damage":0,"enemies":"2 Fungi Beasts","floor":12,"turns":1},{"damage":0,"enemies":"Lots of Slimes","floor":14,"turns":1},{"damage":27,"enemies":"Hexaghost","floor":16,"turns":6},{"damage":0,"enemies":"Spheric Guardian","floor":18,"turns":2},{"damage":0,"enemies":"Shell Parasite","floor":19,"turns":2},{"damage":0,"enemies":"Snecko","floor":22,"turns":2},{"damage":0,"enemies":"Cultist and Chosen","floor":25,"turns":2},{"damage":1,"enemies":"3 Cultists","floor":27,"turns":3},{"damage":0,"enemies":"Slavers","floor":28,"turns":2},{"damage":0,"enemies":"Gremlin Leader","floor":30,"turns":2},{"damage":0,"enemies":"Snake Plant","floor":31,"turns":1},{"damage":0,"enemies":"Collector","floor":33,"turns":4},{"damage":0,"enemies":"3 Darklings","floor":35,"turns":1},{"damage":0,"enemies":"Orb Walker","floor":36,"turns":2},{"damage":0,"enemies":"Spire Growth","floor":39,"turns":3},{"damage":0,"enemies":"Reptomancer","floor":40,"turns":2},{"damage":0,"enemies":"4 Shapes","floor":41,"turns":4},{"damage":0,"enemies":"Mind Bloom Boss Battle","floor":45,"turns":2},{"damage":0,"enemies":"Transient","floor":46,"turns":4},{"damage":0,"enemies":"Giant Head","floor":48,"turns":3},{"damage":0,"enemies":"Awakened One","floor":50,"turns":3},{"damage":0,"enemies":"Shield and Spear","floor":54,"turns":2},{"damage":31,"enemies":"The Heart","floor":55,"turns":4}],"seed_played":"8360131962811336540","potions_obtained":[{"floor":1,"key":"SkillPotion"},{"floor":1,"key":"AttackPotion"},{"floor":4,"key":"Block Potion"}],"is_trial":false,"path_per_floor":["M","?","?","M","?","E","R","M","T","M","T","M","R","M","R","B",null,"M","M","$","?","M","R","?","M","T","M","E","R","E","M","R","B",null,"M","M","$","?","M","E","M","R","T","R","?","M","$","E","R","B",null,"R","$","E","B",null],"character_chosen":"IRONCLAD","items_purchased":["Prayer Wheel","Spot Weakness","Bag of Preparation","Dream Catcher","Chemical X","Feel No Pain","Mango","Kunai","DollysMirror"],"campfire_rested":0,"item_purchase_floors":[20,37,47,47,47,47,53,53,53],"current_hp_per_floor":[101,76,65,73,73,81,81,89,89,97,97,101,101,101,101,89,106,106,106,106,106,106,106,106,106,106,106,106,106,106,106,106,111,111,111,111,111,111,111,111,111,111,111,111,111,111,111,111,111,116,116,116,130,130,114],"gold":220,"neow_bonus":"TWENTY_PERCENT_HP_BONUS","is_prod":false,"is_daily":false,"chose_seed":false,"campfire_upgraded":8,"win_rate":0,"timestamp":1550757780,"path_taken":["M","?","?","M","?","E","R","M","T","M","?","M","R","M","R","BOSS","M","M","$","?","M","R","?","M","T","M","E","R","E","M","R","BOSS","M","M","$","?","M","E","?","R","T","R","?","M","$","E","R","BOSS","R","$","E","BOSS"],"build_version":"2019-01-23","purchased_purges":4,"victory":true,"max_hp_per_floor":[101,101,101,101,101,101,101,101,101,101,101,101,101,101,101,106,106,106,106,106,106,106,106,106,106,106,106,106,106,106,106,106,111,111,111,111,111,111,111,111,111,111,111,111,111,111,111,111,111,116,116,116,130,130,135],"card_choices":[{"not_picked":["Blood for Blood","Dual Wield"],"picked":"Twin Strike+1","floor":1},{"not_picked":["Wild Strike","Feel No Pain","Sever Soul"],"picked":"SKIP","floor":4},{"not_picked":["Pommel Strike","Iron Wave+1"],"picked":"Whirlwind+1","floor":6},{"not_picked":["Exhume","Havoc"],"picked":"Shrug It Off+1","floor":6},{"not_picked":["True Grit","Clothesline"],"picked":"Inflame","floor":8},{"not_picked":["Seeing Red+1","Blood for Blood+1"],"picked":"Heavy Blade","floor":10},{"not_picked":["Whirlwind+1","Dropkick","Flex"],"picked":"SKIP","floor":12},{"not_picked":["Havoc","Power Through+1"],"picked":"Heavy Blade+1","floor":14},{"not_picked":["Exhume","Juggernaut"],"picked":"Limit Break","floor":16},{"not_picked":["Clothesline","Anger"],"picked":"Twin Strike+1","floor":18},{"not_picked":["Havoc","Wild Strike+1"],"picked":"Corruption","floor":19},{"not_picked":["Blood for Blood","Flame Barrier"],"picked":"Shrug It Off+1","floor":22},{"not_picked":["Searing Blow","Flex","Pommel Strike"],"picked":"SKIP","floor":22},{"not_picked":["Rupture","Perfected Strike"],"picked":"Headbutt+1","floor":25},{"not_picked":["Pommel Strike+1","Perfected Strike+1","Cleave"],"picked":"SKIP","floor":25},{"not_picked":["Headbutt","Seeing Red+1"],"picked":"Burning Pact+1","floor":27},{"not_picked":["Pommel Strike+1","Perfected Strike+1","Uppercut"],"picked":"SKIP","floor":27},{"not_picked":["Clash+1","Berserk","Shrug It Off"],"picked":"SKIP","floor":28},{"not_picked":["Barricade","Carnage+1","Thunderclap"],"picked":"SKIP","floor":28},{"not_picked":["Perfected Strike+1","Metallicize","Sword Boomerang"],"picked":"SKIP","floor":30},{"not_picked":["Perfected Strike+1","Flame Barrier+1","Demon Form"],"picked":"SKIP","floor":30},{"not_picked":["Anger+1","Cleave+1","Perfected Strike"],"picked":"SKIP","floor":31},{"not_picked":["Seeing Red","Uppercut+1","Anger+1"],"picked":"SKIP","floor":31},{"not_picked":["Exhume","Barricade"],"picked":"Dark Embrace","floor":33},{"not_picked":["Perfected Strike+1","Shrug It Off+1"],"picked":"Inflame","floor":35},{"not_picked":["Corruption+1","Clash","Burning Pact+1"],"picked":"SKIP","floor":35},{"not_picked":["Sever Soul+1","Warcry+1","Intimidate+1"],"picked":"SKIP","floor":36},{"not_picked":["Clothesline+1","Warcry+1","Havoc"],"picked":"SKIP","floor":36},{"not_picked":["Flex+1","Twin Strike+1","Iron Wave+1"],"picked":"SKIP","floor":39},{"not_picked":["Second Wind","Body Slam+1","Battle Trance+1"],"picked":"SKIP","floor":39},{"not_picked":["Seeing Red+1","Barricade","Rage+1"],"picked":"SKIP","floor":40},{"not_picked":["Flex","Carnage+1","Evolve+1"],"picked":"SKIP","floor":40},{"not_picked":["Havoc+1","Ghostly Armor+1"],"picked":"Armaments+1","floor":41},{"not_picked":["Anger+1","Clothesline","Headbutt"],"picked":"SKIP","floor":41},{"not_picked":["Offering","Reckless Charge+1","Burning Pact+1"],"picked":"SKIP","floor":46},{"not_picked":["Wild Strike+1","Shrug It Off+1","Burning Pact"],"picked":"SKIP","floor":46},{"not_picked":["Perfected Strike+1","Anger+1","Wild Strike+1"],"picked":"SKIP","floor":48},{"not_picked":["Infernal Blade","Impervious","Reckless Charge+1"],"picked":"SKIP","floor":48},{"not_picked":["Thunderclap+1","Reckless Charge+1","Twin Strike+1"],"picked":"SKIP","floor":54},{"not_picked":["Armaments","Feel No Pain","Clash"],"picked":"SKIP","floor":54}],"player_experience":1324121,"relics_obtained":[{"floor":1,"key":"Orichalcum"},{"floor":6,"key":"Anchor"},{"floor":9,"key":"Centennial Puzzle"},{"floor":9,"key":"Bag of Marbles"},{"floor":11,"key":"Letter Opener"},{"floor":11,"key":"Nunchaku"},{"floor":16,"key":"Dead Branch"},{"floor":26,"key":"Incense Burner"},{"floor":26,"key":"Oddly Smooth Stone"},{"floor":27,"key":"Vajra"},{"floor":28,"key":"PreservedInsect"},{"floor":30,"key":"Art of War"},{"floor":33,"key":"FossilizedHelix"},{"floor":40,"key":"Ancient Tea Set"},{"floor":43,"key":"Ginger"},{"floor":45,"key":"Old Coin"},{"floor":48,"key":"Bottled Flame"},{"floor":54,"key":"Shuriken"}],"event_choices":[{"damage_healed":0,"gold_gain":0,"player_choice":"Take Damage","damage_taken":25,"relics_obtained":["Golden Idol"],"max_hp_gain":0,"max_hp_loss":0,"event_name":"Golden Idol","floor":2,"gold_loss":0},{"damage_healed":0,"gold_gain":75,"player_choice":"Gather Gold","damage_taken":11,"max_hp_gain":0,"max_hp_loss":0,"event_name":"World of Goop","floor":3,"gold_loss":0},{"cards_removed":["Strike_R"],"damage_healed":0,"gold_gain":0,"player_choice":"Forget","damage_taken":0,"max_hp_gain":0,"max_hp_loss":0,"event_name":"Living Wall","floor":5,"gold_loss":0},{"damage_healed":0,"gold_gain":0,"player_choice":"Ignored","damage_taken":0,"max_hp_gain":0,"max_hp_loss":0,"event_name":"Vampires","floor":21,"gold_loss":0},{"cards_removed":["Strike_R"],"damage_healed":0,"gold_gain":0,"player_choice":"Gave Gold","damage_taken":0,"max_hp_gain":0,"max_hp_loss":0,"event_name":"Beggar","floor":24,"gold_loss":75},{"damage_healed":0,"gold_gain":0,"player_choice":"1 cards matched","damage_taken":0,"max_hp_gain":0,"max_hp_loss":0,"event_name":"Match and Keep!","floor":38,"gold_loss":0,"cards_obtained":["Burning Pact"]},{"damage_healed":0,"gold_gain":0,"player_choice":"Fight","damage_taken":0,"max_hp_gain":0,"max_hp_loss":0,"event_name":"MindBloom","floor":45,"gold_loss":0}],"is_beta":false,"boss_relics":[{"not_picked":["Mark of Pain","Eternal Feather"],"picked":"Coffee Dripper"},{"not_picked":["Astrolabe","Calling Bell"],"picked":"Runic Pyramid"}],"items_purged_floors":[20,37,47,53],"is_endless":false,"potions_floor_spawned":[1,8,10,18,31,33,36,41],"ascension_level":-20}