{"gold_per_floor":[112,112,11,27,44,44,9,20,20,20,20,20,46,94,94,171,171,160,178,178,178,191,191,191,191,191,224,224],"floor_reached":28,"playtime":1162,"items_purged":[],"score":410,"play_id":"24f1cc44-b4b6-43d3-b4b7-b9a9c454922d","local_time":"20181122194911","is_ascension_mode":true,"campfire_choices":[{"data":"Neutralize","floor":6.0,"key":"SMITH"},{"data":"Crippling Poison","floor":10.0,"key":"SMITH"},{"data":"Dodge and Roll","floor":12.0,"key":"SMITH"},{"data":"PiercingWail","floor":15.0,"key":"SMITH"},{"floor":23.0,"key":"REST"}],"neow_cost":"NONE","seed_source_timestamp":0,"circlet_count":0,"master_deck":["AscendersBane","Defend_G","Defend_G","Defend_G","Defend_G","Defend_G","Strike_G","Strike_G","Strike_G","Strike_G","Strike_G+1","Survivor+1","Neutralize+1","Dagger Spray","Well Laid Plans","Slice","Dodge and Roll+1","Backflip","Crippling Poison+1","PiercingWail+1","Burst","Flechettes","Riddle With Holes","Crippling Poison","Quick Slash+1"],"special_seed":0,"relics":["Ring of the Snake","Omamori","StoneCalendar","Pocketwatch","Boot","Snecko Eye","Necronomicon","Molten Egg 2","Bottled Flame"],"potions_floor_usage":[],"damage_taken":[{"damage":0.0,"enemies":"Small Slimes","floor":1.0,"turns":5.0},{"damage":7.0,"enemies":"Jaw Worm","floor":4.0,"turns":4.0},{"damage":0.0,"enemies":"2 Louse","floor":5.0,"turns":2.0},{"damage":0.0,"enemies":"Blue Slaver","floor":8.0,"turns":4.0},{"damage":2.0,"enemies":"3 Sentries","floor":13.0,"turns":7.0},{"damage":18.0,"enemies":"Hexaghost","floor":16.0,"turns":15.0},{"damage":11.0,"enemies":"2 Thieves","floor":18.0,"turns":4.0},{"damage":0.0,"enemies":"3 Byrds","floor":19.0,"turns":3.0},{"damage":13.0,"enemies":"Centurion and Healer","floor":22.0,"turns":5.0},{"damage":28.0,"enemies":"Book of Stabbing","floor":27.0,"turns":6.0},{"damage":7,"enemies":"Snake Plant","floor":28,"turns":1}],"seed_played":"8148920279353185672","potions_obtained":[{"floor":5.0,"key":"Dexterity Potion"},{"floor":13.0,"key":"Weak Potion"}],"is_trial":false,"path_per_floor":["M","?","$","M","M","R","?","M","T","R","$","R","E","T","R","B",null,"M","M","?","?","M","R","?","?","T","E","M"],"character_chosen":"THE_SILENT","items_purchased":["Well Laid Plans","Slice"],"campfire_rested":1,"item_purchase_floors":[3,3],"current_hp_per_floor":[59,39,39,32,32,32,48,48,48,48,48,48,46,46,46,28,57,46,46,46,25,12,31,31,31,31,3,0],"gold":224,"neow_bonus":"RANDOM_COMMON_RELIC","is_prod":false,"is_daily":false,"chose_seed":false,"campfire_upgraded":4,"win_rate":0,"timestamp":1542912551,"path_taken":["M","?","?","M","M","R","?","M","T","R","$","R","E","?","R","BOSS","M","M","?","?","?","R","?","?","T","E","?"],"build_version":"2018-11-15","purchased_purges":0,"victory":false,"max_hp_per_floor":[66,66,66,66,66,66,66,66,66,66,66,66,66,66,66,66,66,66,66,66,66,66,66,66,66,66,66,66],"card_choices":[{"not_picked":["Cloak And Dagger","PiercingWail"],"picked":"Dagger Spray","floor":1.0},{"not_picked":["PiercingWail","Flying Knee"],"picked":"Dodge and Roll","floor":4.0},{"not_picked":["Unload","Flying Knee"],"picked":"Backflip","floor":5.0},{"not_picked":["Dagger Spray","Bane"],"picked":"Crippling Poison","floor":8.0},{"not_picked":["Riddle With Holes","Skewer"],"picked":"PiercingWail","floor":13.0},{"not_picked":["Tools of the Trade","Wraith Form v2"],"picked":"Burst","floor":16.0},{"not_picked":["Skewer","Cloak And Dagger"],"picked":"Flechettes","floor":18.0},{"not_picked":["Terror","Prepared","Sucker Punch"],"picked":"SKIP","floor":19.0},{"not_picked":["Escape Plan","Calculated Gamble"],"picked":"Crippling Poison","floor":22.0},{"not_picked":["Slice+1","All Out Attack+1"],"picked":"Quick Slash+1","floor":27.0}],"player_experience":865258,"relics_obtained":[{"floor":9.0,"key":"StoneCalendar"},{"floor":13.0,"key":"Pocketwatch"},{"floor":14.0,"key":"Boot"},{"floor":21.0,"key":"Necronomicon"},{"floor":26.0,"key":"Molten Egg 2"},{"floor":27.0,"key":"Bottled Flame"}],"event_choices":[{"damage_healed":0.0,"max_hp_gain":0.0,"max_hp_loss":0.0,"gold_gain":0.0,"event_name":"Shining Light","player_choice":"Entered Light","floor":2.0,"gold_loss":0.0,"damage_taken":20.0,"cards_upgraded":["Strike_G","Survivor"]},{"damage_healed":16.0,"max_hp_gain":0.0,"max_hp_loss":0.0,"gold_gain":0.0,"event_name":"The Cleric","player_choice":"Healed","floor":7.0,"gold_loss":35.0,"damage_taken":0.0},{"damage_healed":0.0,"max_hp_gain":0.0,"max_hp_loss":0.0,"gold_gain":0.0,"event_name":"The Library","player_choice":"Read","floor":20.0,"gold_loss":0.0,"damage_taken":0.0,"cards_obtained":["Riddle With Holes"]},{"damage_healed":0.0,"max_hp_gain":0.0,"max_hp_loss":0.0,"gold_gain":0.0,"event_name":"Cursed Tome","player_choice":"Obtained Book","floor":21.0,"gold_loss":0.0,"damage_taken":21.0},{"damage_healed":0.0,"max_hp_gain":0.0,"max_hp_loss":0.0,"gold_gain":0.0,"event_name":"Ghosts","player_choice":"Ignored","floor":24.0,"gold_loss":0.0,"damage_taken":0.0},{"damage_healed":0.0,"max_hp_gain":0.0,"max_hp_loss":0.0,"gold_gain":0.0,"event_name":"Forgotten Altar","player_choice":"Smashed Altar","floor":25.0,"gold_loss":0.0,"damage_taken":0.0,"cards_obtained":["Decay"]}],"is_beta":true,"boss_relics":[{"not_picked":["Lizard Tail","Coffee Dripper"],"picked":"Snecko Eye"}],"items_purged_floors":[],"is_endless":false,"potions_floor_spawned":[5,13,18],"killed_by":"Snake Plant","ascension_level":15}