{"gold_per_floor":[117,117,133,58,58,89,89,89,89,153,153,194,260,114,114,203,203,103,116,36,50,150,166,166,166],"floor_reached":25,"playtime":1209,"items_purged":["Strike_B","Regret"],"score":468,"play_id":"72bbbcce-2e9c-41c1-8671-5e35566808bd","local_time":"20190103000010","is_ascension_mode":true,"campfire_choices":[{"data":"Loop","floor":8,"key":"SMITH"},{"data":"Coolheaded","floor":11,"key":"SMITH"},{"data":"Defragment","floor":15,"key":"SMITH"},{"floor":24,"key":"REST"}],"neow_cost":"NONE","seed_source_timestamp":46263503823635,"circlet_count":0,"master_deck":["AscendersBane","Strike_B","Strike_B","Strike_B","Defend_B","Defend_B","Defend_B","Defend_B","Zap","Dualcast","Ball Lightning","Loop+1","Capacitor","Glacier","Coolheaded+1","Defragment+1","Genetic Algorithm","Hello World","Heatsinks","Seek","Clumsy","Decay","Sweeping Beam+1","Storm","Steam+1"],"relics":["Cracked Core","NeowsBlessing","Golden Idol","Oddly Smooth Stone","SsserpentHead","The Courier","Dream Catcher","Calling Bell","DataDisk","Pantograph","Incense Burner"],"potions_floor_usage":[18,25,25],"damage_taken":[{"damage":0,"enemies":"Cultist","floor":1,"turns":1},{"damage":0,"enemies":"Jaw Worm","floor":3,"turns":1},{"damage":0,"enemies":"3 Sentries","floor":6,"turns":1},{"damage":8,"enemies":"Small Slimes","floor":10,"turns":3},{"damage":10,"enemies":"Lagavulin","floor":12,"turns":9},{"damage":23,"enemies":"Exordium Thugs","floor":13,"turns":6},{"damage":2,"enemies":"Hexaghost","floor":16,"turns":11},{"damage":7,"enemies":"2 Thieves","floor":18,"turns":5},{"damage":5,"enemies":"Chosen","floor":19,"turns":6},{"damage":21,"enemies":"Snake Plant","floor":21,"turns":5},{"damage":18,"enemies":"Centurion and Healer","floor":23,"turns":10},{"damage":62,"enemies":"Gremlin Leader","floor":25,"turns":3}],"seed_played":"-4752403824182606173","potions_obtained":[{"floor":10,"key":"SteroidPotion"},{"floor":12,"key":"Regen Potion"},{"floor":13,"key":"Energy Potion"},{"floor":21,"key":"Poison Potion"}],"is_trial":false,"path_per_floor":["M","?","M","$","?","E","?","R","T","M","R","E","M","$","R","B",null,"M","M","$","M","?","M","R","E"],"character_chosen":"DEFECT","items_purchased":["Capacitor","Hello World","Heatsinks"],"campfire_rested":1,"item_purchase_floors":[4,14,14],"current_hp_per_floor":[64,64,64,64,64,64,64,64,64,56,56,46,23,23,23,21,53,46,41,41,20,20,2,21,0],"gold":166,"neow_bonus":"THREE_ENEMY_KILL","is_prod":false,"is_daily":false,"chose_seed":false,"campfire_upgraded":3,"win_rate":0,"timestamp":1546470010,"path_taken":["M","?","M","$","?","E","?","R","T","?","R","E","?","?","R","BOSS","M","M","$","M","?","M","R","E"],"build_version":"2018-12-20","purchased_purges":2,"victory":false,"max_hp_per_floor":[71,64,64,64,64,64,64,64,64,64,64,64,64,64,64,64,64,64,64,64,64,64,64,64,64],"card_choices":[{"not_picked":["Redo","Loop"],"picked":"Ball Lightning","floor":1},{"not_picked":["Heatsinks","Rebound"],"picked":"Loop","floor":3},{"not_picked":["Tempest","Barrage"],"picked":"Glacier","floor":6},{"not_picked":["Tempest","Hologram"],"picked":"Coolheaded","floor":10},{"not_picked":["Storm","Cold Snap"],"picked":"Defragment","floor":12},{"not_picked":["Gash","Lockon"],"picked":"Genetic Algorithm","floor":13},{"not_picked":["Thunder Strike","Meteor Strike"],"picked":"Seek","floor":16},{"not_picked":["Leap","Double Energy"],"picked":"Sweeping Beam+1","floor":18},{"not_picked":["Stack","Compile Driver","Barrage"],"picked":"SKIP","floor":19},{"not_picked":["Double Energy","Aggregate","Go for the Eyes"],"picked":"SKIP","floor":21},{"not_picked":["Redo","Streamline"],"picked":"Storm","floor":23},{"not_picked":["Redo","Go for the Eyes"],"picked":"Steam+1","floor":24}],"player_experience":1081587,"relics_obtained":[{"floor":6,"key":"Oddly Smooth Stone"},{"floor":9,"key":"The Courier"},{"floor":12,"key":"Dream Catcher"},{"floor":17,"key":"DataDisk"},{"floor":17,"key":"Pantograph"},{"floor":17,"key":"Incense Burner"}],"event_choices":[{"damage_healed":0,"gold_gain":0,"player_choice":"Lose Max HP","damage_taken":0,"relics_obtained":["Golden Idol"],"max_hp_gain":0,"max_hp_loss":7,"event_name":"Golden Idol","floor":2,"gold_loss":0},{"damage_healed":0,"gold_gain":0,"player_choice":"Leave","damage_taken":0,"max_hp_gain":0,"max_hp_loss":0,"event_name":"The Cleric","floor":5,"gold_loss":0},{"damage_healed":0,"gold_gain":0,"player_choice":"Trade","damage_taken":0,"relics_obtained":["SsserpentHead"],"max_hp_gain":0,"max_hp_loss":0,"event_name":"FaceTrader","floor":7,"gold_loss":0},{"damage_healed":0,"gold_gain":50,"player_choice":"Stole From Cult","damage_taken":0,"max_hp_gain":0,"max_hp_loss":0,"event_name":"Nest","floor":22,"gold_loss":0}],"is_beta":false,"boss_relics":[{"not_picked":["Coffee Dripper","Runic Pyramid"],"picked":"Calling Bell"}],"items_purged_floors":[14,20],"is_endless":false,"potions_floor_spawned":[10,12,13,21],"killed_by":"Gremlin Leader","ascension_level":20}