{"gold_per_floor":[217,65,79,91,91,121,141,166,215,215,241,241,255,275,275,372,372,384,394,309,309,319,319,353,353,422,449,464,489,489,514,514,514],"floor_reached":33,"playtime":7190,"items_purged":[],"score":431,"play_id":"d653519f-250a-4971-b6b5-391c9c9a6b7d","local_time":"20190326122630","is_ascension_mode":true,"campfire_choices":[{"floor":10,"key":"REST"},{"floor":12,"key":"REST"},{"data":"Entrench","floor":15,"key":"SMITH"},{"data":"Pommel Strike","floor":23,"key":"SMITH"},{"floor":25,"key":"REST"},{"floor":32,"key":"REST"}],"neow_cost":"NONE","seed_source_timestamp":84473616307223,"circlet_count":0,"master_deck":["Strike_R+1","Strike_R+1","Strike_R+1","Strike_R+1","Defend_R+1","Defend_R+1","Defend_R+1","Defend_R+1","Bash","Flex","Pummel","Entrench+1","Inflame","Rampage","Inflame","Infernal Blade","Flame Barrier","Juggernaut","Feed","Pommel Strike+1","Spot Weakness+1","Disarm","Double Tap","Doubt","Pummel+1","Metallicize","Disarm+1","Writhe"],"relics":["Burning Blood","Ginger","Kunai","Anchor","Vajra","Cursed Key","Pear","MutagenicStrength","Juzu Bracelet","Question Card","Thread and Needle","Magic Flower","Bronze Scales"],"potions_floor_usage":[8,19,24,24,27,33],"damage_taken":[{"damage":2,"enemies":"Jaw Worm","floor":1,"turns":3},{"damage":0,"enemies":"Small Slimes","floor":3,"turns":3},{"damage":13,"enemies":"2 Louse","floor":4,"turns":2},{"damage":29,"enemies":"Gremlin Nob","floor":6,"turns":4},{"damage":11,"enemies":"Looter","floor":7,"turns":2},{"damage":32,"enemies":"Lagavulin","floor":8,"turns":8},{"damage":32,"enemies":"Gremlin Nob","floor":11,"turns":4},{"damage":0,"enemies":"Large Slime","floor":13,"turns":4},{"damage":2,"enemies":"3 Louse","floor":14,"turns":3},{"damage":26,"enemies":"The Guardian","floor":16,"turns":12},{"damage":0,"enemies":"Spheric Guardian","floor":18,"turns":3},{"damage":27,"enemies":"3 Byrds","floor":19,"turns":3},{"damage":27,"enemies":"Cultist and Chosen","floor":22,"turns":5},{"damage":29,"enemies":"Book of Stabbing","floor":24,"turns":4},{"damage":23,"enemies":"Gremlin Leader","floor":27,"turns":8},{"damage":4,"enemies":"Centurion and Healer","floor":28,"turns":3},{"damage":25,"enemies":"Slavers","floor":29,"turns":6},{"damage":72,"enemies":"Automaton","floor":33,"turns":6}],"seed_played":"-6237887065042591709","potions_obtained":[{"floor":4,"key":"SmokeBomb"},{"floor":7,"key":"BloodPotion"},{"floor":11,"key":"Explosive Potion"},{"floor":14,"key":"FearPotion"},{"floor":22,"key":"Strength Potion"},{"floor":24,"key":"Weak Potion"},{"floor":28,"key":"FearPotion"}],"is_trial":false,"path_per_floor":["M","$","M","M","?","E","M","E","T","R","E","R","M","M","R","B",null,"M","M","?","?","M","R","E","R","T","E","M","E","?","T","R","B"],"character_chosen":"IRONCLAD","items_purchased":["Pummel","Entrench"],"campfire_rested":4,"item_purchase_floors":[2,2],"current_hp_per_floor":[80,80,80,73,66,43,38,20,20,44,18,42,48,52,52,32,68,74,53,63,63,45,45,22,49,49,32,34,18,18,18,46,0],"gold":514,"neow_bonus":"HUNDRED_GOLD","is_prod":false,"is_daily":false,"chose_seed":false,"campfire_upgraded":2,"win_rate":0,"timestamp":1553628390,"path_taken":["M","$","M","M","?","E","M","E","T","R","E","R","M","M","R","BOSS","M","M","?","?","M","R","E","R","T","E","M","E","?","?","R","BOSS"],"build_version":"2019-01-23","purchased_purges":0,"victory":false,"max_hp_per_floor":[80,80,80,80,80,80,80,80,80,80,80,80,80,80,80,80,80,80,80,90,90,93,93,93,93,93,93,93,96,96,96,96,96],"card_choices":[{"not_picked":["Havoc","Iron Wave"],"picked":"Flex","floor":1},{"not_picked":["Pommel Strike","Fire Breathing"],"picked":"Inflame","floor":3},{"not_picked":["True Grit","Burning Pact"],"picked":"Rampage","floor":4},{"not_picked":["Entrench","Uppercut"],"picked":"Inflame","floor":6},{"not_picked":["Headbutt","Power Through","Burning Pact"],"picked":"SKIP","floor":7},{"not_picked":["Body Slam","Warcry"],"picked":"Infernal Blade","floor":8},{"not_picked":["Whirlwind","Twin Strike"],"picked":"Flame Barrier","floor":11},{"not_picked":["Whirlwind","Pommel Strike"],"picked":"Juggernaut","floor":13},{"not_picked":["Clash","Twin Strike","Flex"],"picked":"SKIP","floor":14},{"not_picked":["Immolate","Fiend Fire"],"picked":"Feed","floor":16},{"not_picked":["Perfected Strike+1","Twin Strike"],"picked":"Pommel Strike","floor":18},{"not_picked":["Whirlwind","Perfected Strike+1"],"picked":"Spot Weakness+1","floor":19},{"not_picked":["Twin Strike","Body Slam+1"],"picked":"Disarm","floor":22},{"not_picked":["Whirlwind","Warcry"],"picked":"Double Tap","floor":24},{"not_picked":["Sword Boomerang","Entrench","Flex+1"],"picked":"Pummel+1","floor":27},{"not_picked":["True Grit+1","Uppercut","Flex"],"picked":"Metallicize","floor":28},{"not_picked":["Second Wind","Clothesline","True Grit"],"picked":"Disarm+1","floor":29}],"player_experience":433376,"relics_obtained":[{"floor":6,"key":"Ginger"},{"floor":8,"key":"Kunai"},{"floor":9,"key":"Anchor"},{"floor":11,"key":"Vajra"},{"floor":24,"key":"Juzu Bracelet"},{"floor":26,"key":"Question Card"},{"floor":27,"key":"Thread and Needle"},{"floor":29,"key":"Magic Flower"},{"floor":31,"key":"Bronze Scales"}],"event_choices":[{"cards_removed":["Strike_R"],"damage_healed":0,"gold_gain":0,"player_choice":"Card Removal","damage_taken":7,"max_hp_gain":0,"max_hp_loss":0,"event_name":"Golden Wing","floor":5,"gold_loss":0},{"damage_healed":0,"gold_gain":0,"player_choice":"Obtained Relic","damage_taken":0,"relics_obtained":["Pear"],"max_hp_gain":0,"max_hp_loss":0,"event_name":"Addict","floor":20,"gold_loss":85},{"damage_healed":0,"gold_gain":0,"player_choice":"Inject Mutagens","damage_taken":0,"relics_obtained":["MutagenicStrength"],"max_hp_gain":0,"max_hp_loss":0,"event_name":"Drug Dealer","floor":21,"gold_loss":0},{"damage_healed":0,"gold_gain":0,"player_choice":"Simplicity","damage_taken":0,"max_hp_gain":0,"max_hp_loss":0,"event_name":"Back to Basics","floor":30,"gold_loss":0,"cards_upgraded":["Strike_R","Strike_R","Strike_R","Strike_R","Defend_R","Defend_R","Defend_R","Defend_R"]}],"is_beta":false,"boss_relics":[{"not_picked":["Pandora\u0027s Box","Mark of Pain"],"picked":"Cursed Key"}],"items_purged_floors":[],"is_endless":false,"potions_floor_spawned":[4,7,11,14,22,24,28],"killed_by":"Automaton","ascension_level":5}