{"path_per_floor":["M","M","?","M","M","R","E","R","T","?","R","E","M","E","R","B",null,"M","?","M","$","?","R","E","R","T","M"],"character_chosen":"THE_SILENT","items_purchased":["Whetstone","Enlightenment"],"gold_per_floor":[113,132,307,321,334,334,367,367,367,367,367,396,406,433,433,532,562,582,497,511,154,154,154,187,187,187,202,202],"floor_reached":28,"campfire_rested":2,"playtime":1364,"item_purchase_floors":[21,21],"current_hp_per_floor":[63,63,63,63,63,63,55,55,55,48,48,30,30,5,29,16,69,45,45,27,27,55,55,21,61,61,13,0],"items_purged":[],"gold":202,"score":358,"play_id":"d90bb2d1-4ee2-4e00-9a79-60fe868f1ebf","local_time":"20180529143222","is_prod":false,"is_daily":false,"chose_seed":false,"is_ascension_mode":true,"campfire_upgraded":4,"win_rate":0,"timestamp":1527597142,"campfire_choices":[{"data":"Bouncing Flask","floor":6,"key":"SMITH"},{"data":"Footwork","floor":8,"key":"SMITH"},{"data":"Deadly Poison","floor":11,"key":"SMITH"},{"floor":15,"key":"REST"},{"data":"Enlightenment","floor":23,"key":"SMITH"},{"floor":25,"key":"REST"}],"path_taken":["M","M","?","M","M","R","E","R","T","?","R","E","M","E","R","BOSS","M","?","?","?","?","R","E","R","T","M","M"],"build_version":"2018-05-28","seed_source_timestamp":18062986796847,"purchased_purges":0,"victory":false,"master_deck":["Defend_G","Defend_G","Defend_G","Defend_G","Defend_G","Strike_G","Strike_G","Strike_G","Strike_G","Strike_G+1","Survivor","Neutralize","Sucker Punch","Cloak And Dagger","Footwork+1","Dash+1","Endless Agony","Bouncing Flask+1","Deadly Poison+1","Doubt","Flying Knee","Footwork","Bane","Blade Dance","Accuracy","Deadly Poison","Infinite Blades","Corpse Explosion","Bane+1","Setup+1","All Out Attack","Terror","Enlightenment+1","Night Terror"],"max_hp_per_floor":[70,70,70,70,70,70,80,80,80,80,80,80,80,80,80,80,85,85,85,85,85,85,85,85,85,85,85,85],"relics":["Orrery","Pear","Prayer Wheel","The Specimen","Pen Nib","Happy Flower","Tiny House","Regal Pillow","Whetstone","Bag of Marbles","Letter Opener"],"card_choices":[{"not_picked":["Flying Knee","PiercingWail"],"picked":"Sucker Punch","floor":0},{"not_picked":["Dodge and Roll","Dagger Spray"],"picked":"Cloak And Dagger","floor":0},{"not_picked":["Masterful Stab","Accuracy"],"picked":"Footwork","floor":0},{"not_picked":["Malaise","Escape Plan"],"picked":"Dash","floor":0},{"not_picked":["Catalyst","Deflect"],"picked":"Endless Agony","floor":0},{"not_picked":["Flechettes","Dagger Throw"],"picked":"Bouncing Flask","floor":1},{"not_picked":["Flechettes","Calculated Gamble"],"picked":"Deadly Poison","floor":2},{"not_picked":["Acrobatics","Masterful Stab"],"picked":"Flying Knee","floor":4},{"not_picked":["Masterful Stab","Deflect"],"picked":"Footwork","floor":5},{"not_picked":["Dodge and Roll","Tactician"],"picked":"Bane","floor":7},{"not_picked":["Deflect","Outmaneuver"],"picked":"Blade Dance","floor":12},{"not_picked":["Quick Slash","Sucker Punch"],"picked":"Accuracy","floor":13},{"not_picked":["Concentrate","Dagger Throw"],"picked":"Deadly Poison","floor":13},{"not_picked":["Cloak And Dagger","Acrobatics"],"picked":"Infinite Blades","floor":14},{"not_picked":["Envenom","Adrenaline"],"picked":"Corpse Explosion","floor":16},{"not_picked":["Slice","Concentrate"],"picked":"Bane","floor":17},{"not_picked":["Quick Slash","Outmaneuver"],"picked":"Setup+1","floor":18},{"not_picked":["Flying Knee","Bane"],"picked":"All Out Attack","floor":18},{"not_picked":["Well Laid Plans+1","Accuracy"],"picked":"Terror","floor":20},{"not_picked":["Quick Slash","Acrobatics","Setup"],"picked":"SKIP","floor":20},{"not_picked":["Prepared","Phantasmal Killer"],"picked":"Night Terror","floor":24},{"not_picked":["All Out Attack","Predator","Cloak And Dagger"],"picked":"SKIP","floor":27},{"not_picked":["Predator","Acrobatics","Prepared"],"picked":"SKIP","floor":27}],"player_experience":245544,"potions_floor_usage":[20,24,24,28],"damage_taken":[{"damage":0,"enemies":"2 Louse","floor":1,"turns":3},{"damage":0,"enemies":"Small Slimes","floor":2,"turns":3},{"damage":0,"enemies":"Cultist","floor":4,"turns":3},{"damage":0,"enemies":"Red Slaver","floor":5,"turns":4},{"damage":18,"enemies":"3 Sentries","floor":7,"turns":10},{"damage":18,"enemies":"Gremlin Nob","floor":12,"turns":4},{"damage":0,"enemies":"Blue Slaver","floor":13,"turns":3},{"damage":25,"enemies":"Lagavulin","floor":14,"turns":6},{"damage":13,"enemies":"Hexaghost","floor":16,"turns":9},{"damage":24,"enemies":"3 Byrds","floor":18,"turns":5},{"damage":18,"enemies":"Spheric Guardian","floor":20,"turns":4},{"damage":34,"enemies":"Book of Stabbing","floor":24,"turns":5},{"damage":48,"enemies":"Centurion and Healer","floor":27,"turns":6},{"damage":26,"enemies":"Sentry and Sphere","floor":28,"turns":5}],"relics_obtained":[{"floor":7,"key":"Pear"},{"floor":9,"key":"Prayer Wheel"},{"floor":12,"key":"Pen Nib"},{"floor":14,"key":"Happy Flower"},{"floor":24,"key":"Bag of Marbles"},{"floor":26,"key":"Letter Opener"}],"event_choices":[{"event_name":"Liars Game","player_choice":"agreed","floor":3,"damage_taken":0},{"event_name":"Scrap Ooze","player_choice":"success","floor":10,"damage_taken":7},{"event_name":"Addict","player_choice":"Obtained Relic","floor":19,"damage_taken":0},{"event_name":"The Library","player_choice":"Heal","floor":22,"damage_taken":0}],"boss_relics":[{"not_picked":["Velvet Choker","Snecko Eye"],"picked":"Tiny House"}],"items_purged_floors":[],"potions_floor_spawned":[2,7,12,13,20,24],"seed_played":"491933293366356867","killed_by":"Sentry and Sphere","ascension_level":6,"potions_obtained":[{"floor":2,"key":"FairyPotion"},{"floor":7,"key":"Ancient Potion"},{"floor":12,"key":"Swift Potion"},{"floor":17,"key":"Fire Potion"},{"floor":20,"key":"Energy Potion"},{"floor":24,"key":"SpeedPotion"}],"is_trial":false}