{"gold_per_floor":[115,115,140,140,158,185,70,85,85,95,112,143,143,92,92,190,190,204,129,129,154,79,79,96,96,142,168,168,37,64,77,77,173,173,190,207,221,221,240,240,269,269,269,285,285,285,7,21,21,21],"floor_reached":50,"playtime":3335,"items_purged":["Defend_G","Shame","Strike_G"],"score":827,"play_id":"0d60bbe7-204a-40ad-9021-35f7754c1b1d","local_time":"20190911112858","is_ascension_mode":true,"campfire_choices":[{"floor":13.0,"key":"REST"},{"data":"Footwork","floor":15.0,"key":"SMITH"},{"floor":23.0,"key":"REST"},{"data":"Caltrops","floor":25.0,"key":"SMITH"},{"data":"Neutralize","floor":28.0,"key":"SMITH"},{"floor":32.0,"key":"REST"},{"floor":40.0,"key":"REST"},{"floor":45.0,"key":"REST"},{"data":"Dodge and Roll","floor":49.0,"key":"SMITH"}],"neow_cost":"NONE","seed_source_timestamp":0,"circlet_count":0,"master_deck":["Strike_G","Strike_G+1","Strike_G+1","Defend_G","Defend_G","Defend_G","Defend_G","Survivor","Neutralize+1","Footwork+1","Dagger Spray","Caltrops+1","Distraction","Dodge and Roll+1","Die Die Die","PiercingWail+1","Blur","Adrenaline","Backflip+1","After Image","Footwork+1"],"special_seed":0,"relics":["Ring of the Snake","NeowsBlessing","Anchor","Matryoshka","Bottled Tornado","Pear","Centennial Puzzle","Cursed Key","Red Mask","Omamori","Smiling Mask","Snake Skull","Bronze Scales","Busted Crown","Bag of Preparation","PreservedInsect","Du-Vu Doll","Art of War"],"potions_floor_usage":[50],"damage_taken":[{"damage":0.0,"enemies":"2 Louse","floor":1.0,"turns":1.0},{"damage":0.0,"enemies":"Jaw Worm","floor":5.0,"turns":1.0},{"damage":0.0,"enemies":"Lagavulin","floor":6.0,"turns":1.0},{"damage":0.0,"enemies":"Small Slimes","floor":8.0,"turns":2.0},{"damage":3.0,"enemies":"2 Fungi Beasts","floor":10.0,"turns":3.0},{"damage":1.0,"enemies":"Looter","floor":11.0,"turns":4.0},{"damage":36.0,"enemies":"3 Sentries","floor":12.0,"turns":8.0},{"damage":0.0,"enemies":"The Guardian","floor":16.0,"turns":13.0},{"damage":0.0,"enemies":"3 Byrds","floor":18.0,"turns":3.0},{"damage":7.0,"enemies":"2 Thieves","floor":19.0,"turns":5.0},{"damage":23.0,"enemies":"Masked Bandits","floor":21.0,"turns":4.0},{"damage":9.0,"enemies":"Chosen and Byrds","floor":24.0,"turns":8.0},{"damage":19.0,"enemies":"Gremlin Leader","floor":30.0,"turns":8.0},{"damage":2.0,"enemies":"Cultist and Chosen","floor":31.0,"turns":7.0},{"damage":28.0,"enemies":"Collector","floor":33.0,"turns":21.0},{"damage":8.0,"enemies":"3 Darklings","floor":35.0,"turns":4.0},{"damage":1.0,"enemies":"Orb Walker","floor":36.0,"turns":5.0},{"damage":0.0,"enemies":"3 Darklings","floor":37.0,"turns":7.0},{"damage":30.0,"enemies":"Maw","floor":39.0,"turns":14.0},{"damage":14.0,"enemies":"Nemesis","floor":41.0,"turns":11.0},{"damage":2.0,"enemies":"Jaw Worm Horde","floor":44.0,"turns":5.0},{"damage":0.0,"enemies":"Writhing Mass","floor":48.0,"turns":10.0},{"damage":68,"enemies":"Time Eater","floor":50,"turns":26}],"seed_played":"-8450758075981862207","potions_obtained":[{"floor":5.0,"key":"Energy Potion"},{"floor":12.0,"key":"EntropicBrew"},{"floor":21.0,"key":"LiquidBronze"},{"floor":30.0,"key":"FearPotion"},{"floor":33.0,"key":"Dexterity Potion"},{"floor":44.0,"key":"SteroidPotion"},{"floor":48.0,"key":"FearPotion"}],"is_trial":false,"path_per_floor":["M","?","T","?","M","E","$","M","T","M","M","E","R","$","R","B",null,"M","M","?","?","?","R","M","R","T","T","R","$","E","M","R","B",null,"M","M","M","?","M","R","E","$","T","M","R","?","$","M","R","B"],"character_chosen":"THE_SILENT","items_purchased":["Caltrops","Dodge and Roll","Blur","LiquidBronze","Art of War"],"campfire_rested":5,"item_purchase_floors":[7,14,29,47,47],"current_hp_per_floor":[63,49,49,49,49,49,49,49,59,56,55,19,43,43,43,43,71,71,64,49,26,26,51,42,42,42,42,42,42,23,21,46,18,68,60,59,59,59,29,54,40,40,40,38,63,63,63,63,63,0],"gold":21,"neow_bonus":"THREE_ENEMY_KILL","is_prod":false,"is_daily":false,"chose_seed":false,"campfire_upgraded":4,"win_rate":0,"timestamp":1568172538,"path_taken":["M","?","?","?","M","E","?","M","T","M","M","E","R","$","R","BOSS","M","M","?","?","?","R","M","R","T","?","R","$","E","?","R","BOSS","M","M","M","?","M","R","E","?","T","M","R","?","$","?","R","BOSS"],"build_version":"2019-07-17","purchased_purges":3,"victory":false,"max_hp_per_floor":[70,70,70,70,70,70,70,70,80,80,80,80,80,80,80,80,80,80,80,85,85,85,85,85,85,85,85,85,85,85,85,85,85,85,85,85,85,85,85,85,85,85,85,85,85,85,85,85,85,85],"card_choices":[{"not_picked":["Sucker Punch","Skewer","Cloak And Dagger"],"picked":"SKIP","floor":1.0},{"not_picked":["Well Laid Plans","Heel Hook"],"picked":"Footwork","floor":5.0},{"not_picked":["Blur","Cloak And Dagger"],"picked":"Dagger Spray","floor":6.0},{"not_picked":["Bane","Endless Agony","Slice"],"picked":"SKIP","floor":8.0},{"not_picked":["Bouncing Flask","Flying Knee"],"picked":"Distraction","floor":10.0},{"not_picked":["Deadly Poison","Bane","Calculated Gamble"],"picked":"SKIP","floor":11.0},{"not_picked":["Deflect","Setup","Dagger Spray"],"picked":"SKIP","floor":12.0},{"not_picked":["Grand Finale","Wraith Form v2"],"picked":"Die Die Die","floor":16.0},{"not_picked":["Catalyst","Prepared+1","Predator"],"picked":"SKIP","floor":18.0},{"not_picked":["Prepared","Underhanded Strike","Terror"],"picked":"SKIP","floor":19.0},{"not_picked":["Distraction","Dodge and Roll"],"picked":"PiercingWail+1","floor":21.0},{"not_picked":["Cloak And Dagger","Quick Slash","Distraction"],"picked":"SKIP","floor":24.0},{"not_picked":["Dagger Throw","Underhanded Strike+1"],"picked":"Adrenaline","floor":30.0},{"not_picked":["Riddle With Holes","PiercingWail"],"picked":"Backflip+1","floor":31.0},{"not_picked":["Doppelganger","Unload"],"picked":"After Image","floor":33.0},{"not_picked":["Blade Dance"],"picked":"SKIP","floor":35.0},{"not_picked":["Leg Sweep+1"],"picked":"SKIP","floor":36.0},{"not_picked":["PiercingWail+1"],"picked":"SKIP","floor":37.0},{"not_picked":["Deadly Poison+1"],"picked":"SKIP","floor":39.0},{"not_picked":[],"picked":"Footwork+1","floor":41.0},{"not_picked":["Quick Slash+1"],"picked":"SKIP","floor":44.0},{"not_picked":["Dash+1"],"picked":"SKIP","floor":48.0}],"player_experience":303599,"relics_obtained":[{"floor":3.0,"key":"Anchor"},{"floor":6.0,"key":"Matryoshka"},{"floor":9.0,"key":"Bottled Tornado"},{"floor":9.0,"key":"Pear"},{"floor":12.0,"key":"Centennial Puzzle"},{"floor":21.0,"key":"Red Mask"},{"floor":26.0,"key":"Omamori"},{"floor":26.0,"key":"Smiling Mask"},{"floor":27.0,"key":"Snake Skull"},{"floor":30.0,"key":"Bronze Scales"},{"floor":41.0,"key":"PreservedInsect"},{"floor":43.0,"key":"Du-Vu Doll"}],"event_choices":[{"damage_healed":0.0,"max_hp_gain":0.0,"max_hp_loss":0.0,"gold_gain":0.0,"event_name":"Shining Light","player_choice":"Entered Light","floor":2.0,"gold_loss":0.0,"damage_taken":14.0,"cards_upgraded":["Strike_G","Strike_G"]},{"damage_healed":0.0,"max_hp_gain":0.0,"max_hp_loss":0.0,"gold_gain":0.0,"event_name":"Liars Game","player_choice":"Ignored","floor":4.0,"gold_loss":0.0,"damage_taken":0.0},{"damage_healed":0.0,"max_hp_gain":5.0,"max_hp_loss":0.0,"gold_gain":0.0,"event_name":"Forgotten Altar","player_choice":"Shed Blood","floor":20.0,"gold_loss":0.0,"damage_taken":20.0},{"damage_healed":0.0,"max_hp_gain":0.0,"max_hp_loss":0.0,"gold_gain":0.0,"event_name":"Masked Bandits","player_choice":"Fought Bandits","floor":21.0,"gold_loss":0.0,"damage_taken":0.0},{"cards_removed":["Strike_G"],"damage_healed":0.0,"max_hp_gain":0.0,"max_hp_loss":0.0,"gold_gain":0.0,"event_name":"Beggar","player_choice":"Gave Gold","floor":22.0,"gold_loss":75.0,"damage_taken":0.0},{"damage_healed":0.0,"max_hp_gain":0.0,"max_hp_loss":0.0,"gold_gain":0.0,"event_name":"WeMeetAgain","player_choice":"Gave Potion","floor":38.0,"gold_loss":0.0,"damage_taken":0.0,"relics_obtained":["Bag of Preparation"]},{"damage_healed":0.0,"max_hp_gain":0.0,"max_hp_loss":0.0,"gold_gain":0.0,"event_name":"SensoryStone","player_choice":"Memory 1","floor":46.0,"gold_loss":0.0,"damage_taken":0.0}],"is_beta":false,"boss_relics":[{"not_picked":["Empty Cage","Fusion Hammer"],"picked":"Cursed Key"},{"not_picked":["Calling Bell","HoveringKite"],"picked":"Busted Crown"}],"items_purged_floors":[7,29,47],"is_endless":false,"potions_floor_spawned":[5,12,21,30,33,44,48],"killed_by":"Time Eater","ascension_level":8}