{"gold_per_floor":[109,109,127,142,156,191,191,219,219,219,247,247,247,260,260,363,363,374,101,112,131,64,64,64,64,146,157,57,57,73,83,83,183,183,201,213,226,76,92,122,169,269,269,280,280,300,300,328,328,328,328,328,126,156,156],"floor_reached":56,"playtime":4849,"items_purged":["Strike_G","Defend_G+1","Flying Knee"],"score":1492,"play_id":"6ef0dea5-3020-4fe2-990f-3d0ace822ace","local_time":"20190926022301","is_ascension_mode":true,"campfire_choices":[{"data":"Noxious Fumes","floor":7,"key":"SMITH"},{"floor":13,"key":"REST"},{"data":"Terror","floor":15,"key":"SMITH"},{"data":"Noxious Fumes","floor":23,"key":"SMITH"},{"data":"After Image","floor":29,"key":"SMITH"},{"data":"Bouncing Flask","floor":32,"key":"SMITH"},{"floor":45,"key":"RECALL"},{"data":"Catalyst","floor":47,"key":"SMITH"},{"data":"Burst","floor":49,"key":"SMITH"},{"data":"Leg Sweep","floor":52,"key":"SMITH"}],"neow_cost":"NONE","seed_source_timestamp":19294290234700,"circlet_count":0,"master_deck":["Defend_G+1","Defend_G+1","Defend_G+1","Defend_G+1","Survivor","Neutralize+1","Terror+1","Noxious Fumes+1","Escape Plan","Bouncing Flask+1","Venomology+1","Leg Sweep+1","Burst+1","After Image+1","Crippling Poison","Footwork+1","Noxious Fumes+1","Storm of Steel","Backstab","Dodge and Roll+1","Venomology","Backflip","Glass Knife","Deadly Poison","Parasite","Catalyst+1","Acrobatics+1","Footwork+1","Parasite","Noxious Fumes"],"relics":["Ring of the Snake","Anchor","FossilizedHelix","Bottled Lightning","Sundial","Coffee Dripper","TwistedFunnel","Bottled Tornado","Orrery","Snake Skull","Dream Catcher","StoneCalendar","Pocketwatch","Happy Flower","Oddly Smooth Stone"],"potions_floor_usage":[6,8,11,14,16,18,20,21,27,31,33,33,36,41,42,42,48,50,50,54,55,55,55,55,55],"damage_taken":[{"damage":4,"enemies":"Small Slimes","floor":1,"turns":4},{"damage":0,"enemies":"Cultist","floor":3,"turns":4},{"damage":0,"enemies":"2 Louse","floor":4,"turns":3},{"damage":15,"enemies":"2 Fungi Beasts","floor":5,"turns":5},{"damage":15,"enemies":"Gremlin Nob","floor":6,"turns":4},{"damage":19,"enemies":"3 Sentries","floor":8,"turns":8},{"damage":0,"enemies":"Lagavulin","floor":11,"turns":7},{"damage":0,"enemies":"3 Louse","floor":14,"turns":3},{"damage":0,"enemies":"Slime Boss","floor":16,"turns":6},{"damage":0,"enemies":"2 Thieves","floor":18,"turns":4},{"damage":0,"enemies":"Shell Parasite","floor":20,"turns":5},{"damage":0,"enemies":"Sentry and Sphere","floor":21,"turns":5},{"damage":6,"enemies":"Snake Plant","floor":27,"turns":4},{"damage":0,"enemies":"Snecko","floor":30,"turns":5},{"damage":0,"enemies":"3 Cultists","floor":31,"turns":4},{"damage":0,"enemies":"Automaton","floor":33,"turns":12},{"damage":0,"enemies":"Orb Walker","floor":35,"turns":5},{"damage":0,"enemies":"3 Shapes","floor":36,"turns":5},{"damage":4,"enemies":"Writhing Mass","floor":37,"turns":8},{"damage":2,"enemies":"Maw","floor":39,"turns":7},{"damage":0,"enemies":"Giant Head","floor":40,"turns":9},{"damage":7,"enemies":"2 Orb Walkers","floor":41,"turns":6},{"damage":0,"enemies":"Mind Bloom Boss Battle","floor":42,"turns":6},{"damage":0,"enemies":"Spire Growth","floor":44,"turns":5},{"damage":0,"enemies":"Writhing Mass","floor":46,"turns":6},{"damage":0,"enemies":"Nemesis","floor":48,"turns":5},{"damage":29,"enemies":"Donu and Deca","floor":50,"turns":7},{"damage":0,"enemies":"Shield and Spear","floor":54,"turns":7},{"damage":59,"enemies":"The Heart","floor":55,"turns":10}],"seed_played":"-4652708734710315057","potions_obtained":[{"floor":3,"key":"Poison Potion"},{"floor":6,"key":"Swift Potion"},{"floor":8,"key":"AttackPotion"},{"floor":11,"key":"LiquidBronze"},{"floor":16,"key":"Weak Potion"},{"floor":27,"key":"Block Potion"},{"floor":54,"key":"PowerPotion"}],"is_trial":false,"path_per_floor":["M","?","M","M","M","E","R","E","T","?","E","?","R","M","R","B",null,"M","$","M","M","$","R","?","?","T","M","$","R","M","M","R","B",null,"M","M","M","$","M","E","?","?","T","M","R","M","R","E","R","B",null,"R","$","E","B",null],"character_chosen":"THE_SILENT","items_purchased":["TwistedFunnel","Noxious Fumes","Snake Skull","Noxious Fumes"],"campfire_rested":1,"item_purchase_floors":[19,22,38,53],"current_hp_per_floor":[66,52,52,52,37,22,22,3,3,3,3,3,24,24,24,24,70,70,70,70,70,70,70,70,70,70,64,64,64,64,64,64,64,70,70,70,66,66,64,64,69,69,69,69,69,69,69,69,69,40,70,70,70,70,26],"gold":156,"neow_bonus":"REMOVE_CARD","is_prod":false,"is_daily":false,"chose_seed":false,"campfire_upgraded":8,"win_rate":0,"timestamp":1569475381,"path_taken":["M","?","M","M","M","E","R","E","T","?","E","?","R","M","R","BOSS","M","?","M","M","$","R","?","?","T","M","$","R","M","M","R","BOSS","M","M","M","$","M","E","?","?","T","M","R","M","R","E","R","BOSS","R","$","E","BOSS"],"build_version":"2019-07-17","purchased_purges":3,"victory":true,"max_hp_per_floor":[70,70,70,70,70,70,70,70,70,70,70,70,70,70,70,70,70,70,70,70,70,70,70,70,70,70,70,70,70,70,70,70,70,70,70,70,70,70,70,70,70,70,70,70,70,70,70,70,70,70,70,70,70,70,70],"card_choices":[{"not_picked":["Acrobatics","Deflect"],"picked":"Terror","floor":1},{"not_picked":["Distraction","Dagger Spray"],"picked":"Noxious Fumes","floor":3},{"not_picked":["Flying Knee","Bane"],"picked":"Escape Plan","floor":4},{"not_picked":["Deadly Poison","Bane"],"picked":"Bouncing Flask","floor":5},{"not_picked":["Acrobatics","Crippling Poison"],"picked":"Venomology","floor":6},{"not_picked":["Outmaneuver","Masterful Stab"],"picked":"Leg Sweep","floor":8},{"not_picked":["Calculated Gamble","Doppelganger","Choke"],"picked":"SKIP","floor":11},{"not_picked":["Finisher","Masterful Stab"],"picked":"Flying Knee","floor":14},{"not_picked":["Corpse Explosion","Bullet Time"],"picked":"After Image","floor":16},{"not_picked":["Skewer","Distraction+1"],"picked":"Crippling Poison","floor":18},{"not_picked":["Blade Dance","Sucker Punch","Tactician"],"picked":"SKIP","floor":20},{"not_picked":["Expertise+1","Infinite Blades+1"],"picked":"Footwork+1","floor":21},{"not_picked":["Flechettes+1","Poisoned Stab","Cloak And Dagger"],"picked":"SKIP","floor":27},{"not_picked":["Bouncing Flask+1","All Out Attack"],"picked":"Dodge and Roll+1","floor":30},{"not_picked":["Dash","Blade Dance","Riddle With Holes"],"picked":"SKIP","floor":31},{"not_picked":["Phantasmal Killer","Malaise"],"picked":"Venomology","floor":33},{"not_picked":["Flying Knee","Bane"],"picked":"Backflip","floor":34},{"not_picked":["Dagger Spray","Deflect"],"picked":"Glass Knife","floor":34},{"not_picked":["PiercingWail","Skewer"],"picked":"Deadly Poison","floor":35},{"not_picked":["Poisoned Stab+1","Tactician","Blade Dance"],"picked":"SKIP","floor":36},{"not_picked":["Deflect","Finisher","Flying Knee+1"],"picked":"SKIP","floor":37},{"not_picked":["Sucker Punch+1","Blur"],"picked":"Catalyst","floor":39},{"not_picked":["Bouncing Flask","Glass Knife"],"picked":"Acrobatics+1","floor":40},{"not_picked":["Deflect","Well Laid Plans+1"],"picked":"Footwork+1","floor":41},{"not_picked":["Masterful Stab","Cloak And Dagger+1","Infinite Blades+1"],"picked":"SKIP","floor":44},{"not_picked":["Flechettes+1","Quick Slash","Underhanded Strike"],"picked":"SKIP","floor":46},{"not_picked":["Underhanded Strike","Dagger Spray","Tactician"],"picked":"SKIP","floor":48},{"not_picked":["Bane","Cloak And Dagger+1","Deadly Poison"],"picked":"SKIP","floor":54}],"player_experience":109416,"relics_obtained":[{"floor":6,"key":"Anchor"},{"floor":8,"key":"FossilizedHelix"},{"floor":9,"key":"Bottled Lightning"},{"floor":11,"key":"Sundial"},{"floor":26,"key":"Bottled Tornado"},{"floor":40,"key":"Dream Catcher"},{"floor":41,"key":"StoneCalendar"},{"floor":42,"key":"Pocketwatch"},{"floor":48,"key":"Happy Flower"},{"floor":54,"key":"Oddly Smooth Stone"}],"event_choices":[{"damage_healed":0,"gold_gain":0,"player_choice":"Entered Light","damage_taken":14,"max_hp_gain":0,"max_hp_loss":0,"event_name":"Shining Light","floor":2,"gold_loss":0,"cards_upgraded":["Neutralize","Strike_G"]},{"damage_healed":0,"gold_gain":0,"player_choice":"Grow","damage_taken":0,"max_hp_gain":0,"max_hp_loss":0,"event_name":"Living Wall","floor":10,"gold_loss":0,"cards_upgraded":["Venomology"]},{"damage_healed":0,"gold_gain":0,"cards_transformed":["Strike_G"],"player_choice":"Transformed","damage_taken":0,"max_hp_gain":0,"max_hp_loss":0,"event_name":"Transmorgrifier","floor":12,"gold_loss":0,"cards_obtained":["Burst"]},{"damage_healed":0,"gold_gain":0,"player_choice":"Simplicity","damage_taken":0,"max_hp_gain":0,"max_hp_loss":0,"event_name":"Back to Basics","floor":24,"gold_loss":0,"cards_upgraded":["Strike_G","Defend_G","Defend_G","Defend_G","Defend_G","Defend_G"]},{"damage_healed":0,"gold_gain":0,"cards_transformed":["Strike_G","Strike_G"],"player_choice":"Became Test Subject","damage_taken":0,"max_hp_gain":0,"max_hp_loss":0,"event_name":"Drug Dealer","floor":25,"gold_loss":0,"cards_obtained":["Storm of Steel","Backstab"]},{"damage_healed":0,"gold_gain":0,"player_choice":"Fight","damage_taken":0,"max_hp_gain":0,"max_hp_loss":0,"event_name":"Mysterious Sphere","floor":41,"gold_loss":0},{"damage_healed":0,"gold_gain":0,"player_choice":"Fight","damage_taken":0,"max_hp_gain":0,"max_hp_loss":0,"event_name":"MindBloom","floor":42,"gold_loss":0}],"is_beta":false,"boss_relics":[{"not_picked":["White Beast Statue","Velvet Choker"],"picked":"Coffee Dripper"},{"not_picked":["Cursed Key","Sozu"],"picked":"Orrery"}],"items_purged_floors":[19,28,53],"is_endless":false,"potions_floor_spawned":[3,6,8,11,14,16,27,31,35,36,39,40,41,54],"ascension_level":2}