{"gold_per_floor":[117,137,154,154,177,177,216,216,239,252,252,277,277,306,306,396,396,416,192,192],"floor_reached":20,"playtime":1614,"items_purged":[],"score":322,"play_id":"4e4978f0-765c-4749-a19a-70bf02153b0d","local_time":"20181030230618","is_ascension_mode":true,"campfire_choices":[{"data":"Defragment","floor":6,"key":"SMITH"},{"data":"Chaos","floor":8,"key":"SMITH"},{"floor":11,"key":"REST"},{"data":"Streamline","floor":13,"key":"SMITH"},{"floor":15,"key":"REST"}],"neow_cost":"TEN_PERCENT_HP_LOSS","seed_source_timestamp":56503744285620,"circlet_count":0,"master_deck":["Strike_B","Strike_B","Defend_B","Defend_B","Defend_B","Defend_B","Zap","Dualcast","AscendersBane","Doom and Gloom","Leap","Chaos+1","Conserve Battery","Reinforced Body","Defragment+1","Seek","Go for the Eyes","Streamline+1","Beam Cell","Streamline","Echo Form","Hello World"],"relics":["Cracked Core","Golden Idol","Dream Catcher","Orichalcum","Odd Mushroom","Snecko Eye","PrismaticShard"],"potions_floor_usage":[5,7,16],"damage_taken":[{"damage":2,"enemies":"2 Louse","floor":1,"turns":2},{"damage":1,"enemies":"Cultist","floor":2,"turns":3},{"damage":8,"enemies":"Small Slimes","floor":3,"turns":5},{"damage":1,"enemies":"2 Fungi Beasts","floor":5,"turns":2},{"damage":30,"enemies":"Gremlin Nob","floor":7,"turns":6},{"damage":15,"enemies":"Lots of Slimes","floor":10,"turns":4},{"damage":0,"enemies":"Red Slaver","floor":12,"turns":3},{"damage":7,"enemies":"The Mushroom Lair","floor":14,"turns":4},{"damage":27,"enemies":"The Guardian","floor":16,"turns":11},{"damage":33,"enemies":"2 Thieves","floor":18,"turns":4},{"damage":16,"enemies":"Shell Parasite","floor":20,"turns":1}],"seed_played":"1522435692203334789","potions_obtained":[{"floor":1,"key":"SteroidPotion"},{"floor":5,"key":"Strength Potion"},{"floor":10,"key":"Poison Potion"}],"is_trial":false,"path_per_floor":["M","M","M","?","M","R","E","R","T","M","R","M","R","?","R","B",null,"M","$"],"character_chosen":"DEFECT","items_purchased":["PrismaticShard"],"campfire_rested":2,"item_purchase_floors":[19],"current_hp_per_floor":[62,61,53,53,52,52,22,22,22,7,24,24,24,17,34,7,45,12,12,0],"gold":192,"neow_bonus":"TRANSFORM_TWO_CARDS","is_prod":false,"is_daily":false,"chose_seed":false,"campfire_upgraded":3,"win_rate":0,"timestamp":1540937178,"path_taken":["M","M","M","?","M","R","E","R","T","?","R","M","R","?","R","BOSS","M","$","M"],"build_version":"2018-10-29v2","purchased_purges":0,"victory":false,"max_hp_per_floor":[64,64,64,58,58,58,58,58,58,58,58,58,58,58,58,58,58,58,58,58],"card_choices":[{"not_picked":["Steam","Hologram"],"picked":"Chaos","floor":1},{"not_picked":["Turbo","Rebound"],"picked":"Conserve Battery","floor":2},{"not_picked":["Auto Shields","Go for the Eyes"],"picked":"Reinforced Body","floor":3},{"not_picked":["Blizzard","Melter"],"picked":"Defragment","floor":5},{"not_picked":["Static Discharge","Hologram"],"picked":"Seek","floor":7},{"not_picked":["Steam Power","Storm"],"picked":"Go for the Eyes","floor":10},{"not_picked":["Blizzard","Leap"],"picked":"Streamline","floor":11},{"not_picked":["Scrape","Skim"],"picked":"Beam Cell","floor":12},{"not_picked":["Rip and Tear","Undo"],"picked":"Streamline","floor":15},{"not_picked":["All For One","Fission"],"picked":"Echo Form","floor":16},{"not_picked":["Rebound","Barrage"],"picked":"Hello World","floor":18}],"player_experience":720055,"relics_obtained":[{"floor":7,"key":"Dream Catcher"},{"floor":9,"key":"Orichalcum"},{"floor":14,"key":"Odd Mushroom"}],"event_choices":[{"damage_healed":0,"gold_gain":0,"player_choice":"Lose Max HP","damage_taken":0,"relics_obtained":["Golden Idol"],"max_hp_gain":0,"max_hp_loss":6,"event_name":"Golden Idol","floor":4,"gold_loss":0},{"damage_healed":0,"gold_gain":0,"player_choice":"Fought Mushrooms","damage_taken":0,"max_hp_gain":0,"max_hp_loss":0,"event_name":"Mushrooms","floor":14,"gold_loss":0}],"is_beta":true,"boss_relics":[{"not_picked":["Lizard Tail","Runic Pyramid"],"picked":"Snecko Eye"}],"items_purged_floors":[],"is_endless":false,"potions_floor_spawned":[1,5,10],"killed_by":"Shell Parasite","ascension_level":17}