{"gold_per_floor":[119,119,134,134,34,77,77,92,92,117,141,85,119,119,119,215,215,228,228,228,242,167,202,202,202,227,148,179,179,195,214,214,308,308,329,352,252,277,293,333,357,357,409,409,409],"floor_reached":45,"playtime":1952,"items_purged":["Writhe","Strike_R"],"score":1082,"play_id":"86ab0588-8902-4930-a792-cf127f5d48c2","local_time":"20190401083709","is_ascension_mode":true,"campfire_choices":[{"data":"Bash","floor":7.0,"key":"SMITH"},{"data":"True Grit","floor":15.0,"key":"SMITH"},{"data":"Inflame","floor":25.0,"key":"SMITH"},{"data":"Spot Weakness","floor":29.0,"key":"SMITH"},{"floor":32.0,"key":"REST"},{"floor":42,"key":"REST"},{"data":"Offering","floor":44,"key":"SMITH"}],"neow_cost":"NONE","seed_source_timestamp":0,"circlet_count":0,"master_deck":["AscendersBane","Strike_R","Strike_R","Defend_R","Defend_R","Defend_R","Defend_R","Bash+1","Rampage","Feel No Pain","Rampage+1","Uppercut+1","Whirlwind+1","True Grit+1","Offering+1","Twin Strike+1","Inflame+1","Anger+1","Pommel Strike+1","RitualDagger+1","Spot Weakness+1","Thunderclap+1","Juggernaut","Battle Trance","Impervious","Burning Pact+1","Armaments+1","Disarm+1","Infernal Blade","Shrug It Off","Heavy Blade+1","Shrug It Off"],"special_seed":0,"relics":["Burning Blood","NeowsBlessing","Molten Egg 2","Golden Idol","Anchor","Kunai","Centennial Puzzle","Oddly Smooth Stone","Cursed Key","Blood Vial","Omamori","Juzu Bracelet","Bottled Tornado","Astrolabe","Paper Frog"],"potions_floor_usage":[40,40],"damage_taken":[{"damage":0.0,"enemies":"2 Louse","floor":1.0,"turns":1.0},{"damage":0.0,"enemies":"Small Slimes","floor":3.0,"turns":1.0},{"damage":0.0,"enemies":"Lagavulin","floor":6.0,"turns":1.0},{"damage":2.0,"enemies":"Jaw Worm","floor":8.0,"turns":3.0},{"damage":3.0,"enemies":"Blue Slaver","floor":11.0,"turns":5.0},{"damage":10.0,"enemies":"3 Sentries","floor":13.0,"turns":8.0},{"damage":29.0,"enemies":"The Guardian","floor":16.0,"turns":11.0},{"damage":8.0,"enemies":"3 Byrds","floor":18.0,"turns":5.0},{"damage":0.0,"enemies":"Chosen","floor":21.0,"turns":3.0},{"damage":37.0,"enemies":"Slavers","floor":23.0,"turns":5.0},{"damage":6.0,"enemies":"Gremlin Leader","floor":28.0,"turns":4.0},{"damage":13.0,"enemies":"Snecko","floor":30.0,"turns":3.0},{"damage":15.0,"enemies":"Cultist and Chosen","floor":31.0,"turns":4.0},{"damage":31.0,"enemies":"Collector","floor":33.0,"turns":5.0},{"damage":0.0,"enemies":"Orb Walker","floor":35.0,"turns":2.0},{"damage":6.0,"enemies":"3 Shapes","floor":36.0,"turns":2.0},{"damage":44.0,"enemies":"Sphere and 2 Shapes","floor":38.0,"turns":5.0},{"damage":6.0,"enemies":"3 Darklings","floor":39.0,"turns":2.0},{"damage":25,"enemies":"Nemesis","floor":40,"turns":5},{"damage":15,"enemies":"Transient","floor":41,"turns":6},{"damage":60,"enemies":"Giant Head","floor":45,"turns":5}],"seed_played":"6662427101482910349","potions_obtained":[{"floor":1.0,"key":"Fire Potion"},{"floor":18.0,"key":"BloodPotion"},{"floor":23.0,"key":"AttackPotion"},{"floor":28.0,"key":"PowerPotion"},{"floor":35.0,"key":"SkillPotion"},{"floor":40,"key":"Explosive Potion"}],"is_trial":false,"path_per_floor":["M","?","M","?","$","E","R","M","T","T","M","$","E","?","R","B",null,"M","?","?","M","$","E","?","R","T","$","E","R","M","M","R","B",null,"M","M","$","M","M","E","M","R","T","R","E"],"character_chosen":"IRONCLAD","items_purchased":["Feel No Pain","AttackPotion","True Grit","Spot Weakness"],"campfire_rested":2,"item_purchase_floors":[5,5,12,27],"current_hp_per_floor":[74,63,69,43,43,49,49,53,53,53,56,56,52,52,52,29,64,62,62,62,70,70,41,35,35,35,35,37,37,32,25,47,24,62,70,72,72,36,38,21,14,36,36,36,0],"gold":409,"neow_bonus":"THREE_ENEMY_KILL","is_prod":false,"is_daily":false,"chose_seed":false,"campfire_upgraded":5,"win_rate":0,"timestamp":1554100629,"path_taken":["M","?","M","?","$","E","R","M","T","?","M","?","E","?","R","BOSS","M","?","?","M","$","E","?","R","T","$","E","R","M","M","R","BOSS","M","M","$","M","M","E","M","R","T","R","E"],"build_version":"2019-01-23","purchased_purges":2,"victory":false,"max_hp_per_floor":[75,75,75,75,75,75,75,75,75,75,75,75,75,75,75,75,75,75,75,75,75,75,75,75,75,75,75,75,75,75,75,75,75,75,75,75,75,75,75,75,75,75,75,75,75],"card_choices":[{"not_picked":["Seeing Red","Perfected Strike"],"picked":"Rampage","floor":1.0},{"not_picked":["Sentinel","Clash+1"],"picked":"Perfected Strike+1","floor":3.0},{"not_picked":["Warcry","Metallicize"],"picked":"Rampage+1","floor":6.0},{"not_picked":["Flame Barrier","Heavy Blade+1"],"picked":"Uppercut+1","floor":8.0},{"not_picked":["Burning Pact","Thunderclap+1"],"picked":"Whirlwind+1","floor":11.0},{"not_picked":["Searing Blow+1","Reckless Charge+1","Warcry"],"picked":"SKIP","floor":13.0},{"not_picked":["Fiend Fire+1","Berserk"],"picked":"Offering","floor":16.0},{"not_picked":["True Grit","Clash+1"],"picked":"Twin Strike+1","floor":18.0},{"not_picked":["Headbutt+1","Clothesline+1"],"picked":"Anger+1","floor":21.0},{"not_picked":["Twin Strike+1","Iron Wave+1"],"picked":"Pommel Strike+1","floor":23.0},{"not_picked":["Wild Strike+1","Twin Strike+1"],"picked":"Thunderclap+1","floor":28.0},{"not_picked":["Clash+1","Thunderclap+1"],"picked":"Juggernaut","floor":30.0},{"not_picked":["Inflame","Wild Strike+1"],"picked":"Battle Trance","floor":31.0},{"not_picked":["Double Tap","Dark Embrace"],"picked":"Impervious","floor":33.0},{"not_picked":["Anger+1","Flex"],"picked":"Infernal Blade","floor":35.0},{"not_picked":["Wild Strike+1","Armaments","Carnage+1"],"picked":"SKIP","floor":36.0},{"not_picked":["Warcry","Thunderclap+1","Iron Wave+1"],"picked":"SKIP","floor":38.0},{"not_picked":["Fire Breathing","Burning Pact+1"],"picked":"Shrug It Off","floor":39.0},{"not_picked":["Twin Strike+1","Bludgeon+1"],"picked":"Heavy Blade+1","floor":40},{"not_picked":["Pommel Strike+1","Havoc"],"picked":"Shrug It Off","floor":41}],"player_experience":1514366,"relics_obtained":[{"floor":6.0,"key":"Anchor"},{"floor":9.0,"key":"Kunai"},{"floor":10.0,"key":"Centennial Puzzle"},{"floor":13.0,"key":"Oddly Smooth Stone"},{"floor":23.0,"key":"Omamori"},{"floor":26.0,"key":"Juzu Bracelet"},{"floor":28.0,"key":"Bottled Tornado"},{"floor":40,"key":"Paper Frog"}],"event_choices":[{"damage_healed":0.0,"max_hp_gain":0.0,"max_hp_loss":0.0,"gold_gain":0.0,"event_name":"Scrap Ooze","player_choice":"Success","floor":2.0,"gold_loss":0.0,"damage_taken":11.0,"relics_obtained":["Molten Egg 2"]},{"damage_healed":0.0,"max_hp_gain":0.0,"max_hp_loss":0.0,"gold_gain":0.0,"event_name":"Golden Idol","player_choice":"Take Damage","floor":4.0,"gold_loss":0.0,"damage_taken":26.0,"relics_obtained":["Golden Idol"]},{"damage_healed":0.0,"max_hp_gain":0.0,"max_hp_loss":0.0,"gold_gain":0.0,"event_name":"Liars Game","player_choice":"Ignored","floor":14.0,"gold_loss":0.0,"damage_taken":0.0},{"damage_healed":0.0,"max_hp_gain":0.0,"max_hp_loss":0.0,"gold_gain":0.0,"event_name":"The Library","player_choice":"Read","floor":19.0,"gold_loss":0.0,"damage_taken":0.0,"cards_obtained":["Inflame"]},{"damage_healed":0.0,"max_hp_gain":0.0,"max_hp_loss":0.0,"gold_gain":0.0,"event_name":"The Mausoleum","player_choice":"Opened","floor":20.0,"gold_loss":0.0,"damage_taken":0.0,"relics_obtained":["Blood Vial"],"cards_obtained":["Writhe"]},{"damage_healed":0.0,"max_hp_gain":0.0,"max_hp_loss":0.0,"gold_gain":0.0,"event_name":"Nest","player_choice":"Joined the Cult","floor":24.0,"gold_loss":0.0,"damage_taken":6.0,"cards_obtained":["RitualDagger"]}],"is_beta":false,"boss_relics":[{"not_picked":["Runic Cube","Calling Bell"],"picked":"Cursed Key"},{"not_picked":["Velvet Choker","Runic Dome"],"picked":"Astrolabe"}],"items_purged_floors":[22,37],"is_endless":false,"potions_floor_spawned":[1,8,18,23,28,35,38,40],"killed_by":"Giant Head","ascension_level":20}