{"gold_per_floor":[112,112,130,130,144,187,187,211,238,273,297,297,246,290,290,290],"floor_reached":16,"playtime":682,"items_purged":[],"score":234,"play_id":"9aac8d4b-3634-41df-a717-c52b011756f6","local_time":"20181213185252","is_ascension_mode":true,"campfire_choices":[{"data":"Armaments","floor":7,"key":"SMITH"},{"data":"Bludgeon","floor":12,"key":"SMITH"},{"data":"Disarm","floor":15,"key":"SMITH"}],"neow_cost":"NONE","seed_source_timestamp":26327203228869,"circlet_count":0,"master_deck":["AscendersBane","Strike_R","Strike_R","Strike_R","Strike_R","Defend_R","Defend_R","Defend_R","Defend_R","Bash+1","Carnage","Havoc","Armaments+1","Feel No Pain","Power Through","Bludgeon+1","Disarm+1"],"relics":["Burning Blood","Golden Idol","Smiling Mask","PreservedInsect","Omamori","Anchor"],"potions_floor_usage":[8,10,16,16],"damage_taken":[{"damage":8,"enemies":"Jaw Worm","floor":1,"turns":5},{"damage":3,"enemies":"2 Louse","floor":3,"turns":3},{"damage":7,"enemies":"Small Slimes","floor":5,"turns":3},{"damage":36,"enemies":"Lagavulin","floor":6,"turns":6},{"damage":15,"enemies":"Exordium Thugs","floor":8,"turns":8},{"damage":6,"enemies":"Gremlin Nob","floor":10,"turns":3},{"damage":0,"enemies":"Large Slime","floor":11,"turns":3},{"damage":20,"enemies":"Lagavulin","floor":14,"turns":3},{"damage":16,"enemies":"The Guardian","floor":16,"turns":6}],"seed_played":"-6519031175890556634","potions_obtained":[{"floor":1,"key":"SpeedPotion"},{"floor":3,"key":"Energy Potion"},{"floor":8,"key":"SteroidPotion"},{"floor":14,"key":"AttackPotion"}],"is_trial":false,"path_per_floor":["M","?","M","?","M","E","R","M","T","E","M","R","?","E","R","B"],"character_chosen":"IRONCLAD","items_purchased":[],"campfire_rested":0,"item_purchase_floors":[],"current_hp_per_floor":[66,66,68,61,60,30,30,21,21,21,27,27,27,13,13,0],"gold":290,"neow_bonus":"UPGRADE_CARD","is_prod":false,"is_daily":false,"chose_seed":false,"campfire_upgraded":3,"win_rate":0,"timestamp":1544723572,"path_taken":["M","?","M","?","?","E","R","M","T","E","M","R","?","E","R","BOSS"],"build_version":"2018-12-12","purchased_purges":0,"victory":false,"max_hp_per_floor":[75,68,68,68,68,68,68,68,68,68,68,68,68,68,68,68],"card_choices":[{"not_picked":["Disarm","Warcry"],"picked":"Carnage","floor":1},{"not_picked":["Pommel Strike","Blood for Blood"],"picked":"Havoc","floor":3},{"not_picked":["Bloodletting","Intimidate"],"picked":"Armaments","floor":5},{"not_picked":["Havoc","Pommel Strike"],"picked":"Feel No Pain","floor":6},{"not_picked":["Wild Strike","Pommel Strike"],"picked":"Power Through","floor":8},{"not_picked":["Carnage","Rage"],"picked":"Bludgeon","floor":10},{"not_picked":["Headbutt","Body Slam","Havoc"],"picked":"SKIP","floor":11},{"not_picked":["Clash","Warcry"],"picked":"Disarm","floor":14}],"player_experience":1019063,"relics_obtained":[{"floor":6,"key":"Smiling Mask"},{"floor":9,"key":"PreservedInsect"},{"floor":10,"key":"Omamori"},{"floor":14,"key":"Anchor"}],"event_choices":[{"damage_healed":0,"gold_gain":0,"player_choice":"Lose Max HP","damage_taken":0,"relics_obtained":["Golden Idol"],"max_hp_gain":0,"max_hp_loss":7,"event_name":"Golden Idol","floor":2,"gold_loss":0},{"cards_removed":["Strike_R"],"damage_healed":0,"gold_gain":0,"player_choice":"Card Removal","damage_taken":7,"max_hp_gain":0,"max_hp_loss":0,"event_name":"Golden Wing","floor":4,"gold_loss":0},{"damage_healed":0,"gold_gain":0,"player_choice":"Left Gold","damage_taken":0,"max_hp_gain":0,"max_hp_loss":0,"event_name":"World of Goop","floor":13,"gold_loss":51}],"is_beta":true,"boss_relics":[],"items_purged_floors":[],"is_endless":false,"potions_floor_spawned":[1,3,8,14],"killed_by":"The Guardian","ascension_level":19}