{"gold_per_floor":[116,116,116,133,133,133,4,32,83,83,95,129,204,232,232,309,309,322,247,247,24,24,52,52,63,87,112,128,161,161,185,185,260,260,272,372,388,403,403,433,433,466,489,524,129,156,130,159,159,159,159,159,159,63,96,96],"floor_reached":56,"playtime":5105,"items_purged":["Strike_R","Writhe","Strike_R"],"score":2351,"play_id":"1b3126a0-c780-4274-8954-f4c36f7c317f","local_time":"20190507195042","is_ascension_mode":true,"campfire_choices":[{"data":"Bash","floor":6,"key":"SMITH"},{"data":"Armaments","floor":10,"key":"SMITH"},{"data":"Inflame","floor":15,"key":"SMITH"},{"data":"Demon Form","floor":24,"key":"SMITH"},{"floor":30,"key":"REST"},{"data":"Limit Break","floor":32,"key":"SMITH"},{"floor":41,"key":"DIG"},{"floor":49,"key":"RECALL"},{"floor":53,"key":"DIG"}],"neow_cost":"NONE","seed_source_timestamp":25816456958594,"circlet_count":0,"master_deck":["AscendersBane","Strike_R+1","Strike_R","Defend_R","Defend_R","Defend_R","Defend_R","Bash+1","Uppercut+1","Pommel Strike+1","Armaments+1","Inflame+1","Pommel Strike+1","Ghostly Armor","Demon Form+1","Clothesline+1","Pummel+1","Whirlwind+1","Corruption","Headbutt+1","Shockwave","Limit Break+1","Impervious","Immolate+1","Shrug It Off","Sword Boomerang+1","Disarm","Shrug It Off","Shrug It Off","Heavy Blade+1","Corruption","Heavy Blade+1"],"relics":["Burning Blood","Dream Catcher","Oddly Smooth Stone","Molten Egg 2","Red Skull","Snecko Eye","Thread and Needle","Enchiridion","Shuriken","Strawberry","Ornamental Fan","Bag of Marbles","Philosopher\u0027s Stone","Shovel","Bronze Scales","Centennial Puzzle","Question Card","Omamori","Mercury Hourglass","Self Forming Clay","Kunai","Sundial","Blue Candle","Art of War"],"potions_floor_usage":[14,16,33,33,50,55,56],"damage_taken":[{"damage":11,"enemies":"Jaw Worm","floor":1,"turns":4},{"damage":6,"enemies":"2 Louse","floor":4,"turns":4},{"damage":6,"enemies":"Gremlin Nob","floor":8,"turns":3},{"damage":0,"enemies":"Cultist","floor":11,"turns":3},{"damage":24,"enemies":"3 Sentries","floor":12,"turns":9},{"damage":6,"enemies":"Gremlin Nob","floor":14,"turns":3},{"damage":25,"enemies":"The Guardian","floor":16,"turns":12},{"damage":12,"enemies":"2 Thieves","floor":18,"turns":5},{"damage":0,"enemies":"Slavers","floor":23,"turns":3},{"damage":0,"enemies":"3 Byrds","floor":25,"turns":4},{"damage":8,"enemies":"Book of Stabbing","floor":27,"turns":4},{"damage":5,"enemies":"Centurion and Healer","floor":28,"turns":3},{"damage":28,"enemies":"Slavers","floor":29,"turns":4},{"damage":61,"enemies":"Collector","floor":33,"turns":7},{"damage":0,"enemies":"Orb Walker","floor":35,"turns":3},{"damage":0,"enemies":"Mind Bloom Boss Battle","floor":36,"turns":4},{"damage":0,"enemies":"3 Darklings","floor":37,"turns":3},{"damage":5,"enemies":"Transient","floor":38,"turns":6},{"damage":17,"enemies":"Reptomancer","floor":40,"turns":4},{"damage":2,"enemies":"Giant Head","floor":42,"turns":5},{"damage":0,"enemies":"Reptomancer","floor":44,"turns":4},{"damage":0,"enemies":"Giant Head","floor":46,"turns":4},{"damage":0,"enemies":"Reptomancer","floor":48,"turns":5},{"damage":10,"enemies":"Time Eater","floor":50,"turns":6},{"damage":28,"enemies":"Donu and Deca","floor":51,"turns":6},{"damage":40,"enemies":"Shield and Spear","floor":55,"turns":3},{"damage":50,"enemies":"The Heart","floor":56,"turns":6}],"seed_played":"4682990574077807559","potions_obtained":[{"floor":1,"key":"Poison Potion"},{"floor":14,"key":"SpeedPotion"},{"floor":18,"key":"SkillPotion"},{"floor":25,"key":"Fire Potion"},{"floor":27,"key":"AttackPotion"},{"floor":35,"key":"Weak Potion"},{"floor":42,"key":"Poison Potion"},{"floor":44,"key":"Swift Potion"}],"is_trial":false,"path_per_floor":["M","?","?","M","?","R","$","E","T","R","M","E","?","E","R","B",null,"M","?","?","$","?","E","R","M","T","E","M","E","R","T","R","B",null,"M","?","M","M","?","E","R","E","T","E","$","E","$","E","R","B","B",null,"R","$","E","B"],"character_chosen":"IRONCLAD","items_purchased":["Armaments","Pummel+1","Whirlwind+1","Self Forming Clay","Shrug It Off","Corruption","Swift Potion"],"campfire_rested":1,"item_purchase_floors":[7,21,21,45,47,54,54],"current_hp_per_floor":[70,45,50,50,50,50,50,50,50,50,56,38,27,27,27,8,67,61,61,61,61,40,46,46,52,52,57,58,36,64,64,64,9,73,79,85,91,92,89,78,78,82,82,88,88,89,89,89,89,85,63,83,83,83,49,0],"gold":96,"neow_bonus":"TEN_PERCENT_HP_BONUS","is_prod":false,"is_daily":false,"chose_seed":false,"campfire_upgraded":5,"win_rate":0,"timestamp":1557251442,"path_taken":["M","?","?","M","?","R","?","E","T","R","?","E","?","E","R","BOSS","M","?","?","$","?","E","R","?","T","E","M","E","R","?","R","BOSS","M","?","M","M","?","E","R","E","T","E","$","E","?","E","R","BOSS","BOSS","R","$","E","BOSS"],"build_version":"2019-01-23","purchased_purges":3,"victory":false,"max_hp_per_floor":[82,82,87,87,87,87,87,87,87,87,87,87,87,87,87,87,87,87,87,87,87,87,87,87,87,87,94,94,94,94,94,94,94,94,94,94,94,94,89,89,89,89,89,89,89,89,89,89,89,89,89,89,89,89,89,89],"card_choices":[{"not_picked":["Rupture","Entrench"],"picked":"Uppercut","floor":1},{"not_picked":["Warcry","Power Through"],"picked":"Pommel Strike","floor":4},{"not_picked":["Dual Wield","Wild Strike"],"picked":"Inflame","floor":8},{"not_picked":["Anger","Seeing Red","Burning Pact"],"picked":"SKIP","floor":11},{"not_picked":["Perfected Strike","Twin Strike"],"picked":"Pommel Strike","floor":12},{"not_picked":["Entrench","Hemokinesis+1"],"picked":"Ghostly Armor","floor":14},{"not_picked":["Exhume","Bludgeon+1"],"picked":"Demon Form","floor":16},{"not_picked":["Clash+1","Anger+1"],"picked":"Clothesline+1","floor":18},{"not_picked":["Clothesline+1","Berserk"],"picked":"Corruption","floor":23},{"not_picked":["Clothesline+1","Ghostly Armor"],"picked":"Headbutt+1","floor":25},{"not_picked":["Anger+1","Bloodletting","Rampage+1"],"picked":"SKIP","floor":27},{"not_picked":["Power Through+1","Headbutt+1","Corruption"],"picked":"SKIP","floor":28},{"not_picked":["Entrench","Bloodletting"],"picked":"Shockwave","floor":29},{"not_picked":["Warcry","Shrug It Off"],"picked":"Limit Break","floor":30},{"not_picked":["Demon Form","Double Tap"],"picked":"Impervious","floor":33},{"not_picked":["Body Slam+1","Iron Wave+1","Twin Strike+1"],"picked":"SKIP","floor":35},{"not_picked":["Twin Strike+1","Dual Wield+1"],"picked":"Immolate+1","floor":36},{"not_picked":["Sword Boomerang+1","Fire Breathing"],"picked":"Shrug It Off","floor":37},{"not_picked":["Perfected Strike+1","Whirlwind+1"],"picked":"Sword Boomerang+1","floor":38},{"not_picked":["Dual Wield+1","Burning Pact"],"picked":"Disarm","floor":40},{"not_picked":["Pommel Strike+1","Sword Boomerang+1","Clothesline+1"],"picked":"SKIP","floor":42},{"not_picked":["Thunderclap+1","Warcry+1","Anger+1","Clothesline+1"],"picked":"SKIP","floor":44},{"not_picked":["Berserk","Brutality","Thunderclap+1"],"picked":"Shrug It Off","floor":46},{"not_picked":["Body Slam+1","Infernal Blade","Sever Soul+1"],"picked":"Heavy Blade+1","floor":48},{"not_picked":["Pommel Strike+1","Spot Weakness+1","Warcry"],"picked":"Heavy Blade+1","floor":55}],"player_experience":1669609,"relics_obtained":[{"floor":8,"key":"Dream Catcher"},{"floor":9,"key":"Oddly Smooth Stone"},{"floor":12,"key":"Molten Egg 2"},{"floor":14,"key":"Red Skull"},{"floor":22,"key":"Enchiridion"},{"floor":23,"key":"Shuriken"},{"floor":27,"key":"Strawberry"},{"floor":29,"key":"Ornamental Fan"},{"floor":31,"key":"Bag of Marbles"},{"floor":36,"key":"Shovel"},{"floor":40,"key":"Bronze Scales"},{"floor":41,"key":"Centennial Puzzle"},{"floor":42,"key":"Question Card"},{"floor":43,"key":"Omamori"},{"floor":44,"key":"Mercury Hourglass"},{"floor":46,"key":"Kunai"},{"floor":48,"key":"Sundial"},{"floor":53,"key":"Blue Candle"},{"floor":55,"key":"Art of War"}],"event_choices":[{"damage_healed":0,"gold_gain":0,"player_choice":"Entered Light","damage_taken":25,"max_hp_gain":0,"max_hp_loss":0,"event_name":"Shining Light","floor":2,"gold_loss":0,"cards_upgraded":["Strike_R","Uppercut"]},{"damage_healed":0,"gold_gain":0,"player_choice":"Donut","damage_taken":0,"max_hp_gain":5,"max_hp_loss":0,"event_name":"Big Fish","floor":3,"gold_loss":0},{"damage_healed":0,"gold_gain":0,"player_choice":"Grow","damage_taken":0,"max_hp_gain":0,"max_hp_loss":0,"event_name":"Living Wall","floor":5,"gold_loss":0,"cards_upgraded":["Pommel Strike"]},{"damage_healed":0,"gold_gain":75,"player_choice":"Gather Gold","damage_taken":11,"max_hp_gain":0,"max_hp_loss":0,"event_name":"World of Goop","floor":13,"gold_loss":0},{"cards_removed":["Strike_R"],"damage_healed":0,"gold_gain":0,"player_choice":"Gave Gold","damage_taken":0,"max_hp_gain":0,"max_hp_loss":0,"event_name":"Beggar","floor":19,"gold_loss":75},{"damage_healed":0,"gold_gain":0,"player_choice":"Opened","damage_taken":0,"relics_obtained":["Thread and Needle"],"max_hp_gain":0,"max_hp_loss":0,"event_name":"The Mausoleum","floor":20,"gold_loss":0,"cards_obtained":["Writhe"]},{"damage_healed":0,"gold_gain":0,"player_choice":"Obtained Book","damage_taken":21,"max_hp_gain":0,"max_hp_loss":0,"event_name":"Cursed Tome","floor":22,"gold_loss":0},{"damage_healed":0,"gold_gain":0,"player_choice":"Fight","damage_taken":0,"max_hp_gain":0,"max_hp_loss":0,"event_name":"MindBloom","floor":36,"gold_loss":0},{"damage_healed":0,"gold_gain":0,"player_choice":"Max HP","damage_taken":0,"max_hp_gain":0,"max_hp_loss":5,"event_name":"Winding Halls","floor":39,"gold_loss":0}],"is_beta":false,"boss_relics":[{"not_picked":["Orrery","Runic Pyramid"],"picked":"Snecko Eye"},{"not_picked":["White Beast Statue","Black Star"],"picked":"Philosopher\u0027s Stone"}],"items_purged_floors":[7,21,45],"is_endless":false,"potions_floor_spawned":[1,14,18,25,27,35,42,44,46],"killed_by":"The Heart","ascension_level":20}