{"gold_per_floor":[113,125,3,3,3,36,36,66,66,83,111,36,36,50,50,125,125,125,40,40,40,0,0,0,0,0,0,0,0,0,0,0,0],"floor_reached":33,"playtime":1407,"items_purged":["Strike_G"],"score":742,"play_id":"c65f7776-2519-4a5a-8159-b9383a910cc0","local_time":"20190812223421","is_ascension_mode":true,"campfire_choices":[{"data":"Crippling Poison","floor":7.0,"key":"SMITH"},{"floor":13.0,"key":"REST"},{"data":"Noxious Fumes","floor":15.0,"key":"SMITH"},{"data":"Footwork","floor":24.0,"key":"SMITH"},{"data":"Footwork","floor":29.0,"key":"SMITH"},{"data":"Adrenaline","floor":32.0,"key":"SMITH"}],"neow_cost":"NONE","seed_source_timestamp":0,"circlet_count":0,"master_deck":["AscendersBane","Strike_G","Strike_G","Strike_G","Strike_G","Defend_G+1","Defend_G","Defend_G","Defend_G","Defend_G","Survivor","Neutralize+1","Sucker Punch","Noxious Fumes+1","Crippling Poison+1","Footwork+1","Backflip","Adrenaline+1","Blur","Dagger Spray","Glass Knife","PiercingWail","Footwork+1","Leg Sweep","Deadly Poison","Dodge and Roll"],"special_seed":0,"relics":["Ring of the Snake","NeowsBlessing","Gambling Chip","Letter Opener","FossilizedHelix","Pocketwatch","Ectoplasm","Incense Burner","Oddly Smooth Stone","Meat on the Bone","Vajra","Anchor"],"potions_floor_usage":[33],"damage_taken":[{"damage":0.0,"enemies":"2 Louse","floor":1.0,"turns":1.0},{"damage":0.0,"enemies":"Jaw Worm","floor":2.0,"turns":1.0},{"damage":0.0,"enemies":"Lagavulin","floor":6.0,"turns":1.0},{"damage":29.0,"enemies":"Gremlin Nob","floor":8.0,"turns":5.0},{"damage":0.0,"enemies":"Cultist","floor":10.0,"turns":3.0},{"damage":7.0,"enemies":"3 Sentries","floor":11.0,"turns":6.0},{"damage":0.0,"enemies":"Large Slime","floor":14.0,"turns":7.0},{"damage":16.0,"enemies":"Hexaghost","floor":16.0,"turns":11.0},{"damage":0.0,"enemies":"Spheric Guardian","floor":18.0,"turns":7.0},{"damage":0.0,"enemies":"2 Thieves","floor":22.0,"turns":4.0},{"damage":8.0,"enemies":"Gremlin Leader","floor":23.0,"turns":7.0},{"damage":0.0,"enemies":"Book of Stabbing","floor":27.0,"turns":7.0},{"damage":0.0,"enemies":"Centurion and Healer","floor":28.0,"turns":7.0},{"damage":0.0,"enemies":"3 Cultists","floor":30.0,"turns":4.0},{"damage":6.0,"enemies":"Slavers","floor":31.0,"turns":4.0},{"damage":52,"enemies":"Champ","floor":33,"turns":18}],"seed_played":"-8570589207285266701","potions_obtained":[{"floor":2.0,"key":"GhostInAJar"},{"floor":8.0,"key":"Poison Potion"},{"floor":11.0,"key":"Explosive Potion"},{"floor":27.0,"key":"Block Potion"}],"is_trial":false,"path_per_floor":["M","M","$","?","?","E","R","E","T","M","E","$","R","M","R","B",null,"M","?","$","?","M","E","R","T","T","E","M","R","M","E","R","B"],"character_chosen":"THE_SILENT","items_purchased":["Crippling Poison","Footwork"],"campfire_rested":1,"item_purchase_floors":[3,3],"current_hp_per_floor":[59,59,59,64,43,43,43,14,14,14,7,7,28,28,28,12,56,56,56,56,56,56,48,48,48,48,48,48,48,48,42,42,0],"gold":0,"neow_bonus":"THREE_ENEMY_KILL","is_prod":false,"is_daily":false,"chose_seed":false,"campfire_upgraded":5,"win_rate":0,"timestamp":1565642061,"path_taken":["M","M","$","?","?","E","R","E","T","M","E","$","R","M","R","BOSS","M","?","$","?","M","E","R","?","T","E","?","R","M","E","R","BOSS"],"build_version":"2019-07-17","purchased_purges":1,"victory":false,"max_hp_per_floor":[66,66,66,71,71,71,71,71,71,71,71,71,71,71,71,71,71,71,71,71,71,71,71,71,71,71,71,71,71,71,71,71,71],"card_choices":[{"not_picked":["Dodge and Roll","Acrobatics"],"picked":"Sucker Punch","floor":1.0},{"not_picked":["Heel Hook","Reflex"],"picked":"Noxious Fumes","floor":2.0},{"not_picked":["Bane","Eviscerate"],"picked":"Backflip","floor":6.0},{"not_picked":["Acrobatics","Outmaneuver"],"picked":"Adrenaline","floor":8.0},{"not_picked":["Quick Slash","Dagger Throw"],"picked":"Blur","floor":10.0},{"not_picked":["Caltrops","Blade Dance","Outmaneuver"],"picked":"SKIP","floor":11.0},{"not_picked":["Quick Slash","Dagger Throw"],"picked":"Dagger Spray","floor":14.0},{"not_picked":["Phantasmal Killer","Grand Finale"],"picked":"Glass Knife","floor":16.0},{"not_picked":["Flechettes","Choke","Setup"],"picked":"SKIP","floor":18.0},{"not_picked":["Slice","Concentrate","Dagger Throw"],"picked":"SKIP","floor":22.0},{"not_picked":["Endless Agony+1","Poisoned Stab"],"picked":"Footwork","floor":23.0},{"not_picked":["Sucker Punch","Concentrate"],"picked":"Leg Sweep","floor":27.0},{"not_picked":["Heel Hook","Slice","Sucker Punch"],"picked":"SKIP","floor":28.0},{"not_picked":["Dodge and Roll","Poisoned Stab"],"picked":"Deadly Poison","floor":30.0},{"not_picked":["Heel Hook","Poisoned Stab"],"picked":"Dodge and Roll","floor":31.0}],"player_experience":1905453,"relics_obtained":[{"floor":6.0,"key":"Gambling Chip"},{"floor":8.0,"key":"Letter Opener"},{"floor":9.0,"key":"FossilizedHelix"},{"floor":11.0,"key":"Pocketwatch"},{"floor":23.0,"key":"Oddly Smooth Stone"},{"floor":25.0,"key":"Meat on the Bone"},{"floor":26.0,"key":"Vajra"},{"floor":31.0,"key":"Anchor"}],"event_choices":[{"damage_healed":0.0,"max_hp_gain":5.0,"max_hp_loss":0.0,"gold_gain":0.0,"event_name":"Big Fish","player_choice":"Donut","floor":4.0,"gold_loss":0.0,"damage_taken":0.0},{"damage_healed":0.0,"max_hp_gain":0.0,"max_hp_loss":0.0,"gold_gain":0.0,"event_name":"Shining Light","player_choice":"Entered Light","floor":5.0,"gold_loss":0.0,"damage_taken":21.0,"cards_upgraded":["Defend_G","Neutralize"]},{"damage_healed":0.0,"max_hp_gain":0.0,"max_hp_loss":0.0,"gold_gain":0.0,"event_name":"Addict","player_choice":"Obtained Relic","floor":19.0,"gold_loss":85.0,"damage_taken":0.0,"relics_obtained":["Incense Burner"]},{"damage_healed":0.0,"max_hp_gain":0.0,"max_hp_loss":0.0,"gold_gain":0.0,"event_name":"The Library","player_choice":"Read","floor":21.0,"gold_loss":0.0,"damage_taken":0.0,"cards_obtained":["PiercingWail"]}],"is_beta":false,"boss_relics":[{"not_picked":["Pandora\u0027s Box","Calling Bell"],"picked":"Ectoplasm"}],"items_purged_floors":[12],"is_endless":false,"potions_floor_spawned":[2,8,11,18,27,31],"killed_by":"Champ","ascension_level":20}