{"gold_per_floor":[116,116,33,46,46,79,79,109,109,109,123,142,171,187,187,264,264,284,165,80,90,90,90,90],"floor_reached":24,"playtime":812,"items_purged":["Strike_G"],"score":503,"play_id":"30c27149-2355-4ace-ac04-deeba08ac2d7","local_time":"20190906005940","is_ascension_mode":true,"campfire_choices":[{"data":"Crippling Poison","floor":7,"key":"SMITH"},{"data":"Footwork","floor":10,"key":"SMITH"},{"data":"Crippling Poison","floor":15,"key":"SMITH"},{"data":"Footwork","floor":23,"key":"SMITH"}],"neow_cost":"NONE","seed_source_timestamp":137479248525771,"circlet_count":0,"master_deck":["AscendersBane","Strike_G","Strike_G","Strike_G","Strike_G","Defend_G","Defend_G","Defend_G","Defend_G","Defend_G","Survivor","Neutralize","Well Laid Plans","Crippling Poison+1","Quick Slash","Footwork+1","Backflip","Crippling Poison+1","PiercingWail","Footwork","Corpse Explosion","Backflip","Footwork+1","Dash"],"relics":["Ring of the Snake","NeowsBlessing","Mummified Hand","Boot","Orichalcum","Mango","Snecko Eye","Frozen Egg 2"],"potions_floor_usage":[],"damage_taken":[{"damage":0,"enemies":"2 Louse","floor":1,"turns":1},{"damage":0,"enemies":"Cultist","floor":4,"turns":1},{"damage":0,"enemies":"Gremlin Nob","floor":6,"turns":1},{"damage":21,"enemies":"3 Sentries","floor":8,"turns":10},{"damage":4,"enemies":"Jaw Worm","floor":11,"turns":3},{"damage":0,"enemies":"Looter","floor":12,"turns":3},{"damage":12,"enemies":"Lagavulin","floor":13,"turns":7},{"damage":2,"enemies":"Lots of Slimes","floor":14,"turns":2},{"damage":20,"enemies":"The Guardian","floor":16,"turns":17},{"damage":7,"enemies":"Shell Parasite","floor":18,"turns":8},{"damage":5,"enemies":"Chosen","floor":21,"turns":5},{"damage":64,"enemies":"Gremlin Leader","floor":24,"turns":5}],"seed_played":"7278845966090974113","potions_obtained":[{"floor":11,"key":"Weak Potion"},{"floor":13,"key":"FearPotion"}],"is_trial":false,"path_per_floor":["M","?","$","M","?","E","R","E","T","R","M","M","E","M","R","B",null,"M","$","?","M","?","R","E"],"character_chosen":"THE_SILENT","items_purchased":["Well Laid Plans","Footwork"],"campfire_rested":0,"item_purchase_floors":[3,19],"current_hp_per_floor":[59,64,64,64,71,71,71,50,50,50,46,46,48,46,46,26,70,63,63,63,58,63,63,0],"gold":90,"neow_bonus":"THREE_ENEMY_KILL","is_prod":false,"is_daily":false,"chose_seed":false,"campfire_upgraded":4,"win_rate":0,"timestamp":1567724380,"path_taken":["M","?","$","M","?","E","R","E","T","R","?","M","E","M","R","BOSS","M","$","?","M","?","R","E"],"build_version":"2019-07-17","purchased_purges":1,"victory":false,"max_hp_per_floor":[66,71,71,71,71,71,71,71,71,71,71,71,85,85,85,85,85,85,85,85,85,85,85,85],"card_choices":[{"not_picked":["Outmaneuver","Tactician"],"picked":"Slice","floor":1},{"not_picked":["Underhanded Strike","Deflect"],"picked":"Crippling Poison","floor":4},{"not_picked":["Blade Dance","Burst"],"picked":"Quick Slash","floor":6},{"not_picked":["Bouncing Flask","Deflect"],"picked":"Footwork","floor":8},{"not_picked":["Eviscerate","Accuracy"],"picked":"Backflip","floor":11},{"not_picked":["Dagger Spray","Underhanded Strike"],"picked":"Crippling Poison","floor":12},{"not_picked":["Finisher","Phantasmal Killer"],"picked":"PiercingWail","floor":13},{"not_picked":["Heel Hook","Leg Sweep"],"picked":"Footwork","floor":14},{"not_picked":["Phantasmal Killer","A Thousand Cuts"],"picked":"Corpse Explosion","floor":16},{"not_picked":["Dagger Spray","Quick Slash+1"],"picked":"Backflip","floor":18},{"not_picked":["Finisher","Endless Agony"],"picked":"Dash","floor":21}],"player_experience":2010118,"relics_obtained":[{"floor":6,"key":"Mummified Hand"},{"floor":8,"key":"Boot"},{"floor":9,"key":"Orichalcum"},{"floor":13,"key":"Mango"}],"event_choices":[{"damage_healed":0,"gold_gain":0,"player_choice":"Donut","damage_taken":0,"max_hp_gain":5,"max_hp_loss":0,"event_name":"Big Fish","floor":2,"gold_loss":0},{"damage_healed":7,"gold_gain":0,"player_choice":"Full Heal","damage_taken":0,"max_hp_gain":0,"max_hp_loss":0,"event_name":"Wheel of Change","floor":5,"gold_loss":0},{"damage_healed":0,"gold_gain":0,"player_choice":"Obtained Relic","damage_taken":0,"relics_obtained":["Frozen Egg 2"],"max_hp_gain":0,"max_hp_loss":0,"event_name":"Addict","floor":20,"gold_loss":85},{"cards_removed":["Slice"],"damage_healed":5,"gold_gain":0,"player_choice":"Offered Common","damage_taken":0,"max_hp_gain":0,"max_hp_loss":0,"event_name":"Bonfire Elementals","floor":22,"gold_loss":0},{"cards_removed":["Slice"],"damage_healed":5,"gold_gain":0,"player_choice":"Offered Special","damage_taken":0,"max_hp_gain":0,"max_hp_loss":0,"event_name":"Bonfire Elementals","floor":22,"gold_loss":0}],"is_beta":false,"boss_relics":[{"not_picked":["Runic Pyramid","White Beast Statue"],"picked":"Snecko Eye"}],"items_purged_floors":[19],"is_endless":false,"potions_floor_spawned":[11,13,14,16],"killed_by":"Gremlin Leader","ascension_level":20}