{"gold_per_floor":[118,118,118,137,137,164,164,192,217,217,234,265,60,72,72,149,149,167,195,16,16,34,34],"floor_reached":23,"playtime":885,"items_purged":["Strike_R"],"score":439,"play_id":"ad02b4ef-de3c-4859-a482-6bb29186a782","local_time":"20190914012529","is_ascension_mode":true,"campfire_choices":[{"floor":10,"key":"REST"},{"data":"Spot Weakness","floor":15,"key":"SMITH"}],"neow_cost":"NONE","seed_source_timestamp":58382563911878,"circlet_count":0,"master_deck":["AscendersBane","Strike_R","Strike_R","Strike_R","Strike_R","Defend_R","Defend_R","Defend_R","Defend_R","Bash+1","Pommel Strike","Spot Weakness+1","Heavy Blade","Anger","Battle Trance","Shrug It Off","Feel No Pain","Burning Pact","Shrug It Off","Immolate","Heavy Blade","Fire Breathing","Corruption","Shrug It Off","Power Through","Spot Weakness"],"special_seed":0,"relics":["Burning Blood","Anchor","Shuriken","Singing Bowl","Dream Catcher","Pear","Sozu","Red Mask"],"potions_floor_usage":[12,16,19],"damage_taken":[{"damage":16,"enemies":"Small Slimes","floor":1,"turns":6},{"damage":2,"enemies":"2 Louse","floor":4,"turns":3},{"damage":25,"enemies":"3 Sentries","floor":6,"turns":8},{"damage":30,"enemies":"Lagavulin","floor":8,"turns":6},{"damage":2,"enemies":"Jaw Worm","floor":11,"turns":2},{"damage":11,"enemies":"Gremlin Nob","floor":12,"turns":3},{"damage":9,"enemies":"Red Slaver","floor":14,"turns":3},{"damage":28,"enemies":"Slime Boss","floor":16,"turns":8},{"damage":3,"enemies":"Spheric Guardian","floor":18,"turns":3},{"damage":10,"enemies":"Masked Bandits","floor":19,"turns":3},{"damage":11,"enemies":"Shell Parasite","floor":22,"turns":5},{"damage":76,"enemies":"Book of Stabbing","floor":23,"turns":5}],"seed_played":"7901879187720893196","potions_obtained":[{"floor":6,"key":"Swift Potion"},{"floor":8,"key":"Explosive Potion"},{"floor":11,"key":"Fire Potion"},{"floor":16,"key":"GamblersBrew"}],"is_trial":false,"path_per_floor":["M","$","?","M","?","E","?","E","T","R","M","E","$","M","R","B",null,"M","?","$","?","M","E"],"character_chosen":"IRONCLAD","items_purchased":["Feel No Pain","Burning Pact","Corruption","Shrug It Off","Power Through"],"campfire_rested":1,"item_purchase_floors":[13,13,20,20,20],"current_hp_per_floor":[65,65,60,64,64,45,45,21,21,45,49,56,56,53,53,31,78,81,77,77,77,74,0],"gold":34,"neow_bonus":"TEN_PERCENT_HP_BONUS","is_prod":false,"is_daily":false,"chose_seed":false,"campfire_upgraded":1,"win_rate":0,"timestamp":1568417129,"path_taken":["M","$","?","M","?","E","?","E","T","R","?","E","?","M","R","BOSS","M","?","$","?","M","E"],"build_version":"2019-09-12","purchased_purges":1,"victory":false,"max_hp_per_floor":[82,82,82,82,82,82,82,82,82,82,82,94,94,94,94,94,94,94,94,94,94,96,96],"card_choices":[{"not_picked":["Corruption","Metallicize"],"picked":"Pommel Strike","floor":1},{"not_picked":["Clothesline","Entrench"],"picked":"Spot Weakness","floor":4},{"not_picked":["Flame Barrier","Headbutt"],"picked":"Heavy Blade","floor":6},{"not_picked":["Metallicize","Blood for Blood"],"picked":"Anger","floor":8},{"not_picked":["Pommel Strike","Wild Strike"],"picked":"Battle Trance","floor":10},{"not_picked":["Searing Blow","True Grit"],"picked":"Shrug It Off","floor":11},{"not_picked":["Berserk","Headbutt","Warcry"],"picked":"Singing Bowl","floor":12},{"not_picked":["Bloodletting","Heavy Blade"],"picked":"Shrug It Off","floor":14},{"not_picked":["Bludgeon","Offering"],"picked":"Immolate","floor":16},{"not_picked":["True Grit","Reckless Charge"],"picked":"Heavy Blade","floor":18},{"not_picked":["Iron Wave","Twin Strike+1"],"picked":"Fire Breathing","floor":19},{"not_picked":["Searing Blow","Headbutt","Pommel Strike"],"picked":"Singing Bowl","floor":22}],"player_experience":2044590,"relics_obtained":[{"floor":6,"key":"Shuriken"},{"floor":8,"key":"Singing Bowl"},{"floor":9,"key":"Dream Catcher"},{"floor":12,"key":"Pear"},{"floor":19,"key":"Red Mask"}],"event_choices":[{"damage_healed":0,"gold_gain":0,"player_choice":"Success","damage_taken":5,"relics_obtained":["Anchor"],"max_hp_gain":0,"max_hp_loss":0,"event_name":"Scrap Ooze","floor":3,"gold_loss":0},{"damage_healed":0,"gold_gain":0,"player_choice":"Ignored","damage_taken":0,"max_hp_gain":0,"max_hp_loss":0,"event_name":"Liars Game","floor":5,"gold_loss":0},{"damage_healed":0,"gold_gain":0,"player_choice":"Grow","damage_taken":0,"max_hp_gain":0,"max_hp_loss":0,"event_name":"Living Wall","floor":7,"gold_loss":0,"cards_upgraded":["Bash"]},{"damage_healed":0,"gold_gain":0,"player_choice":"Fought Bandits","damage_taken":0,"max_hp_gain":0,"max_hp_loss":0,"event_name":"Masked Bandits","floor":19,"gold_loss":0},{"damage_healed":0,"gold_gain":0,"player_choice":"Read","damage_taken":0,"max_hp_gain":0,"max_hp_loss":0,"event_name":"The Library","floor":21,"gold_loss":0,"cards_obtained":["Spot Weakness"]}],"is_beta":true,"boss_relics":[{"not_picked":["Black Star","Pandora\u0027s Box"],"picked":"Sozu"}],"items_purged_floors":[13],"is_endless":false,"potions_floor_spawned":[6,8,11,16,22],"killed_by":"Book of Stabbing","ascension_level":20}