{"gold_per_floor":[13,31,46,46,46,46,46,89,113,137,155,155,190,210,210,300,300,313,195,195,213,213,213,45,45],"floor_reached":25,"playtime":1768,"items_purged":["Strike_R"],"score":418,"play_id":"7930961c-08fa-4bda-9f58-2191f40a6527","local_time":"20190326185538","is_ascension_mode":true,"campfire_choices":[{"data":"Juggernaut","floor":6,"key":"SMITH"},{"data":"Armaments","floor":12,"key":"SMITH"},{"data":"True Grit","floor":15,"key":"SMITH"},{"data":"Dark Embrace","floor":23,"key":"SMITH"}],"neow_cost":"NO_GOLD","seed_source_timestamp":122128797887911,"circlet_count":0,"master_deck":["AscendersBane","Strike_R","Strike_R","Strike_R","Defend_R","Defend_R","Defend_R","Defend_R","Bash","Juggernaut+1","Armaments+1","Feel No Pain","Sever Soul","Body Slam","Thunderclap","True Grit+1","Dark Embrace+1","Disarm","Body Slam","hubris:Disease"],"relics":["Burning Blood","Bloody Idol","hubris:TenFootPole","Art of War","Boot","Ancient Tea Set","Cursed Key","hubris:DisguiseKit","Omamori"],"potions_floor_usage":[21,25],"damage_taken":[{"damage":1,"enemies":"Cultist","floor":1,"turns":4},{"damage":2,"enemies":"2 Louse","floor":2,"turns":4},{"damage":15,"enemies":"Small Slimes","floor":3,"turns":5},{"damage":19,"enemies":"3 Sentries","floor":8,"turns":6},{"damage":7,"enemies":"Looter","floor":11,"turns":3},{"damage":19,"enemies":"Lagavulin","floor":13,"turns":6},{"damage":8,"enemies":"Exordium Wildlife","floor":14,"turns":4},{"damage":26,"enemies":"The Guardian","floor":16,"turns":11},{"damage":29,"enemies":"Shell Parasite","floor":18,"turns":5},{"damage":9,"enemies":"3 Byrds","floor":21,"turns":4},{"damage":41,"enemies":"Slavers","floor":25,"turns":6}],"seed_played":"5494415560398391751","potions_obtained":[{"floor":2,"key":"SteroidPotion"},{"floor":3,"key":"Explosive Potion"},{"floor":18,"key":"GamblersBrew"}],"is_trial":false,"path_per_floor":["M","M","M","?","?","R","?","E","T","T","M","R","E","M","R","B",null,"M","$","?","M","T","R","$","E"],"character_chosen":"IRONCLAD","items_purchased":["Disarm","Omamori"],"campfire_rested":0,"item_purchase_floors":[19,24],"current_hp_per_floor":[73,75,66,66,71,71,64,51,51,51,50,50,37,35,35,15,59,36,36,36,38,38,38,38,0],"gold":45,"neow_bonus":"THREE_RARE_CARDS","is_prod":false,"is_daily":false,"chose_seed":false,"campfire_upgraded":4,"win_rate":0,"timestamp":1553622938,"path_taken":["M","?","M","?","?","R","?","E","T","?","M","R","E","M","R","BOSS","M","$","?","M","?","R","$","E"],"build_version":"2019-01-23","purchased_purges":1,"victory":false,"max_hp_per_floor":[75,75,75,68,73,73,73,73,73,73,73,73,73,73,73,73,73,73,73,73,73,73,73,73,73],"card_choices":[{"not_picked":["Brutality","Exhume"],"picked":"Juggernaut","floor":0},{"not_picked":["Sword Boomerang","Searing Blow"],"picked":"Armaments","floor":1},{"not_picked":["Flex","Spot Weakness"],"picked":"Feel No Pain","floor":2},{"not_picked":["Headbutt","Cleave"],"picked":"Sever Soul","floor":3},{"not_picked":["Dropkick","Combust","Whirlwind"],"picked":"SKIP","floor":8},{"not_picked":["Heavy Blade","Pommel Strike"],"picked":"Body Slam","floor":11},{"not_picked":["Flex","Sword Boomerang"],"picked":"Thunderclap","floor":13},{"not_picked":["hubris:ReadiedAction","Dark Embrace"],"picked":"True Grit","floor":14},{"not_picked":["hubris:StunningStrike","Berserk"],"picked":"Dark Embrace","floor":16},{"not_picked":["Clash","Perfected Strike+1","Twin Strike"],"picked":"SKIP","floor":18},{"not_picked":["Headbutt","Intimidate"],"picked":"Body Slam","floor":21}],"player_experience":1481016,"relics_obtained":[{"floor":8,"key":"hubris:TenFootPole"},{"floor":9,"key":"Art of War"},{"floor":10,"key":"Boot"},{"floor":13,"key":"Ancient Tea Set"},{"floor":22,"key":"hubris:DisguiseKit"}],"event_choices":[{"damage_healed":0,"gold_gain":0,"player_choice":"Lose Max HP","damage_taken":0,"relics_obtained":["Golden Idol"],"max_hp_gain":0,"max_hp_loss":7,"event_name":"Golden Idol","floor":4,"gold_loss":0},{"damage_healed":0,"gold_gain":0,"player_choice":"Donut","damage_taken":0,"max_hp_gain":5,"max_hp_loss":0,"event_name":"Big Fish","floor":5,"gold_loss":0},{"cards_removed":["Strike_R"],"damage_healed":0,"gold_gain":0,"player_choice":"Card Removal","damage_taken":7,"max_hp_gain":0,"max_hp_loss":0,"event_name":"Golden Wing","floor":7,"gold_loss":0},{"damage_healed":0,"gold_gain":0,"player_choice":"Gave Idol","damage_taken":0,"relics_obtained":["Bloody Idol"],"max_hp_gain":0,"max_hp_loss":0,"event_name":"Forgotten Altar","floor":20,"relics_lost":["Golden Idol"],"gold_loss":0}],"is_beta":false,"boss_relics":[{"not_picked":["hubris:GrandSneckoEye","Fusion Hammer"],"picked":"Cursed Key"}],"items_purged_floors":[19],"is_endless":false,"potions_floor_spawned":[2,3,8,11,18],"killed_by":"Slavers","ascension_level":20}