{"gold_per_floor":[114,114,131,145,220,220,251,251,251,251,285,308,329,360,360,360],"floor_reached":16,"playtime":441,"items_purged":[],"score":220,"play_id":"f47ce7c6-83eb-4e9c-930d-e1ec340a2606","local_time":"20190402113010","is_ascension_mode":true,"campfire_choices":[{"data":"Bash","floor":6,"key":"SMITH"},{"floor":10,"key":"REST"},{"data":"Armaments","floor":15,"key":"SMITH"}],"neow_cost":"NONE","seed_source_timestamp":6931160111552,"circlet_count":0,"master_deck":["AscendersBane","Strike_R","Strike_R","Strike_R","Strike_R","Strike_R","Defend_R","Defend_R","Defend_R","Defend_R","Bash+1","Anger","Pommel Strike","Clothesline","Metallicize+1","Uppercut","Shrug It Off","Armaments+1","Ghostly Armor"],"relics":["Burning Blood","NeowsBlessing","Frozen Egg 2","Golden Idol","Mummified Hand","Odd Mushroom","Omamori"],"potions_floor_usage":[14,14,16],"damage_taken":[{"damage":0,"enemies":"2 Louse","floor":1,"turns":1},{"damage":0,"enemies":"Cultist","floor":3,"turns":1},{"damage":0,"enemies":"Small Slimes","floor":4,"turns":1},{"damage":42,"enemies":"3 Sentries","floor":7,"turns":9},{"damage":12,"enemies":"The Mushroom Lair","floor":11,"turns":4},{"damage":25,"enemies":"Exordium Thugs","floor":12,"turns":5},{"damage":8,"enemies":"Looter","floor":13,"turns":2},{"damage":6,"enemies":"Gremlin Nob","floor":14,"turns":3},{"damage":28,"enemies":"Hexaghost","floor":16,"turns":11}],"seed_played":"8453652641016447747","potions_obtained":[{"floor":2,"key":"SneckoOil"},{"floor":2,"key":"SpeedPotion"},{"floor":11,"key":"FearPotion"},{"floor":13,"key":"Strength Potion"},{"floor":14,"key":"BloodPotion"}],"is_trial":false,"path_per_floor":["M","?","M","M","?","R","E","?","T","R","?","M","M","E","R","B"],"character_chosen":"IRONCLAD","items_purchased":[],"campfire_rested":1,"item_purchase_floors":[],"current_hp_per_floor":[74,74,75,75,64,64,28,28,28,48,42,23,21,21,21,0],"gold":360,"neow_bonus":"THREE_ENEMY_KILL","is_prod":false,"is_daily":false,"chose_seed":false,"campfire_upgraded":2,"win_rate":0,"timestamp":1554197410,"path_taken":["M","?","?","M","?","R","E","?","T","R","?","?","M","E","R","BOSS"],"build_version":"2019-01-23","purchased_purges":0,"victory":false,"max_hp_per_floor":[75,75,75,75,75,75,75,68,68,68,68,68,68,68,68,68],"card_choices":[{"not_picked":["Blood for Blood","Armaments"],"picked":"Anger","floor":1},{"not_picked":["Havoc","Body Slam"],"picked":"Pommel Strike","floor":3},{"not_picked":["Blood for Blood","Pommel Strike"],"picked":"Clothesline","floor":4},{"not_picked":["Pommel Strike","Entrench"],"picked":"Metallicize","floor":7},{"not_picked":["Headbutt","Perfected Strike"],"picked":"Uppercut","floor":11},{"not_picked":["Double Tap","Twin Strike"],"picked":"Shrug It Off","floor":12},{"not_picked":["Warcry","Whirlwind"],"picked":"Armaments","floor":13},{"not_picked":["Sword Boomerang","Headbutt"],"picked":"Ghostly Armor","floor":14}],"player_experience":1523330,"relics_obtained":[{"floor":7,"key":"Frozen Egg 2"},{"floor":9,"key":"Mummified Hand"},{"floor":11,"key":"Odd Mushroom"},{"floor":14,"key":"Omamori"}],"event_choices":[{"damage_healed":0,"gold_gain":0,"player_choice":"Got Potions","damage_taken":0,"max_hp_gain":0,"max_hp_loss":0,"event_name":"Lab","floor":2,"gold_loss":0},{"damage_healed":0,"gold_gain":75,"player_choice":"Gather Gold","damage_taken":11,"max_hp_gain":0,"max_hp_loss":0,"event_name":"World of Goop","floor":5,"gold_loss":0},{"damage_healed":0,"gold_gain":0,"player_choice":"Lose Max HP","damage_taken":0,"relics_obtained":["Golden Idol"],"max_hp_gain":0,"max_hp_loss":7,"event_name":"Golden Idol","floor":8,"gold_loss":0},{"damage_healed":0,"gold_gain":0,"player_choice":"Fought Mushrooms","damage_taken":0,"max_hp_gain":0,"max_hp_loss":0,"event_name":"Mushrooms","floor":11,"gold_loss":0}],"is_beta":false,"boss_relics":[],"items_purged_floors":[],"is_endless":false,"potions_floor_spawned":[11,13,14],"killed_by":"Hexaghost","ascension_level":20}