{"gold_per_floor":[364,28,45,45,56,84,96,138,150,162],"floor_reached":10,"playtime":537,"items_purged":[],"score":137,"play_id":"6c3df2f7-626c-43fe-8d0d-703d5e04184c","local_time":"20181111210816","is_ascension_mode":true,"campfire_choices":[{"data":"Rage","floor":7,"key":"SMITH"}],"neow_cost":"TEN_PERCENT_HP_LOSS","seed_source_timestamp":41906472570910,"circlet_count":0,"master_deck":["AscendersBane","Strike_R","Strike_R","Strike_R","Strike_R","Strike_R","Defend_R","Defend_R","Defend_R","Defend_R","Bash","Rage+1","Burning Pact","Feel No Pain","Dual Wield","Ghostly Armor"],"relics":["Burning Blood","Dead Branch","MawBank","Peace Pipe","Blue Candle"],"potions_floor_usage":[8],"damage_taken":[{"damage":10,"enemies":"Small Slimes","floor":1,"turns":5},{"damage":3,"enemies":"2 Louse","floor":3,"turns":3},{"damage":12,"enemies":"Cultist","floor":5,"turns":4},{"damage":46,"enemies":"Gremlin Nob","floor":6,"turns":5},{"damage":32,"enemies":"3 Sentries","floor":8,"turns":9},{"damage":10,"enemies":"3 Louse","floor":10,"turns":2}],"seed_played":"-1143715778635902699","potions_obtained":[{"floor":6,"key":"Regen Potion"}],"is_trial":false,"path_per_floor":["M","$","M","?","M","E","R","E","T","M"],"character_chosen":"IRONCLAD","items_purchased":["Dead Branch"],"campfire_rested":0,"item_purchase_floors":[2],"current_hp_per_floor":[64,64,67,67,61,21,21,10,10,0],"gold":162,"neow_bonus":"TWO_FIFTY_GOLD","is_prod":false,"is_daily":false,"chose_seed":false,"campfire_upgraded":1,"win_rate":0,"timestamp":1541966896,"path_taken":["M","$","M","?","M","E","R","E","T","M"],"build_version":"2018-11-08","purchased_purges":0,"victory":false,"max_hp_per_floor":[68,68,68,68,68,68,68,68,68,68],"card_choices":[{"not_picked":["Cleave","Thunderclap"],"picked":"Rage","floor":1},{"not_picked":["Headbutt","Metallicize"],"picked":"Burning Pact","floor":3},{"not_picked":["Thunderclap","Rage"],"picked":"Feel No Pain","floor":5},{"not_picked":["Twin Strike","Pommel Strike"],"picked":"Dual Wield","floor":6},{"not_picked":["Wild Strike","Clash"],"picked":"Ghostly Armor","floor":8}],"player_experience":788721,"relics_obtained":[{"floor":6,"key":"MawBank"},{"floor":8,"key":"Peace Pipe"},{"floor":9,"key":"Blue Candle"}],"event_choices":[{"damage_healed":0,"gold_gain":0,"player_choice":"Ignored","damage_taken":0,"max_hp_gain":0,"max_hp_loss":0,"event_name":"Liars Game","floor":4,"gold_loss":0}],"is_beta":true,"boss_relics":[],"items_purged_floors":[],"is_endless":false,"potions_floor_spawned":[6],"killed_by":"3 Louse","ascension_level":16}