{"gold_per_floor":[117,42,57,74,74,89,116,116,139,166,316,351,351,41,41,116,116,131,147,79,99,99,129,129,154,203,234,246,293,305,317,329,412,424,450,462,490,519,379,379,405,405,405,417,432,432,448,464,464,464],"floor_reached":50,"playtime":2554,"items_purged":["Doubt","Strike_G"],"score":1138,"play_id":"842ee981-7bb7-4936-84e4-e55acc39cec7","local_time":"20181129145658","is_ascension_mode":true,"campfire_choices":[{"data":"Neutralize","floor":8,"key":"SMITH"},{"data":"Noxious Fumes","floor":13,"key":"SMITH"},{"data":"Bouncing Flask","floor":15,"key":"SMITH"},{"floor":24,"key":"REST"},{"data":"Crippling Poison","floor":28,"key":"SMITH"},{"floor":32,"key":"REST"},{"data":"Dash","floor":40,"key":"SMITH"},{"floor":42,"key":"REST"},{"data":"Noxious Fumes","floor":46,"key":"SMITH"},{"floor":49,"key":"RECALL"}],"neow_cost":"NONE","seed_source_timestamp":21521627119486,"circlet_count":0,"master_deck":["AscendersBane","Defend_G+1","Defend_G","Defend_G","Defend_G","Strike_G","Strike_G","Survivor+1","Neutralize+1","Backflip","Quick Slash","Dagger Spray","Bouncing Flask+1","Noxious Fumes+1","Backflip","Well Laid Plans","Corpse Explosion","Backflip","Dodge and Roll","Poisoned Stab","Deadly Poison","PiercingWail","Noxious Fumes+1","Dash+1","Crippling Poison+1","Caltrops","Caltrops+1","Necronomicurse","Malaise","Noxious Fumes","Adrenaline","Dodge and Roll+1"],"relics":["Velvet Choker","Centennial Puzzle","Dream Catcher","Boot","Bronze Scales","War Paint","Orrery","Bag of Preparation","Lantern","MawBank","Thread and Needle","Necronomicon","Runic Dome","Ornamental Fan"],"potions_floor_usage":[10,25,33,33,41,41,50,50],"damage_taken":[{"damage":0,"enemies":"Jaw Worm","floor":1,"turns":4},{"damage":0,"enemies":"2 Louse","floor":3,"turns":3},{"damage":0,"enemies":"Small Slimes","floor":4,"turns":3},{"damage":0,"enemies":"3 Louse","floor":6,"turns":5},{"damage":24,"enemies":"3 Sentries","floor":7,"turns":10},{"damage":2,"enemies":"Lagavulin","floor":10,"turns":5},{"damage":7,"enemies":"3 Sentries","floor":12,"turns":8},{"damage":0,"enemies":"Hexaghost","floor":16,"turns":8},{"damage":0,"enemies":"3 Byrds","floor":18,"turns":2},{"damage":9,"enemies":"Shell Parasite","floor":19,"turns":4},{"damage":5,"enemies":"Centurion and Healer","floor":21,"turns":6},{"damage":19,"enemies":"Gremlin Leader","floor":23,"turns":6},{"damage":11,"enemies":"Book of Stabbing","floor":25,"turns":6},{"damage":6,"enemies":"Sentry and Sphere","floor":27,"turns":4},{"damage":0,"enemies":"Gremlin Leader","floor":29,"turns":6},{"damage":11,"enemies":"Champ","floor":33,"turns":12},{"damage":3,"enemies":"Orb Walker","floor":35,"turns":4},{"damage":1,"enemies":"3 Shapes","floor":37,"turns":3},{"damage":25,"enemies":"Writhing Mass","floor":38,"turns":6},{"damage":9,"enemies":"Nemesis","floor":41,"turns":9},{"damage":2,"enemies":"Sphere and 2 Shapes","floor":44,"turns":4},{"damage":9,"enemies":"4 Shapes","floor":45,"turns":3},{"damage":5,"enemies":"Jaw Worm Horde","floor":47,"turns":3},{"damage":2,"enemies":"3 Darklings","floor":48,"turns":2},{"damage":27,"enemies":"Donu and Deca","floor":50,"turns":5}],"seed_played":"1209949369617964478","potions_obtained":[{"floor":6,"key":"Weak Potion"},{"floor":7,"key":"Poison Potion"},{"floor":21,"key":"GhostInAJar"},{"floor":29,"key":"GamblersBrew"},{"floor":35,"key":"GamblersBrew"},{"floor":41,"key":"Fruit Juice"},{"floor":44,"key":"Block Potion"},{"floor":45,"key":"AttackPotion"}],"is_trial":false,"path_per_floor":["M","?","M","M","?","M","E","R","T","E","?","E","R","$","R","B",null,"M","M","$","M","?","E","R","E","T","M","R","E","?","?","R","B",null,"M","?","M","M","$","R","E","R","T","M","M","R","M","M","R","B"],"character_chosen":"THE_SILENT","items_purchased":["Backflip","Well Laid Plans","War Paint","Noxious Fumes","Dexterity Potion"],"campfire_rested":3,"item_purchase_floors":[14,14,14,20,39],"current_hp_per_floor":[59,59,59,59,52,52,28,28,28,26,26,19,19,19,19,19,54,54,45,45,40,40,21,40,29,29,23,23,23,23,2,21,10,52,49,49,48,23,23,23,19,40,40,38,29,29,24,22,22,0],"gold":464,"neow_bonus":"BOSS_RELIC","is_prod":false,"is_daily":false,"chose_seed":false,"campfire_upgraded":6,"win_rate":0,"timestamp":1543499818,"path_taken":["M","?","M","M","?","M","E","R","T","E","?","E","R","$","R","BOSS","M","M","$","M","?","E","R","E","T","M","R","E","?","?","R","BOSS","M","?","M","M","$","R","E","R","T","?","M","R","M","M","R","BOSS"],"build_version":"2018-11-15","purchased_purges":2,"victory":false,"max_hp_per_floor":[66,66,66,66,66,66,66,66,66,66,66,66,66,66,66,66,66,66,66,66,66,66,66,66,66,66,66,66,66,66,66,66,66,66,66,66,66,66,66,66,71,71,71,71,71,71,71,71,71,71],"card_choices":[{"not_picked":["Underhanded Strike","Flechettes"],"picked":"Backflip","floor":1},{"not_picked":["Flying Knee","Blade Dance"],"picked":"Quick Slash","floor":3},{"not_picked":["Slice","Acrobatics"],"picked":"Dagger Spray","floor":4},{"not_picked":["PiercingWail","Dagger Spray"],"picked":"Bouncing Flask","floor":6},{"not_picked":["Acrobatics","Venomology","Dagger Spray"],"picked":"SKIP","floor":7},{"not_picked":["Blade Dance","Storm of Steel","Cloak And Dagger"],"picked":"SKIP","floor":10},{"not_picked":["Bane","Sucker Punch"],"picked":"Noxious Fumes","floor":12},{"not_picked":["Venomology","Grand Finale"],"picked":"Corpse Explosion","floor":16},{"not_picked":["Flying Knee","Outmaneuver"],"picked":"Backflip","floor":17},{"not_picked":["Masterful Stab","Sucker Punch"],"picked":"Dodge and Roll","floor":17},{"not_picked":["Deflect","Predator"],"picked":"Poisoned Stab","floor":17},{"not_picked":["Predator","Underhanded Strike+1"],"picked":"Deadly Poison","floor":18},{"not_picked":["Riddle With Holes","Quick Slash+1"],"picked":"PiercingWail","floor":19},{"not_picked":["Cloak And Dagger","Riddle With Holes","Unload"],"picked":"SKIP","floor":21},{"not_picked":["Slice","Eviscerate"],"picked":"Dash","floor":23},{"not_picked":["Dagger Spray","Prepared"],"picked":"Crippling Poison","floor":24},{"not_picked":["Deflect","Backstab","Dagger Throw"],"picked":"SKIP","floor":25},{"not_picked":["Underhanded Strike","Cloak And Dagger"],"picked":"Caltrops","floor":27},{"not_picked":["Deflect","Acrobatics"],"picked":"Caltrops+1","floor":29},{"not_picked":["Doppelganger","Envenom"],"picked":"Malaise","floor":33},{"not_picked":["Deadly Poison","Outmaneuver"],"picked":"Noxious Fumes","floor":35},{"not_picked":["Outmaneuver","Sucker Punch","Calculated Gamble"],"picked":"SKIP","floor":37},{"not_picked":["Die Die Die","Dodge and Roll","Bane+1"],"picked":"SKIP","floor":38},{"not_picked":["Flechettes","Phantasmal Killer"],"picked":"Adrenaline","floor":41},{"not_picked":["Skewer","Prepared"],"picked":"Dodge and Roll+1","floor":44},{"not_picked":["Bouncing Flask","Sucker Punch","Blade Dance"],"picked":"SKIP","floor":45},{"not_picked":["Caltrops","Deflect","Riddle With Holes+1"],"picked":"SKIP","floor":47},{"not_picked":["Distraction+1","Poisoned Stab","Concentrate"],"picked":"SKIP","floor":48}],"player_experience":915150,"relics_obtained":[{"floor":7,"key":"Centennial Puzzle"},{"floor":9,"key":"Dream Catcher"},{"floor":10,"key":"Boot"},{"floor":12,"key":"Bronze Scales"},{"floor":23,"key":"Bag of Preparation"},{"floor":25,"key":"Lantern"},{"floor":26,"key":"MawBank"},{"floor":29,"key":"Thread and Needle"},{"floor":31,"key":"Necronomicon"},{"floor":41,"key":"Ornamental Fan"}],"event_choices":[{"cards_removed":["Defend_G"],"damage_healed":0,"gold_gain":0,"player_choice":"Card Removal","damage_taken":0,"max_hp_gain":0,"max_hp_loss":0,"event_name":"The Cleric","floor":2,"gold_loss":75},{"cards_removed":["Strike_G"],"damage_healed":0,"gold_gain":0,"player_choice":"Card Removal","damage_taken":7,"max_hp_gain":0,"max_hp_loss":0,"event_name":"Golden Wing","floor":5,"gold_loss":0},{"damage_healed":0,"gold_gain":150,"player_choice":"AGREE","damage_taken":0,"max_hp_gain":0,"max_hp_loss":0,"event_name":"Liars Game","floor":11,"gold_loss":0,"cards_obtained":["Doubt"]},{"damage_healed":0,"gold_gain":0,"player_choice":"Ignored","damage_taken":0,"max_hp_gain":0,"max_hp_loss":0,"event_name":"The Mausoleum","floor":22,"gold_loss":0},{"damage_healed":0,"gold_gain":0,"player_choice":"Ignored","damage_taken":0,"max_hp_gain":0,"max_hp_loss":0,"event_name":"Ghosts","floor":30,"gold_loss":0},{"damage_healed":0,"gold_gain":0,"player_choice":"Obtained Book","damage_taken":21,"max_hp_gain":0,"max_hp_loss":0,"event_name":"Cursed Tome","floor":31,"gold_loss":0},{"cards_removed":["Strike_G"],"damage_healed":0,"gold_gain":0,"player_choice":"Offered Basic","damage_taken":0,"max_hp_gain":0,"max_hp_loss":0,"event_name":"Bonfire Elementals","floor":36,"gold_loss":0}],"is_beta":true,"boss_relics":[{"not_picked":["Fusion Hammer","HoveringKite"],"picked":"Orrery"},{"not_picked":["White Beast Statue","Pandora\u0027s Box"],"picked":"Runic Dome"}],"items_purged_floors":[14,39],"is_endless":false,"potions_floor_spawned":[6,7,21,23,29,35,41,44,45,48],"killed_by":"Donu and Deca","ascension_level":15}