{"gold_per_floor":[116,116,127,127,46,46,80,92,92,109,165,200,200,200,200,298,298,321,321,336,356,556,592,432,446,514,514],"floor_reached":27,"playtime":995,"items_purged":["Strike_R"],"score":519,"play_id":"37c30897-f9d3-4f7b-b38e-d200dc177ed0","local_time":"20181214003214","is_ascension_mode":true,"campfire_choices":[{"data":"Armaments","floor":6,"key":"SMITH"},{"data":"True Grit","floor":15,"key":"SMITH"}],"neow_cost":"NONE","seed_source_timestamp":46375052510842,"circlet_count":0,"master_deck":["AscendersBane","Strike_R","Strike_R","Strike_R","Strike_R","Defend_R","Defend_R+1","Defend_R","Defend_R","Bash+1","Whirlwind+1","Armaments+1","Immolate","Limit Break","Shockwave","True Grit+1","Dropkick","Impervious","Reaper","Flame Barrier","Limit Break","Dropkick","Whirlwind","Double Tap","Disarm"],"relics":["Burning Blood","NeowsBlessing","Ornamental Fan","Centennial Puzzle","Bird Faced Urn","Shuriken","Golden Idol","Mercury Hourglass","Sozu","Letter Opener","Molten Egg 2"],"potions_floor_usage":[16,25],"damage_taken":[{"damage":0,"enemies":"Jaw Worm","floor":1,"turns":1},{"damage":0,"enemies":"Cultist","floor":3,"turns":1},{"damage":0,"enemies":"3 Sentries","floor":7,"turns":1},{"damage":0,"enemies":"2 Louse","floor":8,"turns":1},{"damage":6,"enemies":"Looter","floor":10,"turns":3},{"damage":10,"enemies":"3 Sentries","floor":11,"turns":2},{"damage":20,"enemies":"Gremlin Nob","floor":12,"turns":4},{"damage":38,"enemies":"The Guardian","floor":16,"turns":11},{"damage":11,"enemies":"2 Thieves","floor":18,"turns":3},{"damage":7,"enemies":"Shell Parasite","floor":20,"turns":7},{"damage":18,"enemies":"Snake Plant","floor":21,"turns":4},{"damage":27,"enemies":"Gremlin Leader","floor":23,"turns":6},{"damage":15,"enemies":"Sentry and Sphere","floor":25,"turns":7},{"damage":23,"enemies":"Shelled Parasite and Fungi","floor":27,"turns":1}],"seed_played":"-2485482013662589110","potions_obtained":[{"floor":7,"key":"SpeedPotion"},{"floor":10,"key":"Dexterity Potion"},{"floor":11,"key":"PowerPotion"},{"floor":16,"key":"Block Potion"}],"is_trial":false,"path_per_floor":["M","?","M","?","$","R","E","M","T","M","?","E","?","T","R","B",null,"M","?","M","M","?","E","$","M","T","M"],"character_chosen":"IRONCLAD","items_purchased":["Immolate","Double Tap"],"campfire_rested":0,"item_purchase_floors":[5,24],"current_hp_per_floor":[74,51,57,57,57,57,63,69,69,69,65,51,51,51,51,21,56,55,55,55,43,43,22,22,13,13,0],"gold":514,"neow_bonus":"THREE_ENEMY_KILL","is_prod":false,"is_daily":false,"chose_seed":false,"campfire_upgraded":2,"win_rate":0,"timestamp":1544743934,"path_taken":["M","?","M","?","$","R","E","?","T","M","?","E","?","?","R","BOSS","M","?","?","M","?","E","$","?","T","M"],"build_version":"2018-12-13","purchased_purges":1,"victory":false,"max_hp_per_floor":[75,75,75,75,75,75,75,75,75,75,75,75,68,68,68,68,68,68,68,68,68,68,68,68,68,68,68],"card_choices":[{"not_picked":["Armaments","Clothesline"],"picked":"Whirlwind","floor":1},{"not_picked":["Twin Strike","Flex"],"picked":"Armaments","floor":3},{"not_picked":["True Grit","Twin Strike"],"picked":"Limit Break","floor":7},{"not_picked":["Anger","Sword Boomerang"],"picked":"Shockwave","floor":8},{"not_picked":["Intimidate","Power Through"],"picked":"True Grit","floor":10},{"not_picked":["Iron Wave","Perfected Strike"],"picked":"Dropkick","floor":11},{"not_picked":["Searing Blow","Rupture"],"picked":"Impervious","floor":12},{"not_picked":["Exhume","Bludgeon"],"picked":"Reaper","floor":16},{"not_picked":["Rupture","Twin Strike"],"picked":"Flame Barrier","floor":18},{"not_picked":["Ghostly Armor","Clothesline","Havoc"],"picked":"SKIP","floor":20},{"not_picked":["Sentinel","Clash"],"picked":"Dropkick","floor":21},{"not_picked":["Immolate","Wild Strike"],"picked":"Whirlwind","floor":23},{"not_picked":["Perfected Strike","Cleave+1"],"picked":"Disarm","floor":25}],"player_experience":1021610,"relics_obtained":[{"floor":7,"key":"Ornamental Fan"},{"floor":9,"key":"Centennial Puzzle"},{"floor":12,"key":"Shuriken"},{"floor":14,"key":"Mercury Hourglass"},{"floor":23,"key":"Letter Opener"},{"floor":26,"key":"Molten Egg 2"}],"event_choices":[{"damage_healed":0,"gold_gain":0,"player_choice":"Entered Light","damage_taken":23,"max_hp_gain":0,"max_hp_loss":0,"event_name":"Shining Light","floor":2,"gold_loss":0,"cards_upgraded":["Defend_R","Bash"]},{"damage_healed":0,"gold_gain":0,"player_choice":"Upgraded","damage_taken":0,"max_hp_gain":0,"max_hp_loss":0,"event_name":"Upgrade Shrine","floor":4,"gold_loss":0,"cards_upgraded":["Whirlwind"]},{"damage_healed":0,"gold_gain":0,"player_choice":"Searched \u00272\u0027 times","damage_taken":0,"relics_obtained":["Bird Faced Urn"],"max_hp_gain":0,"max_hp_loss":0,"event_name":"Dead Adventurer","floor":11,"gold_loss":0},{"damage_healed":0,"gold_gain":0,"player_choice":"Lose Max HP","damage_taken":0,"relics_obtained":["Golden Idol"],"max_hp_gain":0,"max_hp_loss":7,"event_name":"Golden Idol","floor":13,"gold_loss":0},{"damage_healed":0,"gold_gain":0,"player_choice":"Copied","damage_taken":0,"max_hp_gain":0,"max_hp_loss":0,"event_name":"Duplicator","floor":19,"gold_loss":0,"cards_obtained":["Limit Break"]},{"damage_healed":0,"gold_gain":200,"player_choice":"Gold","damage_taken":0,"max_hp_gain":0,"max_hp_loss":0,"event_name":"Wheel of Change","floor":22,"gold_loss":0}],"is_beta":true,"boss_relics":[{"not_picked":["Black Star","Cursed Key"],"picked":"Sozu"}],"items_purged_floors":[24],"is_endless":false,"potions_floor_spawned":[7,10,11,16,18,23],"killed_by":"Shelled Parasite and Fungi","ascension_level":19}