{"gold_per_floor":[114,114,130,150,164,195,195,230,230,248,248,264,294,309,309,388,388,403,403,418,433,91,125,144,144,144,154,154,66,92,58,58,133,133,150,163,0,0,0],"floor_reached":39,"playtime":2035,"items_purged":["Strike_B"],"score":886,"play_id":"678dd347-e6a7-414e-9097-b166ccd3267d","local_time":"20181211235524","is_ascension_mode":true,"campfire_choices":[{"data":"Zap","floor":7,"key":"SMITH"},{"floor":11,"key":"REST"},{"floor":15,"key":"REST"},{"floor":25,"key":"REST"},{"floor":32,"key":"REST"}],"neow_cost":"NONE","seed_source_timestamp":48932368912386,"circlet_count":0,"master_deck":["AscendersBane","Strike_B+1","Defend_B+1","Defend_B+1","Defend_B+1","Zap+1","Dualcast","Steam","Electrodynamics","Cold Snap","Steam Power","Sweeping Beam","Barrage","Conserve Battery","Conserve Battery","Cold Snap","Consume","Biased Cognition","Undo+1","All For One+1","Steam+1","Compile Driver+1","Defragment","Go for the Eyes","Go for the Eyes+1","Beam Cell+1","Turbo","Defragment+1","Capacitor+1","Capacitor+1","Creative AI+1","Reinforced Body+1","Defragment+1"],"relics":["Cracked Core","Turnip","Blue Candle","Mummified Hand","Bottled Flame","Astrolabe","Question Card","Molten Egg 2","Frozen Egg 2","The Courier","Cursed Key","Red Mask","Juzu Bracelet"],"potions_floor_usage":[13,23,30,39,39],"damage_taken":[{"damage":2,"enemies":"Jaw Worm","floor":1,"turns":4},{"damage":0,"enemies":"Cultist","floor":3,"turns":3},{"damage":0,"enemies":"2 Louse","floor":4,"turns":2},{"damage":11,"enemies":"Exordium Wildlife","floor":5,"turns":4},{"damage":34,"enemies":"Lagavulin","floor":6,"turns":8},{"damage":10,"enemies":"3 Sentries","floor":8,"turns":5},{"damage":4,"enemies":"Gremlin Gang","floor":10,"turns":2},{"damage":5,"enemies":"Large Slime","floor":12,"turns":5},{"damage":24,"enemies":"Gremlin Nob","floor":13,"turns":4},{"damage":0,"enemies":"Looter","floor":14,"turns":3},{"damage":26,"enemies":"Slime Boss","floor":16,"turns":11},{"damage":5,"enemies":"2 Thieves","floor":18,"turns":3},{"damage":0,"enemies":"Spheric Guardian","floor":20,"turns":3},{"damage":0,"enemies":"Snecko","floor":21,"turns":5},{"damage":40,"enemies":"Book of Stabbing","floor":23,"turns":6},{"damage":10,"enemies":"Centurion and Healer","floor":24,"turns":5},{"damage":0,"enemies":"Snake Plant","floor":27,"turns":4},{"damage":17,"enemies":"Slavers","floor":30,"turns":5},{"damage":23,"enemies":"Collector","floor":33,"turns":9},{"damage":46,"enemies":"3 Darklings","floor":35,"turns":5},{"damage":0,"enemies":"Orb Walker","floor":36,"turns":4},{"damage":22,"enemies":"Mind Bloom Boss Battle","floor":39,"turns":3}],"seed_played":"8743402706127424773","potions_obtained":[{"floor":3,"key":"Fruit Juice"},{"floor":8,"key":"Swift Potion"},{"floor":13,"key":"Weak Potion"},{"floor":27,"key":"SkillPotion"},{"floor":30,"key":"Fire Potion"}],"is_trial":false,"path_per_floor":["M","?","M","M","M","E","R","E","T","M","R","M","E","M","R","B",null,"M","?","M","M","$","E","M","R","T","M","?","$","E","$","R","B",null,"M","M","?","?","?"],"character_chosen":"DEFECT","items_purchased":["Molten Egg 2","Defragment+1","Capacitor+1"],"campfire_rested":4,"item_purchase_floors":[22,29,31],"current_hp_per_floor":[69,69,69,69,58,24,24,14,14,10,33,28,4,4,27,1,59,54,54,54,54,54,14,4,27,27,27,27,27,10,10,33,10,61,15,15,15,15,0],"gold":0,"neow_bonus":"TEN_PERCENT_HP_BONUS","is_prod":false,"is_daily":false,"chose_seed":false,"campfire_upgraded":1,"win_rate":0,"timestamp":1544568924,"path_taken":["M","?","?","M","M","E","R","E","T","?","R","M","E","M","R","BOSS","M","?","M","M","$","E","M","R","T","?","?","$","E","?","R","BOSS","M","?","?","?","?"],"build_version":"2018-12-10","purchased_purges":1,"victory":false,"max_hp_per_floor":[78,78,78,78,78,78,78,78,78,78,78,78,78,78,78,78,78,78,78,78,78,78,78,78,78,78,78,78,78,78,78,78,78,78,78,78,78,78,83],"card_choices":[{"not_picked":["Hologram","Barrage"],"picked":"Steam","floor":1},{"not_picked":["Aggregate","Heatsinks"],"picked":"Cold Snap","floor":3},{"not_picked":["Sunder","Cold Snap"],"picked":"Steam Power","floor":4},{"not_picked":["Blizzard","Turbo"],"picked":"Sweeping Beam","floor":5},{"not_picked":["Sweeping Beam","Heatsinks"],"picked":"Barrage","floor":6},{"not_picked":["FTL","Beam Cell"],"picked":"Conserve Battery","floor":8},{"not_picked":["Reinforced Body","Steam"],"picked":"Coolheaded","floor":10},{"not_picked":["Reprogram","Leap"],"picked":"Conserve Battery","floor":12},{"not_picked":["Aggregate","Blizzard"],"picked":"Cold Snap","floor":13},{"not_picked":["Conserve Battery","Cold Snap"],"picked":"Consume","floor":14},{"not_picked":["Electrodynamics","Rainbow"],"picked":"Biased Cognition","floor":16},{"not_picked":["Coolheaded","Barrage"],"picked":"Compile Driver+1","floor":18},{"not_picked":["Aggregate","Go for the Eyes","Glacier+1"],"picked":"Defragment","floor":20},{"not_picked":["Ball Lightning","Gash","Coolheaded"],"picked":"Go for the Eyes","floor":21},{"not_picked":["White Noise","Conserve Battery","Turbo"],"picked":"Go for the Eyes+1","floor":23},{"not_picked":["Hologram","Glacier","Stack"],"picked":"Beam Cell+1","floor":24},{"not_picked":["Steam","Coolheaded","Compile Driver+1"],"picked":"Turbo","floor":27},{"not_picked":["Streamline+1","Amplify","Rebound+1"],"picked":"Capacitor+1","floor":30},{"not_picked":["Rainbow","Seek","Biased Cognition+1"],"picked":"Creative AI+1","floor":33},{"not_picked":["Hologram","Turbo","Steam"],"picked":"Reinforced Body+1","floor":35},{"not_picked":["Cold Snap+1","Beam Cell+1","Ball Lightning+1"],"picked":"Defragment+1","floor":36}],"player_experience":1006182,"relics_obtained":[{"floor":6,"key":"Turnip"},{"floor":8,"key":"Blue Candle"},{"floor":9,"key":"Mummified Hand"},{"floor":13,"key":"Bottled Flame"},{"floor":23,"key":"Frozen Egg 2"},{"floor":30,"key":"The Courier"},{"floor":38,"key":"Juzu Bracelet"}],"event_choices":[{"damage_healed":0,"gold_gain":0,"player_choice":"1 cards matched","damage_taken":0,"max_hp_gain":0,"max_hp_loss":0,"event_name":"Match and Keep!","floor":2,"gold_loss":0,"cards_obtained":["Electrodynamics"]},{"cards_removed":["Coolheaded"],"damage_healed":0,"gold_gain":0,"player_choice":"Gave Card","damage_taken":0,"relics_obtained":["Question Card"],"max_hp_gain":0,"max_hp_loss":0,"event_name":"WeMeetAgain","floor":19,"gold_loss":0},{"damage_healed":0,"gold_gain":0,"player_choice":"Simplicity","damage_taken":0,"max_hp_gain":0,"max_hp_loss":0,"event_name":"Back to Basics","floor":28,"gold_loss":0,"cards_upgraded":["Strike_B","Defend_B","Defend_B","Defend_B"]},{"damage_healed":0,"gold_gain":0,"player_choice":"Paid","damage_taken":0,"relics_obtained":["Red Mask"],"max_hp_gain":0,"max_hp_loss":0,"event_name":"Tomb of Lord Red Mask","floor":37,"gold_loss":163},{"damage_healed":0,"gold_gain":0,"player_choice":"Relic","damage_taken":0,"max_hp_gain":0,"max_hp_loss":0,"event_name":"Wheel of Change","floor":38,"gold_loss":0},{"damage_healed":0,"gold_gain":0,"player_choice":"Fight","damage_taken":0,"max_hp_gain":0,"max_hp_loss":0,"event_name":"MindBloom","floor":39,"gold_loss":0}],"is_beta":true,"boss_relics":[{"not_picked":["White Beast Statue","FrozenCore"],"picked":"Astrolabe"},{"not_picked":["Empty Cage","Snecko Eye"],"picked":"Cursed Key"}],"items_purged_floors":[22],"is_endless":false,"potions_floor_spawned":[3,8,12,13,18,27,30,35,36],"killed_by":"Mind Bloom Boss Battle","ascension_level":20}