{"gold_per_floor":[109,128,128,138,138,138,170,170,170,170,183,194,194,194,194,194],"floor_reached":16,"playtime":2984,"items_purged":[],"score":165,"play_id":"111d8d12-0e6d-4c03-9d00-0747833f2259","local_time":"20181016191913","is_ascension_mode":true,"campfire_choices":[{"data":"Neutralize","floor":6,"key":"SMITH"},{"floor":8,"key":"REST"},{"data":"Dash","floor":10,"key":"SMITH"},{"floor":15,"key":"REST"}],"neow_cost":"TEN_PERCENT_HP_LOSS","seed_source_timestamp":37647460304663,"circlet_count":0,"master_deck":["Defend_G","Defend_G+1","Defend_G","Defend_G","Defend_G+1","Strike_G","Strike_G","Strike_G","Strike_G","Strike_G","Survivor","Neutralize+1","AscendersBane","Bullet Time+1","Flying Knee","Backstab","Dash+1","Dagger Spray","Backflip"],"relics":["Ring of the Snake","Bird Faced Urn","Mercury Hourglass"],"potions_floor_usage":[7,16,16],"damage_taken":[{"damage":0,"enemies":"2 Louse","floor":1,"turns":3},{"damage":1,"enemies":"Small Slimes","floor":2,"turns":6},{"damage":0,"enemies":"Jaw Worm","floor":4,"turns":5},{"damage":54,"enemies":"Lagavulin","floor":7,"turns":9},{"damage":1,"enemies":"Looter","floor":11,"turns":3},{"damage":0,"enemies":"Exordium Thugs","floor":12,"turns":4},{"damage":39,"enemies":"Hexaghost","floor":16,"turns":16}],"seed_played":"-3903782850791104768","potions_obtained":[{"floor":2,"key":"Ancient Potion"},{"floor":12,"key":"Swift Potion"},{"floor":14,"key":"GhostInAJar"}],"is_trial":false,"path_per_floor":["M","M","?","M","?","R","E","R","T","R","M","M","?","?","R"],"character_chosen":"THE_SILENT","items_purchased":[],"campfire_rested":2,"item_purchase_floors":[],"current_hp_per_floor":[63,62,62,62,67,67,13,33,33,33,32,32,18,18,38,0],"gold":194,"neow_bonus":"THREE_RARE_CARDS","is_prod":false,"is_daily":false,"chose_seed":false,"campfire_upgraded":2,"win_rate":0,"timestamp":1539710353,"path_taken":["M","M","?","M","?","R","E","R","T","R","M","M","?","?","R","BOSS"],"build_version":"2018-10-15v2","purchased_purges":0,"victory":false,"max_hp_per_floor":[63,63,63,63,68,68,68,68,68,68,68,68,68,68,68,68],"card_choices":[{"not_picked":["A Thousand Cuts","Tools of the Trade"],"picked":"Bullet Time","floor":0},{"not_picked":["Deflect","Prepared","Setup"],"picked":"SKIP","floor":1},{"not_picked":["Bane","Acrobatics"],"picked":"Flying Knee","floor":2},{"not_picked":["Prepared","Dodge and Roll"],"picked":"Backstab","floor":4},{"not_picked":["Bane","Deflect"],"picked":"Dash","floor":7},{"not_picked":["Calculated Gamble","Slice"],"picked":"Dagger Spray","floor":11},{"not_picked":["Blade Dance","Underhanded Strike"],"picked":"Backflip","floor":12}],"player_experience":622473,"relics_obtained":[{"floor":7,"key":"Bird Faced Urn"},{"floor":9,"key":"Mercury Hourglass"}],"event_choices":[{"event_name":"Living Wall","player_choice":"Grow","floor":3,"damage_taken":0},{"event_name":"Big Fish","player_choice":"Donut","floor":5,"damage_taken":0},{"event_name":"Shining Light","player_choice":"Entered Light","floor":13,"damage_taken":0},{"event_name":"The Lab","player_choice":"Got Potions","floor":14,"damage_taken":0}],"is_beta":true,"boss_relics":[],"items_purged_floors":[],"is_endless":false,"potions_floor_spawned":[2,12],"killed_by":"Hexaghost","ascension_level":13}