{"gold_per_floor":[119,133,133,208,225,225,254,269,269,269],"floor_reached":10,"playtime":404,"items_purged":[],"score":129,"play_id":"c572dfd7-d0f7-43b2-b364-1dca7d74e728","local_time":"20181212170236","is_ascension_mode":true,"campfire_choices":[{"data":"Infinite Blades","floor":6,"key":"SMITH"}],"neow_cost":"NONE","seed_source_timestamp":25473834905040,"circlet_count":0,"master_deck":["AscendersBane","Defend_G","Defend_G","Defend_G","Defend_G","Defend_G","Strike_G","Strike_G","Strike_G","Strike_G","Strike_G","Survivor","Neutralize+1","Bouncing Flask","Infinite Blades+1","PiercingWail","Catalyst","Deflect"],"relics":["Ring of the Snake","Potion Belt","Bag of Marbles"],"potions_floor_usage":[8,10],"damage_taken":[{"damage":0,"enemies":"2 Louse","floor":1,"turns":3},{"damage":2,"enemies":"Small Slimes","floor":2,"turns":5},{"damage":0,"enemies":"Cultist","floor":5,"turns":3},{"damage":14,"enemies":"Lagavulin","floor":7,"turns":7},{"damage":28,"enemies":"Exordium Wildlife","floor":8,"turns":8},{"damage":18,"enemies":"Gremlin Nob","floor":10,"turns":3}],"seed_played":"-558208752584708412","potions_obtained":[{"floor":2,"key":"GhostInAJar"},{"floor":8,"key":"EssenceOfSteel"}],"is_trial":false,"path_per_floor":["M","M","?","?","M","R","E","M","T","E"],"character_chosen":"THE_SILENT","items_purchased":[],"campfire_rested":0,"item_purchase_floors":[],"current_hp_per_floor":[65,63,63,52,52,52,38,10,10,0],"gold":269,"neow_bonus":"TEN_PERCENT_HP_BONUS","is_prod":false,"is_daily":false,"chose_seed":false,"campfire_upgraded":1,"win_rate":0,"timestamp":1544630556,"path_taken":["M","M","?","?","M","R","E","M","T","E"],"build_version":"2018-12-11","purchased_purges":0,"victory":false,"max_hp_per_floor":[72,72,72,72,72,72,72,72,72,72],"card_choices":[{"not_picked":["Dodge and Roll","Sucker Punch"],"picked":"Bouncing Flask","floor":1},{"not_picked":["Prepared","Endless Agony"],"picked":"Infinite Blades","floor":2},{"not_picked":["Outmaneuver","Poisoned Stab"],"picked":"PiercingWail","floor":5},{"not_picked":["Quick Slash","Eviscerate"],"picked":"Catalyst","floor":7},{"not_picked":["Escape Plan","Setup"],"picked":"Deflect","floor":8}],"player_experience":1011483,"relics_obtained":[{"floor":7,"key":"Potion Belt"},{"floor":9,"key":"Bag of Marbles"}],"event_choices":[{"damage_healed":0,"gold_gain":0,"player_choice":"Grow","damage_taken":0,"max_hp_gain":0,"max_hp_loss":0,"event_name":"Living Wall","floor":3,"gold_loss":0,"cards_upgraded":["Neutralize"]},{"damage_healed":0,"gold_gain":75,"player_choice":"Gather Gold","damage_taken":11,"max_hp_gain":0,"max_hp_loss":0,"event_name":"World of Goop","floor":4,"gold_loss":0}],"is_beta":true,"boss_relics":[],"items_purged_floors":[],"is_endless":false,"potions_floor_spawned":[2,8],"killed_by":"Gremlin Nob","ascension_level":18}