{"gold_per_floor":[110,110,129,179,199,234,245,245,270,270,282,282,347,358,358,358],"floor_reached":16,"playtime":416,"items_purged":[],"score":224,"play_id":"8831ab68-b17a-4fde-8927-df86b47fe55b","local_time":"20190429232442","is_ascension_mode":true,"campfire_choices":[{"floor":8,"key":"REST"},{"data":"Neutralize","floor":10,"key":"SMITH"},{"data":"Blade Dance","floor":12,"key":"SMITH"},{"floor":15,"key":"REST"}],"neow_cost":"NONE","seed_source_timestamp":53650061851230,"circlet_count":0,"master_deck":["AscendersBane","Defend_G","Defend_G","Defend_G","Defend_G+1","Defend_G+1","Strike_G","Strike_G","Strike_G","Strike_G","Survivor","Neutralize+1","All Out Attack","Dagger Throw","Flechettes","Riddle With Holes","Blade Dance+1","Dash","Deadly Poison"],"relics":["Ring of the Snake","NeowsBlessing","Boot","War Paint","Tiny Chest"],"potions_floor_usage":[6,6,16,16],"damage_taken":[{"damage":0,"enemies":"Jaw Worm","floor":1,"turns":1},{"damage":0,"enemies":"Cultist","floor":3,"turns":1},{"damage":0,"enemies":"Small Slimes","floor":5,"turns":1},{"damage":50,"enemies":"Gremlin Nob","floor":6,"turns":5},{"damage":1,"enemies":"2 Fungi Beasts","floor":7,"turns":3},{"damage":0,"enemies":"Exordium Thugs","floor":11,"turns":3},{"damage":18,"enemies":"Lagavulin","floor":13,"turns":6},{"damage":1,"enemies":"Blue Slaver","floor":14,"turns":3},{"damage":31,"enemies":"Slime Boss","floor":16,"turns":6}],"seed_played":"8036694415323201296","potions_obtained":[{"floor":3,"key":"EntropicBrew"},{"floor":5,"key":"SkillPotion"},{"floor":6,"key":"Block Potion"},{"floor":11,"key":"SteroidPotion"}],"is_trial":false,"path_per_floor":["M","?","M","?","M","E","M","R","T","R","M","R","E","M","R","B"],"character_chosen":"THE_SILENT","items_purchased":[],"campfire_rested":2,"item_purchase_floors":[],"current_hp_per_floor":[59,59,59,59,59,9,8,27,27,27,27,27,9,8,27,0],"gold":358,"neow_bonus":"THREE_ENEMY_KILL","is_prod":false,"is_daily":false,"chose_seed":false,"campfire_upgraded":2,"win_rate":0,"timestamp":1556573082,"path_taken":["M","?","?","?","M","E","?","R","T","R","M","R","E","M","R","BOSS"],"build_version":"2019-01-23","purchased_purges":0,"victory":false,"max_hp_per_floor":[66,66,66,66,66,66,66,66,66,66,66,66,66,66,66,66],"card_choices":[{"not_picked":["Bane","Outmaneuver","Eviscerate"],"picked":"SKIP","floor":1},{"not_picked":["Calculated Gamble","Acrobatics"],"picked":"All Out Attack","floor":3},{"not_picked":["Deflect","Tactician"],"picked":"Dagger Throw","floor":5},{"not_picked":["PiercingWail","Acrobatics"],"picked":"Flechettes","floor":6},{"not_picked":["Outmaneuver","Reflex"],"picked":"Riddle With Holes","floor":7},{"not_picked":["Night Terror","Flying Knee"],"picked":"Blade Dance","floor":11},{"not_picked":["Flying Knee","Accuracy"],"picked":"Dash","floor":13},{"not_picked":["Bane","Slice"],"picked":"Deadly Poison","floor":14}],"player_experience":1641420,"relics_obtained":[{"floor":6,"key":"Boot"},{"floor":9,"key":"War Paint"},{"floor":13,"key":"Tiny Chest"}],"event_choices":[{"cards_removed":["Strike_G"],"damage_healed":0,"gold_gain":0,"player_choice":"Offered Basic","damage_taken":0,"max_hp_gain":0,"max_hp_loss":0,"event_name":"Bonfire Elementals","floor":2,"gold_loss":0},{"damage_healed":0,"gold_gain":50,"player_choice":"Pray","damage_taken":0,"max_hp_gain":0,"max_hp_loss":0,"event_name":"Golden Shrine","floor":4,"gold_loss":0}],"is_beta":false,"boss_relics":[],"items_purged_floors":[],"is_endless":false,"potions_floor_spawned":[3,5,6,11],"killed_by":"Slime Boss","ascension_level":20}