{"gold_per_floor":[115,115,136,113,136,172,172,193,193,212,212,212],"floor_reached":12,"playtime":280,"items_purged":[],"score":80,"play_id":"6d63545f-468a-4706-a01b-951c4b9fe6ea","local_time":"20190524232737","is_ascension_mode":false,"campfire_choices":[{"floor":7,"key":"REST"}],"neow_cost":"NONE","seed_source_timestamp":627077828077065,"circlet_count":0,"master_deck":["Strike_B","Strike_B","Strike_B","Strike_B","Defend_B","Defend_B","Defend_B","Defend_B","Zap","Dualcast","Defragment","Redo","Redo","Stack","Tempest","Ball Lightning","Capacitor"],"relics":["Cracked Core","NeowsBlessing","Golden Idol","Pocketwatch","Kunai"],"potions_floor_usage":[12,12,12],"damage_taken":[{"damage":0,"enemies":"Jaw Worm","floor":1,"turns":1},{"damage":0,"enemies":"Cultist","floor":3,"turns":1},{"damage":0,"enemies":"2 Louse","floor":5,"turns":1},{"damage":39,"enemies":"Lagavulin","floor":6,"turns":6},{"damage":23,"enemies":"Lots of Slimes","floor":8,"turns":3},{"damage":14,"enemies":"Exordium Wildlife","floor":10,"turns":3},{"damage":9,"enemies":"Gremlin Nob","floor":12,"turns":2}],"seed_played":"6741600774218490000","potions_obtained":[{"floor":1,"key":"Dexterity Potion"},{"floor":3,"key":"AttackPotion"},{"floor":8,"key":"SkillPotion"},{"floor":11,"key":"FocusPotion"}],"is_trial":false,"path_per_floor":["M","?","M","$","M","E","R","M","T","M","?","E"],"character_chosen":"DEFECT","items_purchased":["Redo"],"campfire_rested":1,"item_purchase_floors":[4],"current_hp_per_floor":[75,57,57,57,57,18,40,17,17,3,3,0],"gold":212,"neow_bonus":"THREE_ENEMY_KILL","is_prod":false,"is_daily":false,"chose_seed":false,"campfire_upgraded":0,"win_rate":0,"timestamp":1558711657,"path_taken":["M","?","M","$","M","E","R","M","T","M","?","E"],"build_version":"2019-01-23","purchased_purges":0,"victory":false,"max_hp_per_floor":[75,75,75,75,75,75,75,75,75,75,75,75],"card_choices":[{"not_picked":["White Noise","Chaos"],"picked":"Defragment","floor":1},{"not_picked":["Beam Cell","Barrage"],"picked":"Redo","floor":3},{"not_picked":["Cold Snap","Turbo"],"picked":"Stack","floor":5},{"not_picked":["Steam","Doom and Gloom"],"picked":"Tempest","floor":6},{"not_picked":["Redo","Rip and Tear"],"picked":"Ball Lightning","floor":8},{"not_picked":["Sunder","Chaos"],"picked":"Capacitor","floor":10}],"player_experience":194161,"relics_obtained":[{"floor":6,"key":"Pocketwatch"},{"floor":9,"key":"Kunai"}],"event_choices":[{"damage_healed":0,"gold_gain":0,"player_choice":"Take Damage","damage_taken":18,"relics_obtained":["Golden Idol"],"max_hp_gain":0,"max_hp_loss":0,"event_name":"Golden Idol","floor":2,"gold_loss":0},{"damage_healed":0,"gold_gain":0,"player_choice":"Got Potions","damage_taken":0,"max_hp_gain":0,"max_hp_loss":0,"event_name":"Lab","floor":11,"gold_loss":0}],"is_beta":false,"boss_relics":[],"items_purged_floors":[],"is_endless":false,"potions_floor_spawned":[1,3,8],"killed_by":"Gremlin Nob","ascension_level":0}