{"path_per_floor":["M","?","M","M","M","R","E","R","T","$","?","?","R","E","R"],"character_chosen":"DEFECT","items_purchased":["Mummified Hand","Capacitor"],"gold_per_floor":[118,218,233,253,273,273,305,305,361,44,44,72,72,105,105,105],"floor_reached":16,"campfire_rested":1,"playtime":498,"item_purchase_floors":[],"current_hp_per_floor":[66,66,65,60,44,44,29,29,29,29,29,17,54,38,38,0],"items_purged":[],"gold":105,"score":146,"play_id":"1aea8ae6-8d7f-489f-ab10-c6796b628d7d","local_time":"20180609105702","is_prod":false,"is_daily":false,"chose_seed":false,"is_ascension_mode":true,"campfire_upgraded":3,"win_rate":0,"timestamp":1528534622,"campfire_choices":[{"data":"Zap","floor":6.0,"key":"SMITH"},{"data":"Dualcast","floor":8.0,"key":"SMITH"},{"floor":13.0,"key":"REST"},{"data":"Amplify","floor":15.0,"key":"SMITH"}],"path_taken":["M","?","M","M","M","R","E","R","T","$","?","?","R","E","R","BOSS"],"build_version":"2018-06-08","seed_source_timestamp":0,"purchased_purges":0,"victory":false,"master_deck":["Strike_B","Strike_B","Strike_B","Defend_B","Defend_B","Defend_B","Defend_B","Zap+1","Dualcast+1","Doom and Gloom","Beam Cell","Self Repair","Melter","Amplify+1","Capacitor","Gash","Conserve Battery","Meteor Strike"],"max_hp_per_floor":[75,75,75,75,75,75,75,75,75,75,75,75,75,75,75,75],"relics":["Cracked Core","Regal Pillow","Tiny Chest","Mummified Hand","Odd Mushroom","Ancient Tea Set"],"card_choices":[{"not_picked":["Fusion","Sweeping Beam"],"picked":"Doom and Gloom","floor":1.0},{"not_picked":["Glacier","Steam"],"picked":"Beam Cell","floor":3.0},{"not_picked":["Heatsinks","Redo"],"picked":"Self Repair","floor":4.0},{"not_picked":["Turbo","Steam"],"picked":"Melter","floor":5.0},{"not_picked":["Coolheaded","Steam"],"picked":"Amplify","floor":7.0},{"not_picked":["Darkness","Rebound"],"picked":"Conserve Battery","floor":12.0},{"not_picked":["Ball Lightning","Doom and Gloom"],"picked":"Meteor Strike","floor":14.0}],"player_experience":293443,"potions_floor_usage":[],"damage_taken":[{"damage":2.0,"enemies":"2 Louse","floor":1.0,"turns":3.0},{"damage":1.0,"enemies":"Cultist","floor":3.0,"turns":3.0},{"damage":5.0,"enemies":"Small Slimes","floor":4.0,"turns":2.0},{"damage":23.0,"enemies":"Exordium Thugs","floor":5.0,"turns":3.0},{"damage":22.0,"enemies":"3 Sentries","floor":7.0,"turns":6.0},{"damage":19.0,"floor":12.0,"turns":3.0},{"damage":23.0,"enemies":"Gremlin Nob","floor":14.0,"turns":4.0},{"damage":45,"enemies":"Slime Boss","floor":16,"turns":6}],"relics_obtained":[{"floor":7.0,"key":"Regal Pillow"},{"floor":9.0,"key":"Tiny Chest"},{"floor":12.0,"key":"Odd Mushroom"},{"floor":14.0,"key":"Ancient Tea Set"}],"event_choices":[{"event_name":"Golden Shrine","player_choice":"Pray","floor":2.0,"damage_taken":0.0},{"event_name":"Transmorgrifier","player_choice":"Transform","floor":11.0,"damage_taken":0.0},{"event_name":"Mushrooms","player_choice":"Fought Mushrooms","floor":12.0,"damage_taken":0.0}],"boss_relics":[],"items_purged_floors":[],"potions_floor_spawned":[1,5],"seed_played":"2818685862145374456","killed_by":"Slime Boss","ascension_level":7,"potions_obtained":[{"floor":1.0,"key":"PowerPotion"},{"floor":5.0,"key":"FearPotion"}],"is_trial":false}