{"gold_per_floor":[111,122,54,66,66,66,66,66,91,106,133,133,143,169,169,274,274,290,43,43,61,78,106,106,136,161,161,161,174,208,219,219,219],"floor_reached":33,"playtime":1748,"items_purged":[],"score":444,"play_id":"e5b2e2b7-ef7e-4d74-a554-fc921bbe613b","local_time":"20190408123837","is_ascension_mode":true,"campfire_choices":[{"data":"Bash","floor":6,"key":"SMITH"},{"data":"Berserk","floor":8,"key":"SMITH"},{"floor":12,"key":"REST"},{"data":"Clothesline","floor":15,"key":"SMITH"},{"floor":24,"key":"REST"},{"data":"Armaments","floor":27,"key":"SMITH"},{"floor":32,"key":"REST"}],"neow_cost":"NONE","seed_source_timestamp":825354073733340,"circlet_count":0,"master_deck":["Strike_R+1","Strike_R","Strike_R","Strike_R","Strike_R","Defend_R","Defend_R","Defend_R","Defend_R","Bash+1","Rampage","Pummel+1","Ghostly Armor","Berserk+1","Clothesline+1","Inflame","Spot Weakness","Feed","Armaments+1","Armaments+1","Shrug It Off"],"relics":["Burning Blood","Bag of Preparation","Lantern","Anchor","Sozu","Singing Bowl","Calipers","Whetstone","Ancient Tea Set","Red Skull"],"potions_floor_usage":[10,14],"damage_taken":[{"damage":1,"enemies":"2 Louse","floor":1,"turns":3},{"damage":0,"enemies":"Cultist","floor":2,"turns":3},{"damage":0,"enemies":"Small Slimes","floor":4,"turns":4},{"damage":1,"enemies":"Looter","floor":10,"turns":2},{"damage":55,"enemies":"3 Sentries","floor":11,"turns":15},{"damage":7,"enemies":"Lots of Slimes","floor":13,"turns":2},{"damage":5,"enemies":"Lagavulin","floor":14,"turns":6},{"damage":10,"enemies":"Slime Boss","floor":16,"turns":6},{"damage":21,"enemies":"Spheric Guardian","floor":18,"turns":4},{"damage":11,"enemies":"3 Byrds","floor":21,"turns":4},{"damage":18,"enemies":"Snake Plant","floor":22,"turns":3},{"damage":30,"enemies":"Slavers","floor":23,"turns":6},{"damage":36,"enemies":"Book of Stabbing","floor":25,"turns":4},{"damage":0,"enemies":"Shelled Parasite and Fungi","floor":29,"turns":4},{"damage":113,"enemies":"Gremlin Leader","floor":30,"turns":11},{"damage":8,"enemies":"Sentry and Sphere","floor":31,"turns":4},{"damage":56,"enemies":"Automaton","floor":33,"turns":8}],"seed_played":"7747010063361159661","potions_obtained":[{"floor":1,"key":"FearPotion"},{"floor":2,"key":"SteroidPotion"},{"floor":10,"key":"SpeedPotion"},{"floor":13,"key":"Energy Potion"}],"is_trial":false,"path_per_floor":["M","M","$","M","$","R","?","R","T","M","E","R","M","E","R","B",null,"M","$","?","M","M","E","R","E","T","R","?","M","E","M","R","B"],"character_chosen":"IRONCLAD","items_purchased":["Ghostly Armor","Singing Bowl"],"campfire_rested":3,"item_purchase_floors":[3,19],"current_hp_per_floor":[88,88,88,88,88,88,88,88,88,88,39,65,64,65,65,61,81,69,69,69,69,62,43,74,47,47,47,119,124,19,17,54,0],"gold":219,"neow_bonus":"TEN_PERCENT_HP_BONUS","is_prod":false,"is_daily":false,"chose_seed":false,"campfire_upgraded":4,"win_rate":0,"timestamp":1554752317,"path_taken":["M","M","$","M","$","R","?","R","T","M","E","R","M","E","R","BOSS","M","$","?","M","M","E","R","E","T","R","?","M","E","M","R","BOSS"],"build_version":"2019-01-23","purchased_purges":0,"victory":false,"max_hp_per_floor":[88,88,88,88,88,88,88,88,88,88,88,88,88,88,88,88,88,91,91,91,96,101,106,106,109,109,109,119,124,126,126,126,126],"card_choices":[{"not_picked":["Shockwave","Perfected Strike"],"picked":"Rampage","floor":1},{"not_picked":["Clothesline","Sword Boomerang"],"picked":"Pummel","floor":2},{"not_picked":["Warcry","Sentinel","Thunderclap"],"picked":"SKIP","floor":4},{"not_picked":["Iron Wave","Anger"],"picked":"Clothesline","floor":10},{"not_picked":["Twin Strike","Havoc"],"picked":"Immolate","floor":11},{"not_picked":["Corruption","Shrug It Off"],"picked":"Inflame","floor":13},{"not_picked":["Perfected Strike","Cleave"],"picked":"Spot Weakness","floor":14},{"not_picked":["Immolate","Offering"],"picked":"Feed","floor":16},{"not_picked":["Pummel","Clothesline"],"picked":"Armaments+1","floor":18},{"not_picked":["Havoc+1","Evolve+1","Heavy Blade"],"picked":"Singing Bowl","floor":21},{"not_picked":["Evolve","Spot Weakness","Thunderclap"],"picked":"Singing Bowl","floor":22},{"not_picked":["Sword Boomerang","Sentinel+1","Second Wind"],"picked":"Singing Bowl","floor":23},{"not_picked":["True Grit","Evolve+1"],"picked":"Armaments","floor":25},{"not_picked":["Clash+1","Iron Wave","Corruption"],"picked":"Singing Bowl","floor":29},{"not_picked":["Sentinel","Anger","Bludgeon"],"picked":"Singing Bowl","floor":30},{"not_picked":["True Grit","Cleave+1"],"picked":"Shrug It Off","floor":31}],"player_experience":536581,"relics_obtained":[{"floor":9,"key":"Bag of Preparation"},{"floor":11,"key":"Lantern"},{"floor":14,"key":"Anchor"},{"floor":23,"key":"Calipers"},{"floor":25,"key":"Whetstone"},{"floor":26,"key":"Ancient Tea Set"},{"floor":30,"key":"Red Skull"}],"event_choices":[{"damage_healed":0,"gold_gain":0,"player_choice":"1 cards matched","damage_taken":0,"max_hp_gain":0,"max_hp_loss":0,"event_name":"Match and Keep!","floor":7,"gold_loss":0,"cards_obtained":["Berserk"]},{"damage_healed":0,"gold_gain":0,"player_choice":"Ignored","damage_taken":0,"max_hp_gain":0,"max_hp_loss":0,"event_name":"Ghosts","floor":20,"gold_loss":0},{"cards_removed":["Immolate"],"damage_healed":62,"gold_gain":0,"player_choice":"Offered Rare","damage_taken":0,"max_hp_gain":10,"max_hp_loss":0,"event_name":"Bonfire Elementals","floor":28,"gold_loss":0}],"is_beta":false,"boss_relics":[{"not_picked":["Black Blood","Ectoplasm"],"picked":"Sozu"}],"items_purged_floors":[],"is_endless":false,"potions_floor_spawned":[1,2,10,13,18,25,30,31],"killed_by":"Automaton","ascension_level":5}