{"gold_per_floor":[116,126,151,151,101,128,144,172,244,244,20,38,52,73,73,174,174,186,111,128,128,147,174,194,226,249,249,262,115,115,128,128,233,233,244,244,254,269,73,73,92,120,168,168,168,128,139,159,159,159],"floor_reached":51,"playtime":4023,"items_purged":["Strike_B","Strike_B+1"],"score":988,"play_id":"f4f764ec-b02f-4fcc-a9fe-8e0bc9aab45f","local_time":"20181118191933","is_ascension_mode":true,"campfire_choices":[{"data":"Genetic Algorithm","floor":10.0,"key":"SMITH"},{"data":"Streamline","floor":15.0,"key":"SMITH"},{"floor":30.0,"key":"REST"},{"floor":32.0,"key":"REST"},{"floor":40.0,"key":"REST"},{"floor":45,"key":"REST"},{"floor":49,"key":"REST"}],"neow_cost":"NONE","seed_source_timestamp":0,"circlet_count":0,"master_deck":["Defend_B","Defend_B","Defend_B+1","Defend_B","Zap+1","Dualcast+1","Doom and Gloom","Genetic Algorithm+1","Streamline+1","Undo","Electrodynamics","Conserve Battery+1","Echo Form","Machine Learning","Parasite"],"special_seed":0,"relics":["Cracked Core","NeowsBlessing","War Paint","Singing Bowl","Kunai","Bottled Flame","Oddly Smooth Stone","Odd Mushroom","White Beast Statue","Vajra","Ice Cream","Smiling Mask","Orichalcum","Potion Belt","Inserter","Boot","Dream Catcher","Bronze Scales"],"potions_floor_usage":[42,42,48,50,50,50],"damage_taken":[{"damage":0.0,"enemies":"Cultist","floor":1.0,"turns":1.0},{"damage":0.0,"enemies":"Jaw Worm","floor":2.0,"turns":1.0},{"damage":0.0,"enemies":"Gremlin Nob","floor":6.0,"turns":1.0},{"damage":6.0,"enemies":"2 Louse","floor":7.0,"turns":2.0},{"damage":19.0,"enemies":"Lagavulin","floor":8.0,"turns":4.0},{"damage":0.0,"enemies":"Blue Slaver","floor":12.0,"turns":3.0},{"damage":0.0,"enemies":"Large Slime","floor":13.0,"turns":3.0},{"damage":0.0,"enemies":"The Mushroom Lair","floor":14.0,"turns":2.0},{"damage":9.0,"enemies":"Slime Boss","floor":16.0,"turns":8.0},{"damage":12.0,"enemies":"3 Byrds","floor":18.0,"turns":2.0},{"damage":0.0,"enemies":"Chosen","floor":20.0,"turns":3.0},{"damage":37.0,"enemies":"Centurion and Healer","floor":22.0,"turns":3.0},{"damage":31.0,"enemies":"Slavers","floor":23.0,"turns":5.0},{"damage":0.0,"enemies":"Chosen and Byrds","floor":24.0,"turns":5.0},{"damage":0.0,"enemies":"Gremlin Leader","floor":25.0,"turns":6.0},{"damage":0.0,"enemies":"Colosseum Slavers","floor":27.0,"turns":4.0},{"damage":0.0,"enemies":"Snecko","floor":28.0,"turns":6.0},{"damage":8.0,"enemies":"Cultist and Chosen","floor":31.0,"turns":6.0},{"damage":19.0,"enemies":"Automaton","floor":33.0,"turns":9.0},{"damage":40.0,"enemies":"3 Shapes","floor":35.0,"turns":5.0},{"damage":27.0,"enemies":"3 Darklings","floor":37.0,"turns":5.0},{"damage":24.0,"enemies":"Sphere and 2 Shapes","floor":38.0,"turns":8.0},{"damage":7.0,"enemies":"Maw","floor":41.0,"turns":9.0},{"damage":31,"enemies":"Giant Head","floor":42,"turns":10},{"damage":11,"enemies":"Spire Growth","floor":47,"turns":7},{"damage":21,"enemies":"Writhing Mass","floor":48,"turns":7},{"damage":98,"enemies":"Time Eater","floor":50,"turns":15}],"seed_played":"976411870085131327","potions_obtained":[{"floor":1.0,"key":"Swift Potion"},{"floor":7.0,"key":"EntropicBrew"},{"floor":13.0,"key":"Block Potion"},{"floor":16.0,"key":"PowerPotion"},{"floor":18.0,"key":"AttackPotion"},{"floor":22.0,"key":"SkillPotion"},{"floor":23.0,"key":"SkillPotion"},{"floor":24.0,"key":"FocusPotion"},{"floor":28.0,"key":"Regen Potion"},{"floor":31.0,"key":"FocusPotion"},{"floor":33.0,"key":"Poison Potion"},{"floor":35.0,"key":"FearPotion"},{"floor":37.0,"key":"EssenceOfSteel"},{"floor":38.0,"key":"SpeedPotion"},{"floor":42,"key":"Regen Potion"},{"floor":47,"key":"Block Potion"},{"floor":48,"key":"Regen Potion"}],"is_trial":false,"path_per_floor":["M","M","T","?","?","E","M","E","T","R","$","M","M","?","R","B",null,"M","?","M","?","M","E","M","E","T","?","M","$","R","M","R","B",null,"M","?","M","M","$","R","M","E","T","?","R","?","M","M","R","B",null],"character_chosen":"DEFECT","items_purchased":["Oddly Smooth Stone","Potion Belt","Boot"],"campfire_rested":5,"item_purchase_floors":[11,29,39],"current_hp_per_floor":[75,75,75,60,60,60,54,35,35,35,35,37,39,39,39,30,79,69,69,71,71,36,7,9,11,11,11,13,13,40,34,62,43,95,57,57,46,24,24,54,49,20,20,20,53,53,44,25,60,17],"gold":159,"neow_bonus":"THREE_ENEMY_KILL","is_prod":false,"is_daily":false,"chose_seed":false,"campfire_upgraded":2,"win_rate":0,"timestamp":1542539973,"path_taken":["M","M","?","?","?","E","M","E","T","R","$","M","M","?","R","BOSS","M","?","M","?","M","E","?","E","T","?","M","$","R","M","R","BOSS","M","?","?","M","$","R","M","E","T","?","R","?","?","M","R","BOSS"],"build_version":"2018-11-15","purchased_purges":2,"victory":true,"max_hp_per_floor":[75,75,75,75,75,75,75,75,75,75,75,77,79,79,79,79,79,81,81,83,83,85,87,89,91,91,91,93,93,93,95,95,95,95,97,97,99,101,101,101,103,105,105,105,107,107,109,111,113,113],"card_choices":[{"not_picked":["Hello World","Cold Snap"],"picked":"Doom and Gloom","floor":1.0},{"not_picked":["Scrape","Stack"],"picked":"Genetic Algorithm","floor":2.0},{"not_picked":["Melter","Skim"],"picked":"Streamline","floor":6.0},{"not_picked":["Gash","Rebound"],"picked":"Undo","floor":7.0},{"not_picked":["Streamline","Steam"],"picked":"Electrodynamics","floor":8.0},{"not_picked":["Cold Snap","Scrape","Beam Cell"],"picked":"Singing Bowl","floor":12.0},{"not_picked":["Go for the Eyes","Chaos","Leap"],"picked":"Singing Bowl","floor":13.0},{"not_picked":["Chill","Defragment"],"picked":"Conserve Battery","floor":14.0},{"not_picked":["Core Surge","All For One"],"picked":"Echo Form","floor":16.0},{"not_picked":["White Noise","Gash","Cold Snap"],"picked":"Singing Bowl","floor":18.0},{"not_picked":["Scrape","Beam Cell+1","Chill+1"],"picked":"Singing Bowl","floor":20.0},{"not_picked":["Tempest","Sweeping Beam","FTL+1"],"picked":"Singing Bowl","floor":22.0},{"not_picked":["Ball Lightning+1","Reprogram","Turbo"],"picked":"Singing Bowl","floor":23.0},{"not_picked":["Melter","Beam Cell","Cold Snap"],"picked":"Singing Bowl","floor":24.0},{"not_picked":["Coolheaded","Redo","Ball Lightning+1"],"picked":"Singing Bowl","floor":25.0},{"not_picked":["Undo","Conserve Battery","Tempest"],"picked":"Singing Bowl","floor":28.0},{"not_picked":["Coolheaded","Leap","Aggregate+1"],"picked":"Singing Bowl","floor":31.0},{"not_picked":["Core Surge","Meteor Strike"],"picked":"Machine Learning","floor":33.0},{"not_picked":["Redo","Stack+1","Ball Lightning+1"],"picked":"Singing Bowl","floor":35.0},{"not_picked":["Capacitor+1","Compile Driver+1","Fusion+1"],"picked":"Singing Bowl","floor":37.0},{"not_picked":["Leap","Barrage+1","Go for the Eyes"],"picked":"Singing Bowl","floor":38.0},{"not_picked":["Beam Cell+1","Glacier","Reboot"],"picked":"Singing Bowl","floor":41.0},{"not_picked":["FTL","Go for the Eyes","Cold Snap+1"],"picked":"Singing Bowl","floor":42},{"not_picked":["Beam Cell+1","Recycle+1","Aggregate+1"],"picked":"Singing Bowl","floor":45},{"not_picked":["Compile Driver","Blizzard","Doom and Gloom"],"picked":"Singing Bowl","floor":47},{"not_picked":["Leap+1","Meteor Strike","Force Field"],"picked":"Singing Bowl","floor":48},{"not_picked":["Turbo+1","Stack+1","Beam Cell+1"],"picked":"Singing Bowl","floor":49}],"player_experience":254365,"relics_obtained":[{"floor":3.0,"key":"War Paint"},{"floor":6.0,"key":"Singing Bowl"},{"floor":8.0,"key":"Kunai"},{"floor":9.0,"key":"Bottled Flame"},{"floor":14.0,"key":"Odd Mushroom"},{"floor":23.0,"key":"Ice Cream"},{"floor":25.0,"key":"Smiling Mask"},{"floor":26.0,"key":"Orichalcum"},{"floor":42,"key":"Dream Catcher"},{"floor":43,"key":"Bronze Scales"}],"event_choices":[{"damage_healed":0.0,"max_hp_gain":0.0,"max_hp_loss":0.0,"gold_gain":0.0,"event_name":"Shining Light","player_choice":"Entered Light","floor":4.0,"gold_loss":0.0,"damage_taken":15.0,"cards_upgraded":["Strike_B","Defend_B"]},{"cards_removed":["Strike_B"],"damage_healed":0.0,"max_hp_gain":0.0,"max_hp_loss":0.0,"gold_gain":0.0,"event_name":"The Cleric","player_choice":"Card Removal","floor":5.0,"gold_loss":50.0,"damage_taken":0.0},{"damage_healed":0.0,"max_hp_gain":0.0,"max_hp_loss":0.0,"gold_gain":0.0,"event_name":"Mushrooms","player_choice":"Fought Mushrooms","floor":14.0,"gold_loss":0.0,"damage_taken":0.0},{"cards_removed":["Strike_B"],"damage_healed":0.0,"max_hp_gain":0.0,"max_hp_loss":0.0,"gold_gain":0.0,"event_name":"Beggar","player_choice":"Gave Gold","floor":19.0,"gold_loss":75.0,"damage_taken":0.0},{"damage_healed":0.0,"max_hp_gain":0.0,"max_hp_loss":0.0,"gold_gain":0.0,"event_name":"WeMeetAgain","player_choice":"Gave Potion","floor":21.0,"gold_loss":0.0,"damage_taken":0.0,"relics_obtained":["Vajra"]},{"damage_healed":0.0,"max_hp_gain":0.0,"max_hp_loss":0.0,"gold_gain":0.0,"event_name":"Colosseum","player_choice":"Fight","floor":27.0,"gold_loss":0.0,"damage_taken":0.0},{"damage_healed":0.0,"max_hp_gain":0.0,"max_hp_loss":0.0,"gold_gain":0.0,"event_name":"Colosseum","player_choice":"Fled From Nobs","floor":27.0,"gold_loss":0.0,"damage_taken":0.0},{"damage_healed":0.0,"max_hp_gain":0.0,"max_hp_loss":0.0,"gold_gain":0.0,"event_name":"The Woman in Blue","player_choice":"Bought 0 Potions","floor":36.0,"gold_loss":0.0,"damage_taken":0.0},{"damage_healed":0,"gold_gain":0,"player_choice":"Ignored","damage_taken":0,"max_hp_gain":0,"max_hp_loss":0,"event_name":"Mysterious Sphere","floor":44,"gold_loss":0},{"damage_healed":0,"gold_gain":0,"player_choice":"Upgrade","damage_taken":0,"max_hp_gain":0,"max_hp_loss":0,"event_name":"Designer","floor":46,"gold_loss":40,"cards_upgraded":["Conserve Battery"]}],"is_beta":false,"boss_relics":[{"not_picked":["Velvet Choker","Astrolabe"],"picked":"White Beast Statue"},{"not_picked":["Calling Bell","Lizard Tail"],"picked":"Inserter"}],"items_purged_floors":[11,39],"is_endless":false,"potions_floor_spawned":[1,7,13,16,18,20,22,23,24,25,27,28,31,33,35,37,38,41,42,47,48],"ascension_level":3}