{"path_per_floor":["M","M","$","?","?","R","E","R","T","M","$","M","E","M","R","B",null,"M","$","M","?","M","R","E","R","T","?"],"character_chosen":"THE_SILENT","items_purchased":["Bouncing Flask","Noxious Fumes","Footwork"],"gold_per_floor":[117,129,18,18,18,18,46,46,71,86,13,32,57,76,76,174,174,186,117,131,46,59,59,91,91,91,91,91],"floor_reached":28,"campfire_rested":2,"playtime":912,"item_purchase_floors":[3,11,19],"current_hp_per_floor":[72,65,65,65,58,58,45,45,52,49,49,46,26,19,46,22,74,41,41,33,33,19,46,25,25,25,16,0],"items_purged":["Pain"],"gold":91,"score":369,"play_id":"600ab22b-df52-4c82-a07b-3949bb39cae3","local_time":"20180619181254","is_prod":false,"is_daily":false,"chose_seed":false,"is_ascension_mode":true,"campfire_upgraded":3,"win_rate":0,"timestamp":1529424774,"campfire_choices":[{"data":"Neutralize","floor":6,"key":"SMITH"},{"data":"Leg Sweep","floor":8,"key":"SMITH"},{"floor":15,"key":"REST"},{"floor":23,"key":"REST"},{"data":"Corpse Explosion","floor":25,"key":"SMITH"}],"path_taken":["M","M","$","?","?","R","E","R","T","M","?","M","E","M","R","BOSS","M","$","M","?","M","R","E","R","T","?","M"],"build_version":"2018-06-18","seed_source_timestamp":29705917435956,"purchased_purges":1,"circlet_count":0,"victory":false,"master_deck":["Defend_G","Defend_G","Defend_G","Defend_G","Defend_G","Strike_G","Strike_G","Strike_G","Strike_G","Strike_G","Survivor","Neutralize+1","Deadly Poison","Leg Sweep+1","Bouncing Flask+1","Cloak And Dagger","Malaise","Noxious Fumes","Underhanded Strike","Deadly Poison","Die Die Die","Corpse Explosion+1","Dagger Spray","Footwork","Dagger Spray+1","Bouncing Flask+1","Terror"],"max_hp_per_floor":[84,84,84,84,84,84,84,84,91,91,91,91,91,91,91,91,91,91,91,91,91,91,91,91,91,91,91,91],"relics":["Ring of the Snake","Mango","Darkstone Periapt","Bronze Scales","Strawberry","Turnip","Sozu","Potion Belt","Smiling Mask","Paper Crane"],"card_choices":[{"not_picked":["Blade Dance","Finisher"],"picked":"Deadly Poison","floor":1},{"not_picked":["Flying Knee","Acrobatics"],"picked":"Leg Sweep","floor":2},{"not_picked":["Leg Sweep","Dodge and Roll"],"picked":"Cloak And Dagger","floor":7},{"not_picked":["Underhanded Strike","Blur"],"picked":"Malaise","floor":10},{"not_picked":["Prepared","Accuracy"],"picked":"Underhanded Strike","floor":12},{"not_picked":["Flechettes","Concentrate"],"picked":"Deadly Poison","floor":13},{"not_picked":["Cloak And Dagger","Backstab"],"picked":"Die Die Die","floor":14},{"not_picked":["Night Terror","Bullet Time"],"picked":"Corpse Explosion","floor":16},{"not_picked":["Riddle With Holes+1","Underhanded Strike+1"],"picked":"Dagger Spray","floor":18},{"not_picked":["Sucker Punch","Prepared"],"picked":"Dagger Spray+1","floor":20},{"not_picked":["Poisoned Stab+1","Quick Slash+1"],"picked":"Bouncing Flask+1","floor":22},{"not_picked":["Flying Knee","Concentrate+1"],"picked":"Terror","floor":24}],"player_experience":354248,"potions_floor_usage":[12,14],"damage_taken":[{"damage":5,"enemies":"2 Louse","floor":1,"turns":4},{"damage":7,"enemies":"Jaw Worm","floor":2,"turns":6},{"damage":13,"enemies":"Lagavulin","floor":7,"turns":6},{"damage":3,"enemies":"Small Slimes","floor":10,"turns":4},{"damage":3,"enemies":"Exordium Wildlife","floor":12,"turns":3},{"damage":20,"enemies":"3 Sentries","floor":13,"turns":7},{"damage":7,"enemies":"3 Louse","floor":14,"turns":2},{"damage":24,"enemies":"The Guardian","floor":16,"turns":10},{"damage":33,"enemies":"2 Thieves","floor":18,"turns":4},{"damage":8,"enemies":"Shell Parasite","floor":20,"turns":5},{"damage":14,"enemies":"Cultist and Chosen","floor":22,"turns":6},{"damage":21,"enemies":"Book of Stabbing","floor":24,"turns":5},{"damage":17,"enemies":"Slaver and Parasite","floor":28,"turns":3}],"relics_obtained":[{"floor":7,"key":"Bronze Scales"},{"floor":9,"key":"Strawberry"},{"floor":13,"key":"Turnip"},{"floor":24,"key":"Smiling Mask"},{"floor":26,"key":"Paper Crane"}],"event_choices":[{"event_name":"Living Wall","player_choice":"Grow","floor":4,"damage_taken":0},{"event_name":"Scrap Ooze","player_choice":"success","floor":5,"damage_taken":7},{"event_name":"Addict","player_choice":"Obtained Relic","floor":21,"damage_taken":0},{"event_name":"Wheel of Change","player_choice":"Damage","floor":27,"damage_taken":0}],"boss_relics":[{"not_picked":["Ectoplasm","Eternal Feather"],"picked":"Sozu"}],"items_purged_floors":[3],"is_endless":false,"potions_floor_spawned":[7,12,13,22,24],"seed_played":"-7167957828533428010","killed_by":"Slaver and Parasite","ascension_level":8,"potions_obtained":[{"floor":7,"key":"Block Potion"},{"floor":12,"key":"LiquidBronze"},{"floor":13,"key":"Fire Potion"}],"is_trial":false}