{"gold_per_floor":[213,130,143,293,41,41,55,75,75,107,123,150,150,150,150,222,222,198,198,218,236,236,265,165,198,224,224,224,255,272,289,289,368,368,385,402,402,412,429,429,456,476,476,491,110,120,152,163,163,163,163,163,163,4,33,33],"floor_reached":57,"playtime":2882,"items_purged":["Doubt","Strike_G","Dagger Spray","Dagger Throw"],"score":3222,"play_id":"fa4bf6c9-f322-422d-870c-dbe2b2e2e120","local_time":"20190821005158","is_ascension_mode":true,"campfire_choices":[{"data":"Noxious Fumes","floor":6,"key":"SMITH"},{"floor":13,"key":"REST"},{"data":"Footwork","floor":15,"key":"SMITH"},{"data":"Wraith Form v2","floor":28,"key":"SMITH"},{"data":"Wraith Form v2","floor":32,"key":"SMITH"},{"data":"Wraith Form v2","floor":40,"key":"SMITH"},{"floor":49,"key":"RECALL"},{"data":"Catalyst","floor":53,"key":"SMITH"}],"neow_cost":"NONE","seed_source_timestamp":45284870754953,"circlet_count":0,"master_deck":["AscendersBane","Defend_G","Defend_G","Defend_G","Defend_G","Defend_G","Survivor","Neutralize+1","Noxious Fumes+1","Escape Plan","Footwork+1","Deadly Poison","Poisoned Stab+1","Wraith Form v2+1","Backflip","Wraith Form v2+1","Leg Sweep+1","Catalyst+1","Adrenaline","Catalyst","Deflect","Wraith Form v2+1","Catalyst","Night Terror"],"relics":["Ring of the Snake","Bottled Tornado","Dead Branch","Bronze Scales","Runic Pyramid","Meat on the Bone","Ice Cream","Lantern","Omamori","Cursed Key","Dodecahedron","Membership Card","Snake Skull","Art of War","Whetstone","Pantograph"],"potions_floor_usage":[21,37,56],"damage_taken":[{"damage":3,"enemies":"2 Louse","floor":1,"turns":4},{"damage":2,"enemies":"Jaw Worm","floor":3,"turns":5},{"damage":5,"enemies":"Small Slimes","floor":7,"turns":4},{"damage":16,"enemies":"Gremlin Gang","floor":8,"turns":6},{"damage":11,"enemies":"3 Sentries","floor":10,"turns":7},{"damage":4,"enemies":"Looter","floor":11,"turns":5},{"damage":10,"enemies":"Lagavulin","floor":12,"turns":9},{"damage":13,"enemies":"Hexaghost","floor":16,"turns":10},{"damage":12,"enemies":"2 Thieves","floor":18,"turns":4},{"damage":2,"enemies":"3 Byrds","floor":20,"turns":5},{"damage":1,"enemies":"Snecko","floor":21,"turns":8},{"damage":0,"enemies":"Book of Stabbing","floor":23,"turns":6},{"damage":20,"enemies":"Slavers","floor":25,"turns":6},{"damage":0,"enemies":"Book of Stabbing","floor":29,"turns":5},{"damage":2,"enemies":"Shelled Parasite and Fungi","floor":30,"turns":4},{"damage":1,"enemies":"Cultist and Chosen","floor":31,"turns":7},{"damage":0,"enemies":"Champ","floor":33,"turns":12},{"damage":0,"enemies":"3 Shapes","floor":35,"turns":5},{"damage":0,"enemies":"3 Darklings","floor":36,"turns":6},{"damage":0,"enemies":"Writhing Mass","floor":38,"turns":6},{"damage":0,"enemies":"Spire Growth","floor":39,"turns":5},{"damage":0,"enemies":"Reptomancer","floor":41,"turns":6},{"damage":0,"enemies":"Sphere and 2 Shapes","floor":42,"turns":5},{"damage":0,"enemies":"Writhing Mass","floor":44,"turns":6},{"damage":0,"enemies":"Jaw Worm Horde","floor":46,"turns":5},{"damage":0,"enemies":"Nemesis","floor":47,"turns":5},{"damage":1,"enemies":"Transient","floor":48,"turns":6},{"damage":19,"enemies":"Awakened One","floor":50,"turns":12},{"damage":0,"enemies":"Time Eater","floor":51,"turns":6},{"damage":0,"enemies":"Shield and Spear","floor":55,"turns":5},{"damage":30,"enemies":"The Heart","floor":56,"turns":8}],"seed_played":"-1087420354375525791","potions_obtained":[{"floor":3,"key":"AttackPotion"},{"floor":8,"key":"Block Potion"},{"floor":29,"key":"GhostInAJar"},{"floor":30,"key":"SkillPotion"},{"floor":37,"key":"Fruit Juice"},{"floor":37,"key":"PowerPotion"}],"is_trial":false,"path_per_floor":["M","$","M","?","$","R","M","M","T","E","M","E","R","?","R","B",null,"M","?","M","M","?","E","$","E","T","$","R","E","M","M","R","B",null,"M","M","?","M","M","R","E","M","T","M","$","M","E","M","R","B","B",null,"R","$","E","B",null],"character_chosen":"THE_SILENT","items_purchased":["Noxious Fumes","Footwork","Deadly Poison","Dagger Spray","Membership Card","Snake Skull","Whetstone"],"campfire_rested":1,"item_purchase_floors":[2,5,5,5,45,45,54],"current_hp_per_floor":[56,56,54,54,54,54,49,33,33,22,18,8,27,20,20,7,51,39,39,37,36,36,36,36,28,28,28,28,40,38,37,37,37,59,59,59,64,64,64,64,64,64,64,64,64,64,64,63,63,44,44,64,64,64,64,41],"gold":33,"neow_bonus":"HUNDRED_GOLD","is_prod":false,"is_daily":false,"chose_seed":false,"campfire_upgraded":6,"win_rate":0,"timestamp":1566341518,"path_taken":["M","$","M","?","$","R","M","M","T","E","M","E","R","?","R","BOSS","M","?","M","?","?","E","$","E","T","$","R","E","M","M","R","BOSS","M","M","?","M","M","R","E","M","T","M","$","M","E","?","R","BOSS","BOSS","R","$","E","BOSS"],"build_version":"2019-07-17","purchased_purges":4,"victory":true,"max_hp_per_floor":[66,66,66,66,66,66,66,66,66,66,66,66,66,66,66,66,66,66,66,66,66,66,66,66,66,66,66,66,66,66,66,66,66,66,66,66,71,71,71,71,71,71,71,71,71,71,71,71,71,71,71,71,71,71,71,71],"card_choices":[{"not_picked":["Prepared","Outmaneuver","Expertise"],"picked":"SKIP","floor":1},{"not_picked":["Dodge and Roll","Prepared"],"picked":"Escape Plan","floor":3},{"not_picked":["Slice","Outmaneuver"],"picked":"Poisoned Stab","floor":7},{"not_picked":["Quick Slash","Poisoned Stab"],"picked":"Wraith Form v2","floor":8},{"not_picked":["Blade Dance","Riddle With Holes"],"picked":"Backflip","floor":10},{"not_picked":["Dagger Throw","Flying Knee","Grand Finale"],"picked":"SKIP","floor":11},{"not_picked":["Predator","Accuracy","Riddle With Holes"],"picked":"SKIP","floor":12},{"not_picked":["Glass Knife","Venomology"],"picked":"Wraith Form v2","floor":16},{"not_picked":["Cloak And Dagger","Dagger Spray","Slice"],"picked":"SKIP","floor":18},{"not_picked":["Poisoned Stab+1","Reflex"],"picked":"Leg Sweep+1","floor":20},{"not_picked":["Dagger Spray","Distraction","Well Laid Plans"],"picked":"SKIP","floor":21},{"not_picked":["After Image","Leg Sweep"],"picked":"Catalyst","floor":23},{"not_picked":["Tactician","Flying Knee+1","Terror"],"picked":"SKIP","floor":25},{"not_picked":["Flying Knee","Unload","All Out Attack"],"picked":"SKIP","floor":29},{"not_picked":["Caltrops","Underhanded Strike","Deflect"],"picked":"SKIP","floor":30},{"not_picked":["Backflip+1","Slice"],"picked":"Deflect","floor":31},{"not_picked":["Night Terror","Phantasmal Killer"],"picked":"Wraith Form v2","floor":33},{"not_picked":["Deflect","Sucker Punch+1","Poisoned Stab"],"picked":"SKIP","floor":35},{"not_picked":["Setup+1","Endless Agony"],"picked":"Catalyst","floor":36},{"not_picked":["Dagger Spray+1","Prepared","Flying Knee"],"picked":"SKIP","floor":38},{"not_picked":["Dagger Throw","Outmaneuver+1","Poisoned Stab+1"],"picked":"SKIP","floor":39},{"not_picked":["Reflex","Outmaneuver","Flying Knee"],"picked":"SKIP","floor":41},{"not_picked":["Acrobatics+1","Cloak And Dagger","Well Laid Plans+1"],"picked":"SKIP","floor":42},{"not_picked":["Deadly Poison","Acrobatics","Riddle With Holes"],"picked":"SKIP","floor":44},{"not_picked":["Skewer+1","Riddle With Holes"],"picked":"Night Terror","floor":46},{"not_picked":["Bouncing Flask","Deflect+1","Eviscerate+1"],"picked":"SKIP","floor":47},{"not_picked":["Distraction+1","Underhanded Strike+1","Sucker Punch"],"picked":"SKIP","floor":48},{"not_picked":["Eviscerate","Dodge and Roll+1","Dagger Throw"],"picked":"SKIP","floor":55}],"player_experience":1946327,"relics_obtained":[{"floor":9,"key":"Bottled Tornado"},{"floor":10,"key":"Dead Branch"},{"floor":12,"key":"Bronze Scales"},{"floor":23,"key":"Meat on the Bone"},{"floor":25,"key":"Ice Cream"},{"floor":26,"key":"Lantern"},{"floor":29,"key":"Omamori"},{"floor":41,"key":"Dodecahedron"},{"floor":47,"key":"Art of War"},{"floor":55,"key":"Pantograph"}],"event_choices":[{"damage_healed":0,"gold_gain":150,"player_choice":"AGREE","damage_taken":0,"max_hp_gain":0,"max_hp_loss":0,"event_name":"Liars Game","floor":4,"gold_loss":0,"cards_obtained":["Doubt"]},{"cards_removed":["Strike_G"],"damage_healed":0,"gold_gain":0,"player_choice":"Card Removal","damage_taken":7,"max_hp_gain":0,"max_hp_loss":0,"event_name":"Golden Wing","floor":14,"gold_loss":0},{"damage_healed":0,"gold_gain":0,"cards_transformed":["Strike_G"],"player_choice":"Transformed","damage_taken":0,"max_hp_gain":0,"max_hp_loss":0,"event_name":"Transmorgrifier","floor":19,"gold_loss":0,"cards_obtained":["Dagger Throw"]},{"damage_healed":0,"gold_gain":0,"cards_transformed":["Strike_G","Strike_G"],"player_choice":"Became Test Subject","damage_taken":0,"max_hp_gain":0,"max_hp_loss":0,"event_name":"Drug Dealer","floor":22,"gold_loss":0,"cards_obtained":["Catalyst","Adrenaline"]},{"damage_healed":0,"gold_gain":0,"player_choice":"Got Potions","damage_taken":0,"max_hp_gain":0,"max_hp_loss":0,"event_name":"Lab","floor":37,"gold_loss":0}],"is_beta":false,"boss_relics":[{"not_picked":["Philosopher\u0027s Stone","Lizard Tail"],"picked":"Runic Pyramid"},{"not_picked":["HoveringKite","Ring of the Serpent"],"picked":"Cursed Key"}],"items_purged_floors":[5,24,45,54],"is_endless":false,"potions_floor_spawned":[3,8,12,20,29,30,31,41,42,47,48,55],"ascension_level":20}