{"path_per_floor":["M","$","?","M","M","R","E","M","T","$","R","E","M","M","R","B",null,"M","M","M","$","M","R","E","?","T","E","M","M","?","M","R","B",null,"M","M","?","$","M","E","M","?","T","M","R","?","R"],"character_chosen":"IRONCLAD","items_purchased":["Thunderclap","Heavy Blade","Armaments","Paper Frog","Brutality","Deep Breath"],"gold_per_floor":[114,39,39,50,68,68,93,108,108,108,108,143,163,178,178,279,279,292,303,313,41,60,60,91,91,116,149,166,178,103,119,119,216,216,232,243,243,74,87,115,133,133,211,226,226,226,226,226],"floor_reached":48,"campfire_rested":1,"playtime":2180,"item_purchase_floors":[2,2,21,21,38,38],"current_hp_per_floor":[80,80,80,74,79,79,48,45,45,45,45,42,48,54,54,24,80,41,36,23,23,14,38,44,40,40,39,40,40,40,35,35,20,40,40,14,14,14,23,17,17,17,17,13,13,8,8,0],"items_purged":[],"gold":226,"score":729,"play_id":"6a8ea615-c445-4099-bfd5-6bf88a860c8a","local_time":"20180520210105","is_prod":false,"is_daily":false,"chose_seed":false,"is_ascension_mode":true,"campfire_upgraded":6,"timestamp":1526842865,"campfire_choices":[{"data":"Thunderclap","floor":6,"key":"SMITH"},{"data":"Whirlwind","floor":11,"key":"SMITH"},{"data":"Demon Form","floor":15,"key":"SMITH"},{"floor":23,"key":"REST"},{"data":"Heavy Blade","floor":32,"key":"SMITH"},{"data":"Limit Break","floor":45,"key":"SMITH"},{"data":"Madness","floor":47,"key":"SMITH"}],"path_taken":["M","$","?","M","M","R","E","M","T","$","R","E","M","M","R","BOSS","M","M","M","$","M","R","E","?","T","E","M","M","?","M","R","BOSS","M","M","?","$","M","E","M","?","T","M","R","?","R","M"],"build_version":"2018-05-18","seed_source_timestamp":5648104759696,"purchased_purges":0,"victory":false,"master_deck":["Strike_R","Strike_R","Strike_R","Strike_R","Strike_R","Defend_R","Defend_R","Defend_R","Bash","Pommel Strike","Thunderclap+1","Heavy Blade+1","Dropkick","Twin Strike","Rage","Whirlwind+1","Demon Form+1","Dropkick","Reaper","Pommel Strike+1","Inflame","Cleave+1","Armaments","Armaments","Limit Break+1","Ghostly","Ghostly","Ghostly","Ghostly","Ghostly","Flex+1","Demon Form","True Grit+1","Shrug It Off+1","Brutality+1","Deep Breath","Sever Soul+1","Heavy Blade+1","Battle Trance+1","Flex+1","Madness","Madness+1"],"max_hp_per_floor":[80,80,80,80,80,80,80,80,80,80,80,80,80,80,80,80,80,80,80,80,80,80,80,80,40,40,40,40,40,40,40,40,40,40,40,40,40,40,40,40,40,40,40,40,40,40,40,40],"relics":["Burning Blood","Pen Nib","Potion Belt","Question Card","Mark of Pain","Paper Frog","Darkstone Periapt","Bag of Marbles","Pantograph","Runic Cube","Bottled Tornado","Matryoshka"],"card_choices":[{"not_picked":["Pummel","Power Through"],"picked":"Pommel Strike","floor":1},{"not_picked":["Armaments","Sword Boomerang"],"picked":"Dropkick","floor":4},{"not_picked":["Headbutt","Havoc"],"picked":"Twin Strike","floor":5},{"not_picked":["Blood for Blood","Shockwave"],"picked":"Rage","floor":7},{"not_picked":["Inflame","Clash"],"picked":"Whirlwind","floor":8},{"not_picked":["Iron Wave","Perfected Strike"],"picked":"Demon Form","floor":12},{"not_picked":["Havoc","Sword Boomerang","Wild Strike","Headbutt"],"picked":"SKIP","floor":13},{"not_picked":["Body Slam","Ghostly Armor","Clothesline"],"picked":"Dropkick","floor":14},{"not_picked":["Double Tap","Immolate","Demon Form"],"picked":"Reaper","floor":16},{"not_picked":["Clothesline","Fire Breathing","Cleave"],"picked":"Pommel Strike+1","floor":18},{"not_picked":["Iron Wave","Disarm","Headbutt+1"],"picked":"Inflame","floor":19},{"not_picked":["Headbutt","Uppercut","Clash"],"picked":"Cleave+1","floor":20},{"not_picked":["Iron Wave","Twin Strike","Uppercut"],"picked":"Armaments","floor":22},{"not_picked":["Battle Trance","Evolve","Infernal Blade"],"picked":"Limit Break","floor":24},{"not_picked":["Anger","Combust","Seeing Red"],"picked":"Flex+1","floor":27},{"not_picked":["Shrug It Off","Reckless Charge+1","Power Through","Havoc+1"],"picked":"SKIP","floor":28},{"not_picked":["Shrug It Off","Evolve+1","Havoc","Pommel Strike"],"picked":"SKIP","floor":29},{"not_picked":["Whirlwind","Havoc","Clothesline","Combust"],"picked":"SKIP","floor":31},{"not_picked":["Double Tap","Exhume","Barricade"],"picked":"Demon Form","floor":33},{"not_picked":["Sword Boomerang+1","Perfected Strike","Havoc"],"picked":"True Grit+1","floor":35},{"not_picked":["Rupture+1","Pommel Strike+1","Intimidate"],"picked":"Shrug It Off+1","floor":36},{"not_picked":["Iron Wave","Wild Strike+1","True Grit"],"picked":"Sever Soul+1","floor":39},{"not_picked":["Pommel Strike","Fire Breathing","True Grit+1"],"picked":"Heavy Blade+1","floor":40},{"not_picked":["Searing Blow+1","Wild Strike","Hemokinesis"],"picked":"Battle Trance+1","floor":41},{"not_picked":["Bloodletting+1","Armaments","Feed"],"picked":"Flex+1","floor":44}],"player_experience":176547,"potions_floor_usage":[7,22,24,24,33,33,40,40,44,44,48,48],"damage_taken":[{"damage":1,"enemies":"2 Louse","floor":1,"turns":2},{"damage":12,"enemies":"Jaw Worm","floor":4,"turns":2},{"damage":1,"enemies":"Cultist","floor":5,"turns":3},{"damage":37,"enemies":"Lagavulin","floor":7,"turns":6},{"damage":9,"enemies":"Looter","floor":8,"turns":3},{"damage":9,"enemies":"Gremlin Nob","floor":12,"turns":3},{"damage":0,"enemies":"2 Fungi Beasts","floor":13,"turns":2},{"damage":0,"enemies":"3 Louse","floor":14,"turns":3},{"damage":36,"enemies":"Hexaghost","floor":16,"turns":6},{"damage":45,"enemies":"Shell Parasite","floor":18,"turns":6},{"damage":11,"enemies":"Spheric Guardian","floor":19,"turns":3},{"damage":27,"enemies":"Cultist and Chosen","floor":20,"turns":6},{"damage":15,"enemies":"Chosen and Byrds","floor":22,"turns":4},{"damage":0,"enemies":"Slavers","floor":24,"turns":1},{"damage":7,"enemies":"Gremlin Leader","floor":27,"turns":4},{"damage":3,"enemies":"Snake Plant","floor":28,"turns":3},{"damage":0,"enemies":"3 Cultists","floor":29,"turns":1},{"damage":11,"enemies":"Slaver and Parasite","floor":31,"turns":5},{"damage":26,"enemies":"Automaton","floor":33,"turns":8},{"damage":1,"enemies":"Orb Walker","floor":35,"turns":2},{"damage":32,"enemies":"3 Shapes","floor":36,"turns":1},{"damage":6,"enemies":"Maw","floor":39,"turns":6},{"damage":12,"enemies":"Nemesis","floor":40,"turns":5},{"damage":6,"enemies":"4 Shapes","floor":41,"turns":3},{"damage":33,"enemies":"3 Darklings","floor":44,"turns":5},{"damage":8,"enemies":"Sphere and 2 Shapes","floor":48,"turns":3}],"relics_obtained":[{"floor":7,"key":"Pen Nib"},{"floor":9,"key":"Potion Belt"},{"floor":12,"key":"Question Card"},{"floor":24,"key":"Darkstone Periapt"},{"floor":26,"key":"Bag of Marbles"},{"floor":27,"key":"Pantograph"},{"floor":40,"key":"Bottled Tornado"},{"floor":43,"key":"Matryoshka"}],"event_choices":[{"event_name":"The Cleric","player_choice":"Leave","floor":3,"damage_taken":0},{"event_name":"Ghosts","player_choice":"Became a Ghost","floor":25,"damage_taken":0},{"event_name":"Beggar","player_choice":"Gave Gold","floor":30,"damage_taken":0},{"event_name":"Tomb of Lord Red Mask","player_choice":"Ignored","floor":37,"damage_taken":0},{"event_name":"Upgrade Shrine","player_choice":"Upgraded","floor":42,"damage_taken":0},{"event_name":"Winding Halls","player_choice":"Embrace Madness","floor":46,"damage_taken":0}],"boss_relics":[{"not_picked":["Black Star","Lizard Tail"],"picked":"Mark of Pain"},{"not_picked":["Calling Bell","Snecko Eye"],"picked":"Runic Cube"}],"items_purged_floors":[],"potions_floor_spawned":[1,5,8,12,13,19,24,29,33,39,40,41,44],"seed_played":"1544515923482443346","killed_by":"Sphere and 2 Shapes","ascension_level":4,"potions_obtained":[{"floor":1,"key":"Swift Potion"},{"floor":5,"key":"AttackPotion"},{"floor":8,"key":"SneckoOil"},{"floor":12,"key":"Explosive Potion"},{"floor":13,"key":"SteroidPotion"},{"floor":19,"key":"Weak Potion"},{"floor":24,"key":"Dexterity Potion"},{"floor":29,"key":"Strength Potion"},{"floor":33,"key":"SpeedPotion"},{"floor":39,"key":"SteroidPotion"},{"floor":40,"key":"SkillPotion"},{"floor":41,"key":"Fire Potion"},{"floor":44,"key":"Energy Potion"}],"is_trial":false}