{"gold_per_floor":[117,28,28,44,15,55,55,74,74,74,114,144,144,163,163,258,258,283,333,376,394,414,414,455,455,505,517,552,564,576,622,634,742,754,789,340,404,404,419,419,460,510,510,546,567,585,585,608,608,608,608,608,608,171,209,209],"floor_reached":57,"playtime":3204,"items_purged":["Bite","Bite"],"score":3437,"play_id":"036dfdfe-19ab-468e-8c41-1d347bfdf01e","local_time":"20190325194141","is_ascension_mode":true,"campfire_choices":[{"data":"Bash","floor":7.0,"key":"SMITH"},{"data":"Corruption","floor":13.0,"key":"SMITH"},{"data":"Anger","floor":15.0,"key":"SMITH"},{"data":"Body Slam","floor":23.0,"key":"SMITH"},{"data":"Offering","floor":25.0,"key":"SMITH"},{"data":"Disarm","floor":27.0,"key":"SMITH"},{"data":"Juggernaut","floor":32.0,"key":"SMITH"},{"floor":40.0,"key":"RECALL"},{"floor":47,"key":"DIG"},{"floor":49,"key":"DIG"},{"floor":53,"key":"DIG"}],"neow_cost":"NONE","seed_source_timestamp":0,"circlet_count":0,"master_deck":["AscendersBane","Defend_R","Defend_R","Defend_R","Defend_R","Bash+1","Corruption+1","Rampage","Ghostly Armor","Havoc","Carnage+1","Battle Trance","Entrench","Anger+1","Offering+1","Corruption","Disarm+1","Body Slam+1","Shrug It Off","Heavy Blade","Burning Pact+1","Bite","Bite","Bite","Ghostly","Ghostly","Ghostly","Juggernaut+1","Limit Break","Armaments","Shockwave","Apotheosis","Barricade","Reaper","Shockwave","Disarm+1"],"special_seed":0,"relics":["Burning Blood","NeowsBlessing","Golden Idol","Du-Vu Doll","Dead Branch","Mercury Hourglass","Odd Mushroom","Snecko Eye","Red Mask","Dream Catcher","MawBank","Ancient Tea Set","Fusion Hammer","Medical Kit","Happy Flower","Incense Burner","Strawberry","Shovel","Bag of Marbles","Gremlin Horn","Ornamental Fan","Gambling Chip","Mummified Hand"],"potions_floor_usage":[56],"damage_taken":[{"damage":0.0,"enemies":"Cultist","floor":1.0,"turns":1.0},{"damage":0.0,"enemies":"Small Slimes","floor":4.0,"turns":1.0},{"damage":0.0,"enemies":"Lagavulin","floor":6.0,"turns":1.0},{"damage":7.0,"enemies":"Jaw Worm","floor":8.0,"turns":3.0},{"damage":20.0,"enemies":"3 Sentries","floor":11.0,"turns":5.0},{"damage":3.0,"enemies":"The Mushroom Lair","floor":12.0,"turns":3.0},{"damage":1.0,"enemies":"Looter","floor":14.0,"turns":3.0},{"damage":27.0,"enemies":"Hexaghost","floor":16.0,"turns":7.0},{"damage":0.0,"enemies":"2 Thieves","floor":18.0,"turns":2.0},{"damage":6.0,"enemies":"Masked Bandits","floor":20.0,"turns":2.0},{"damage":6.0,"enemies":"Chosen","floor":21.0,"turns":3.0},{"damage":3.0,"enemies":"Centurion and Healer","floor":22.0,"turns":4.0},{"damage":12.0,"enemies":"Gremlin Leader","floor":24.0,"turns":5.0},{"damage":6.0,"enemies":"Snecko","floor":28.0,"turns":3.0},{"damage":0.0,"enemies":"Book of Stabbing","floor":31.0,"turns":3.0},{"damage":2.0,"enemies":"Automaton","floor":33.0,"turns":4.0},{"damage":0.0,"enemies":"3 Shapes","floor":35.0,"turns":2.0},{"damage":0.0,"enemies":"2 Orb Walkers","floor":37.0,"turns":3.0},{"damage":0.0,"enemies":"Orb Walker","floor":39.0,"turns":3.0},{"damage":3.0,"enemies":"Reptomancer","floor":41.0,"turns":3.0},{"damage":0.0,"enemies":"Nemesis","floor":44.0,"turns":5.0},{"damage":1.0,"enemies":"Maw","floor":45.0,"turns":5.0},{"damage":10,"enemies":"4 Shapes","floor":46,"turns":4},{"damage":6,"enemies":"3 Darklings","floor":48,"turns":3},{"damage":0,"enemies":"Time Eater","floor":50,"turns":6},{"damage":1,"enemies":"Awakened One","floor":51,"turns":5},{"damage":6,"enemies":"Shield and Spear","floor":55,"turns":5},{"damage":6,"enemies":"The Heart","floor":56,"turns":6}],"seed_played":"-1052165406348656368","potions_obtained":[{"floor":1.0,"key":"Poison Potion"},{"floor":4.0,"key":"Dexterity Potion"},{"floor":14.0,"key":"FearPotion"},{"floor":16.0,"key":"Fruit Juice"},{"floor":20.0,"key":"Regen Potion"},{"floor":21.0,"key":"SkillPotion"},{"floor":31.0,"key":"AttackPotion"},{"floor":37.0,"key":"Fruit Juice"},{"floor":44.0,"key":"LiquidBronze"}],"is_trial":false,"path_per_floor":["M","$","?","M","$","E","R","M","T","?","E","?","R","M","R","B",null,"M","?","?","M","M","R","E","R","T","R","M","?","?","E","R","B",null,"M","$","?","?","M","R","E","?","T","E","M","M","R","M","R","B","B",null,"R","$","E","B",null],"character_chosen":"IRONCLAD","items_purchased":["Rampage","Havoc","Medical Kit","Happy Flower","Gambling Chip"],"campfire_rested":0,"item_purchase_floors":[2,5,36,36,54],"current_hp_per_floor":[74,74,68,68,68,68,68,67,67,47,33,36,36,41,41,25,61,67,67,67,67,70,70,64,64,64,64,64,51,25,25,25,25,25,25,25,30,20,28,28,37,37,37,37,37,37,37,37,37,37,37,37,37,37,37,37],"gold":209,"neow_bonus":"THREE_ENEMY_KILL","is_prod":false,"is_daily":false,"chose_seed":false,"campfire_upgraded":7,"win_rate":0,"timestamp":1553539301,"path_taken":["M","?","?","M","$","E","R","M","T","?","E","?","R","M","R","BOSS","M","?","?","M","M","R","E","R","T","R","M","?","?","E","R","BOSS","M","$","?","?","M","R","E","?","T","E","?","?","R","M","R","BOSS","BOSS","R","$","E","BOSS"],"build_version":"2019-01-23","purchased_purges":2,"victory":true,"max_hp_per_floor":[75,75,68,68,68,68,68,68,68,68,68,68,68,68,68,73,73,73,73,73,73,73,73,73,73,73,73,73,51,25,25,25,25,25,25,25,30,30,30,30,37,37,37,37,37,37,37,37,37,37,37,37,37,37,37,37],"card_choices":[{"not_picked":["Bloodletting","Havoc"],"picked":"Corruption","floor":1.0},{"not_picked":["Body Slam","Heavy Blade"],"picked":"Ghostly Armor","floor":4.0},{"not_picked":["Evolve","Flex"],"picked":"Carnage","floor":6.0},{"not_picked":["Clothesline","Whirlwind"],"picked":"Battle Trance","floor":8.0},{"not_picked":["Clothesline","Rampage","Clash"],"picked":"SKIP","floor":11.0},{"not_picked":["Perfected Strike","Havoc"],"picked":"Entrench","floor":12.0},{"not_picked":["Sword Boomerang","Pommel Strike"],"picked":"Anger","floor":14.0},{"not_picked":["Berserk","Bludgeon"],"picked":"Offering","floor":16.0},{"not_picked":["Clash","Infernal Blade"],"picked":"Corruption","floor":18.0},{"not_picked":["Sever Soul","Twin Strike"],"picked":"Disarm","floor":20.0},{"not_picked":["Combust","Wild Strike"],"picked":"Body Slam","floor":21.0},{"not_picked":["Sword Boomerang","Twin Strike"],"picked":"Shrug It Off","floor":22.0},{"not_picked":["Warcry","Body Slam"],"picked":"Heavy Blade","floor":24.0},{"not_picked":["Berserk","Clothesline"],"picked":"Burning Pact+1","floor":28.0},{"not_picked":["Dual Wield","Sentinel+1"],"picked":"Juggernaut","floor":31.0},{"not_picked":["Impervious","Feed"],"picked":"Limit Break","floor":33.0},{"not_picked":["Havoc+1","Headbutt"],"picked":"Armaments","floor":35.0},{"not_picked":["Sword Boomerang+1","Wild Strike+1"],"picked":"Shockwave","floor":37.0},{"not_picked":["Secret Weapon","Mind Blast"],"picked":"Apotheosis","floor":38.0},{"not_picked":["Heavy Blade+1","Combust","Whirlwind"],"picked":"SKIP","floor":39.0},{"not_picked":["Evolve","True Grit"],"picked":"Barricade","floor":41.0},{"not_picked":["Sword Boomerang+1","Rupture"],"picked":"Reaper","floor":44.0},{"not_picked":["Sever Soul","Warcry"],"picked":"Shockwave","floor":45.0},{"not_picked":["Sever Soul","Perfected Strike"],"picked":"Disarm+1","floor":46},{"not_picked":["Heavy Blade","Dropkick","Clash"],"picked":"SKIP","floor":48},{"not_picked":["Clothesline","Sword Boomerang","Clash+1"],"picked":"SKIP","floor":55}],"player_experience":1472446,"relics_obtained":[{"floor":6.0,"key":"Du-Vu Doll"},{"floor":9.0,"key":"Dead Branch"},{"floor":11.0,"key":"Mercury Hourglass"},{"floor":12.0,"key":"Odd Mushroom"},{"floor":20.0,"key":"Red Mask"},{"floor":24.0,"key":"Dream Catcher"},{"floor":26.0,"key":"MawBank"},{"floor":31.0,"key":"Ancient Tea Set"},{"floor":37.0,"key":"Incense Burner"},{"floor":41.0,"key":"Strawberry"},{"floor":44.0,"key":"Shovel"},{"floor":47,"key":"Bag of Marbles"},{"floor":49,"key":"Gremlin Horn"},{"floor":53,"key":"Ornamental Fan"},{"floor":55,"key":"Mummified Hand"}],"event_choices":[{"damage_healed":0.0,"max_hp_gain":0.0,"max_hp_loss":7.0,"gold_gain":0.0,"event_name":"Golden Idol","player_choice":"Lose Max HP","floor":3.0,"gold_loss":0.0,"damage_taken":0.0,"relics_obtained":["Golden Idol"]},{"damage_healed":0.0,"max_hp_gain":0.0,"max_hp_loss":0.0,"gold_gain":0.0,"event_name":"Shining Light","player_choice":"Entered Light","floor":10.0,"gold_loss":0.0,"damage_taken":20.0,"cards_upgraded":["Carnage","Strike_R"]},{"damage_healed":0.0,"max_hp_gain":0.0,"max_hp_loss":0.0,"gold_gain":0.0,"event_name":"Mushrooms","player_choice":"Fought Mushrooms","floor":12.0,"gold_loss":0.0,"damage_taken":0.0},{"damage_healed":0.0,"max_hp_gain":0.0,"max_hp_loss":0.0,"gold_gain":50.0,"event_name":"Nest","player_choice":"Stole From Cult","floor":19.0,"gold_loss":0.0,"damage_taken":0.0},{"damage_healed":0.0,"max_hp_gain":0.0,"max_hp_loss":0.0,"gold_gain":0.0,"event_name":"Masked Bandits","player_choice":"Fought Bandits","floor":20.0,"gold_loss":0.0,"damage_taken":0.0},{"damage_healed":0.0,"max_hp_gain":0.0,"max_hp_loss":22.0,"gold_gain":0.0,"event_name":"Vampires","player_choice":"Became a vampire","floor":29.0,"gold_loss":0.0,"damage_taken":0.0,"cards_obtained":["Bite","Bite","Bite","Bite","Bite"]},{"damage_healed":0.0,"max_hp_gain":0.0,"max_hp_loss":26.0,"gold_gain":0.0,"event_name":"Ghosts","player_choice":"Became a Ghost","floor":30.0,"gold_loss":0.0,"damage_taken":0.0,"cards_obtained":["Ghostly","Ghostly","Ghostly"]},{"damage_healed":0.0,"max_hp_gain":0.0,"max_hp_loss":0.0,"gold_gain":0.0,"event_name":"Mysterious Sphere","player_choice":"Fight","floor":37.0,"gold_loss":0.0,"damage_taken":0.0},{"damage_healed":0.0,"max_hp_gain":0.0,"max_hp_loss":0.0,"gold_gain":0.0,"event_name":"SensoryStone","player_choice":"Memory 3","floor":38.0,"gold_loss":0.0,"damage_taken":10.0},{"damage_healed":0.0,"max_hp_gain":0.0,"max_hp_loss":0.0,"gold_gain":50.0,"event_name":"Golden Shrine","player_choice":"Pray","floor":42.0,"gold_loss":0.0,"damage_taken":0.0}],"is_beta":false,"boss_relics":[{"not_picked":["Velvet Choker","Coffee Dripper"],"picked":"Snecko Eye"},{"not_picked":["Runic Cube","Cursed Key"],"picked":"Fusion Hammer"}],"items_purged_floors":[36,54],"is_endless":false,"potions_floor_spawned":[1,4,11,14,16,20,21,28,31,37,44,45],"ascension_level":20}