{"path_per_floor":["M","?","$","M","M","R","E","$","T","R","M","M","E","?","R","B",null,"M","$","?","M","M","E","R","M","T","?","R","M"],"character_chosen":"THE_SILENT","items_purchased":["Endless Agony","Dagger Throw","A Thousand Cuts","Mercury Hourglass","Caltrops+1","Cloak And Dagger"],"gold_per_floor":[119,294,115,125,144,144,178,103,184,184,199,210,235,235,235,336,336,347,20,20,30,45,74,74,91,118,118,118,138,138],"floor_reached":30,"campfire_rested":4,"playtime":1792,"item_purchase_floors":[],"current_hp_per_floor":[61,61,61,58,56,56,16,16,16,39,38,32,2,2,25,2,58,57,57,57,41,17,13,36,13,13,13,36,10,0],"items_purged":["Doubt"],"gold":138,"score":364,"play_id":"c18dd6c3-33ab-4afa-896a-e4ba26e5345f","local_time":"20180613131109","is_prod":false,"is_daily":false,"chose_seed":false,"is_ascension_mode":true,"campfire_upgraded":1,"win_rate":0,"timestamp":1528888269,"campfire_choices":[{"data":"Cloak And Dagger","floor":6.0,"key":"SMITH"},{"floor":10.0,"key":"REST"},{"floor":15.0,"key":"REST"},{"floor":24,"key":"REST"},{"floor":28,"key":"REST"}],"path_taken":["M","?","$","M","?","R","E","$","T","R","M","M","E","?","R","BOSS","M","$","?","?","M","E","R","M","T","?","R","M","E"],"build_version":"2018-06-12","seed_source_timestamp":0,"purchased_purges":1,"victory":false,"master_deck":["Defend_G","Defend_G","Defend_G","Defend_G","Defend_G","Strike_G","Strike_G","Strike_G","Strike_G","Strike_G","Survivor","Neutralize","Cloak And Dagger+1","Endless Agony","Dagger Throw","Backflip","Endless Agony","Cloak And Dagger","A Thousand Cuts","Night Terror","Heel Hook","Flechettes","Bullet Time","Blur","Caltrops+1","Cloak And Dagger","Purity","PiercingWail","Slice+1","Endless Agony+1","Well Laid Plans+1","Crippling Poison+1"],"max_hp_per_floor":[70,70,70,70,70,70,77,77,77,77,77,77,77,77,77,77,77,77,77,77,77,77,79,79,79,79,79,79,79,79],"special_seed":0,"relics":["Ring of the Snake","Strawberry","Frozen Egg 2","Mummified Hand","Busted Crown","Mercury Hourglass","Singing Bowl","Juzu Bracelet"],"card_choices":[{"not_picked":["Concentrate","Dagger Throw"],"picked":"Cloak And Dagger","floor":1.0},{"not_picked":["Dodge and Roll","Outmaneuver"],"picked":"Backflip","floor":4.0},{"not_picked":["Backflip","Setup"],"picked":"Endless Agony","floor":5.0},{"not_picked":["Dagger Spray","Bane"],"picked":"Cloak And Dagger","floor":7.0},{"not_picked":["Endless Agony","Dodge and Roll"],"picked":"Night Terror","floor":11.0},{"not_picked":["Backflip","Calculated Gamble"],"picked":"Heel Hook","floor":12.0},{"not_picked":["Underhanded Strike","Setup"],"picked":"Flechettes","floor":13.0},{"not_picked":["Doppelganger","Tactician"],"picked":"Bullet Time","floor":16.0},{"not_picked":[],"picked":"Blur","floor":18},{"not_picked":[],"picked":"Slice+1","floor":21},{"not_picked":[],"picked":"Endless Agony+1","floor":22},{"not_picked":["Dagger Spray"],"picked":"Singing Bowl","floor":23},{"not_picked":[],"picked":"Well Laid Plans+1","floor":25},{"not_picked":[],"picked":"Crippling Poison+1","floor":29}],"player_experience":323501,"potions_floor_usage":[21,23,23],"damage_taken":[{"damage":2.0,"enemies":"Cultist","floor":1.0,"turns":5.0},{"damage":3.0,"enemies":"Small Slimes","floor":4.0,"turns":3.0},{"damage":2.0,"enemies":"Jaw Worm","floor":5.0,"turns":3.0},{"damage":47.0,"enemies":"Lagavulin","floor":7.0,"turns":11.0},{"damage":1.0,"enemies":"2 Fungi Beasts","floor":11.0,"turns":3.0},{"damage":6.0,"enemies":"Gremlin Gang","floor":12.0,"turns":3.0},{"damage":30.0,"enemies":"Gremlin Nob","floor":13.0,"turns":5.0},{"damage":23.0,"enemies":"Slime Boss","floor":16.0,"turns":10.0},{"damage":1,"enemies":"3 Byrds","floor":18,"turns":4},{"damage":16,"enemies":"Chosen","floor":21,"turns":5},{"damage":24,"enemies":"Snecko","floor":22,"turns":5},{"damage":6,"enemies":"Slavers","floor":23,"turns":4},{"damage":23,"enemies":"Cultist and Chosen","floor":25,"turns":4},{"damage":26,"enemies":"Centurion and Healer","floor":29,"turns":4},{"damage":24,"enemies":"Book of Stabbing","floor":30,"turns":3}],"relics_obtained":[{"floor":7.0,"key":"Strawberry"},{"floor":9.0,"key":"Frozen Egg 2"},{"floor":13.0,"key":"Mummified Hand"},{"floor":23,"key":"Singing Bowl"},{"floor":26,"key":"Juzu Bracelet"}],"event_choices":[{"event_name":"Liars Game","player_choice":"agreed","floor":2.0,"damage_taken":0.0},{"event_name":"The Lab","player_choice":"Got Potions","floor":14.0,"damage_taken":0.0},{"event_name":"Match and Keep!","player_choice":"2 cards matched","floor":20,"damage_taken":0},{"event_name":"Cursed Tome","player_choice":"Ignored","floor":27,"damage_taken":0}],"boss_relics":[{"not_picked":["White Beast Statue","Calling Bell"],"picked":"Busted Crown"}],"items_purged_floors":[],"potions_floor_spawned":[4,5,11,13,16,18,21,25],"seed_played":"-5815221690219115074","killed_by":"Book of Stabbing","ascension_level":8,"potions_obtained":[{"floor":4.0,"key":"Weak Potion"},{"floor":5.0,"key":"Energy Potion"},{"floor":11.0,"key":"SkillPotion"},{"floor":13.0,"key":"Weak Potion"},{"floor":14.0,"key":"Block Potion"},{"floor":14.0,"key":"Strength Potion"},{"floor":14.0,"key":"EssenceOfSteel"},{"floor":16.0,"key":"EssenceOfSteel"},{"floor":18,"key":"SkillPotion"},{"floor":21,"key":"EssenceOfSteel"},{"floor":25,"key":"Ancient Potion"}],"is_trial":false}