{"gold_per_floor":[114,124,140,29,45,45,61,61,84,117,131,147,147,147,147,147],"floor_reached":16,"playtime":2309,"items_purged":["Strike_G"],"score":104,"play_id":"36cbf30c-7e69-4aba-8cf2-870163546d87","local_time":"20190207102750","is_ascension_mode":false,"campfire_choices":[{"data":"Neutralize","floor":6,"key":"SMITH"},{"data":"Footwork","floor":8,"key":"SMITH"},{"data":"Acrobatics","floor":13,"key":"SMITH"},{"data":"Catalyst","floor":15,"key":"SMITH"}],"neow_cost":"TEN_PERCENT_HP_LOSS","seed_source_timestamp":271200947643524,"circlet_count":0,"master_deck":["Defend_G","Defend_G","Defend_G","Defend_G","Defend_G","Strike_G","Strike_G","Strike_G","Strike_G","Survivor","Neutralize+1","Unload","Catalyst+1","Poisoned Stab","Footwork+1","PiercingWail","Acrobatics+1","Escape Plan","Deadly Poison"],"relics":["Ring of the Snake","Snake Skull","PreservedInsect"],"potions_floor_usage":[16,16,16],"damage_taken":[{"damage":0,"enemies":"Cultist","floor":1,"turns":4},{"damage":0,"enemies":"Jaw Worm","floor":2,"turns":4},{"damage":0,"enemies":"2 Louse","floor":3,"turns":2},{"damage":0,"enemies":"Exordium Wildlife","floor":5,"turns":6},{"damage":1,"enemies":"Lots of Slimes","floor":7,"turns":7},{"damage":9,"enemies":"Gremlin Nob","floor":10,"turns":5},{"damage":0,"enemies":"Large Slime","floor":11,"turns":8},{"damage":0,"enemies":"3 Louse","floor":12,"turns":6},{"damage":53,"enemies":"Slime Boss","floor":16,"turns":13}],"seed_played":"-4441930511842452763","potions_obtained":[{"floor":2,"key":"AttackPotion"},{"floor":5,"key":"Swift Potion"},{"floor":11,"key":"Energy Potion"}],"is_trial":false,"path_per_floor":["M","M","M","$","M","R","M","R","T","E","M","M","R","?","R","B"],"character_chosen":"THE_SILENT","items_purchased":["Footwork"],"campfire_rested":0,"item_purchase_floors":[4],"current_hp_per_floor":[63,63,63,63,63,63,62,62,62,53,53,53,53,53,53,0],"gold":147,"neow_bonus":"THREE_RARE_CARDS","is_prod":false,"is_daily":false,"chose_seed":false,"campfire_upgraded":4,"win_rate":0.0,"timestamp":1549564070,"path_taken":["M","M","M","$","M","R","?","R","T","E","M","M","R","?","R","BOSS"],"build_version":"2019-01-23","purchased_purges":1,"victory":false,"max_hp_per_floor":[63,63,63,63,63,63,63,63,63,63,63,63,63,63,63,63],"card_choices":[{"not_picked":["Wraith Form v2","Venomology"],"picked":"Unload","floor":0},{"not_picked":["Underhanded Strike","Slice"],"picked":"Catalyst","floor":1},{"not_picked":["PiercingWail","Reflex"],"picked":"Poisoned Stab","floor":2},{"not_picked":["Wraith Form v2","Blade Dance","Sucker Punch"],"picked":"SKIP","floor":3},{"not_picked":["Dodge and Roll","Endless Agony"],"picked":"PiercingWail","floor":5},{"not_picked":["Slice","Dagger Spray","Blade Dance"],"picked":"SKIP","floor":7},{"not_picked":["Outmaneuver","A Thousand Cuts"],"picked":"Acrobatics","floor":10},{"not_picked":["Terror","Dodge and Roll"],"picked":"Escape Plan","floor":11},{"not_picked":["Choke","Well Laid Plans"],"picked":"Deadly Poison","floor":12}],"player_experience":89060,"relics_obtained":[{"floor":9,"key":"Snake Skull"},{"floor":10,"key":"PreservedInsect"}],"event_choices":[{"damage_healed":0,"gold_gain":0,"player_choice":"Bought 0 Potions","damage_taken":0,"max_hp_gain":0,"max_hp_loss":0,"event_name":"The Woman in Blue","floor":14,"gold_loss":0}],"is_beta":false,"boss_relics":[],"items_purged_floors":[4],"is_endless":false,"potions_floor_spawned":[2,5,11],"killed_by":"Slime Boss","ascension_level":0}