{"gold_per_floor":[115,132,132,132,57,57,57,57,125,90,90,90,106,106],"floor_reached":14,"playtime":1380,"items_purged":["Strike_G"],"score":152,"play_id":"a4ab29da-1994-40e2-990c-226d7ca63b2c","local_time":"20181219112404","is_ascension_mode":true,"campfire_choices":[{"data":"PiercingWail","floor":6,"key":"SMITH"},{"data":"Survivor","floor":8,"key":"SMITH"},{"data":"Strike_G","floor":11,"key":"SMITH"}],"neow_cost":"PERCENT_DAMAGE","seed_source_timestamp":9035929501442,"circlet_count":0,"master_deck":["AscendersBane","Defend_G","Defend_G","Defend_G","Defend_G","Defend_G","Strike_G","Strike_G+1","Strike_G","Strike_G","Survivor+1","Neutralize+1","PiercingWail+1","Cloak And Dagger"],"relics":["Ring of the Snake","Gambling Chip","Pear","Mummified Hand","Happy Flower"],"potions_floor_usage":[],"damage_taken":[{"damage":0,"enemies":"Small Slimes","floor":1,"turns":6},{"damage":2,"enemies":"Jaw Worm","floor":2,"turns":5},{"damage":0,"enemies":"2 Louse","floor":13,"turns":4},{"damage":86,"enemies":"Lagavulin","floor":14,"turns":14}],"seed_played":"3556545369409914567","potions_obtained":[],"is_trial":false,"path_per_floor":["M","M","?","?","$","R","T","R","T","?","R","?","M","E"],"character_chosen":"THE_SILENT","items_purchased":[],"campfire_rested":0,"item_purchase_floors":[],"current_hp_per_floor":[44,42,42,47,47,47,57,57,57,77,77,72,72,0],"gold":106,"neow_bonus":"ONE_RARE_RELIC","is_prod":false,"is_daily":false,"chose_seed":false,"campfire_upgraded":3,"win_rate":0,"timestamp":1545215044,"path_taken":["M","M","?","?","$","R","?","R","T","?","R","?","M","E"],"build_version":"2018-12-17","purchased_purges":1,"victory":false,"max_hp_per_floor":[66,66,66,71,71,71,81,81,81,81,81,81,81,81],"card_choices":[{"not_picked":["Underhanded Strike","Deflect","Acrobatics"],"picked":"SKIP","floor":1},{"not_picked":["Escape Plan","Heel Hook"],"picked":"PiercingWail","floor":2},{"not_picked":["Calculated Gamble","Escape Plan"],"picked":"Cloak And Dagger","floor":13}],"player_experience":1043756,"relics_obtained":[{"floor":7,"key":"Pear"},{"floor":9,"key":"Mummified Hand"}],"event_choices":[{"damage_healed":0,"gold_gain":0,"player_choice":"Grow","damage_taken":0,"max_hp_gain":0,"max_hp_loss":0,"event_name":"Living Wall","floor":3,"gold_loss":0,"cards_upgraded":["Neutralize"]},{"damage_healed":0,"gold_gain":0,"player_choice":"Donut","damage_taken":0,"max_hp_gain":5,"max_hp_loss":0,"event_name":"Big Fish","floor":4,"gold_loss":0},{"damage_healed":20,"gold_gain":0,"player_choice":"Healed","damage_taken":0,"max_hp_gain":0,"max_hp_loss":0,"event_name":"The Cleric","floor":10,"gold_loss":35},{"damage_healed":0,"gold_gain":0,"player_choice":"Success","damage_taken":5,"relics_obtained":["Happy Flower"],"max_hp_gain":0,"max_hp_loss":0,"event_name":"Scrap Ooze","floor":12,"gold_loss":0}],"is_beta":true,"boss_relics":[],"items_purged_floors":[5],"is_endless":false,"potions_floor_spawned":[],"killed_by":"Lagavulin","ascension_level":20}