{"path_per_floor":["M","?","M","M","M","R","M","E","T","R","M","R","M","M","R","B",null,"M","$","?","M","M","R","M","E","T","R","$"],"character_chosen":"DEFECT","items_purchased":["Shovel","Capacitor"],"gold_per_floor":[118,68,87,101,118,118,129,157,182,182,196,196,207,221,221,316,316,328,19,19,33,53,53,65,93,93,93,16,16],"floor_reached":29,"campfire_rested":2,"playtime":1537,"item_purchase_floors":[19,28],"current_hp_per_floor":[64,64,52,39,24,24,19,5,5,25,25,30,21,20,41,27,73,64,64,64,63,62,62,37,14,14,14,14,0],"items_purged":[],"gold":16,"score":274,"play_id":"215d9d30-8c28-4c45-bc2c-f5c3b0a9159a","local_time":"20180528133020","is_prod":false,"is_daily":false,"chose_seed":false,"is_ascension_mode":true,"campfire_upgraded":2,"win_rate":0,"timestamp":1527507020,"campfire_choices":[{"data":"Zap","floor":6,"key":"SMITH"},{"floor":10,"key":"REST"},{"data":"Electrodynamics","floor":12,"key":"SMITH"},{"floor":15,"key":"REST"},{"floor":23,"key":"DIG"},{"floor":27,"key":"DIG"}],"path_taken":["M","?","M","M","M","R","M","E","T","R","M","R","M","M","R","BOSS","M","$","?","M","M","R","M","E","T","R","?","M"],"build_version":"2018-05-27","seed_source_timestamp":11387717420903,"purchased_purges":0,"victory":false,"master_deck":["Strike_B","Strike_B+1","Strike_B","Defend_B","Defend_B","Defend_B","Defend_B","Zap+1","Dualcast","Multi-Cast","Coolheaded","Cold Snap","Electrodynamics+1","Go for the Eyes+1","Ball Lightning","Glacier","Beam Cell","Go for the Eyes","Rebound","Echo Form","Storm","Defragment+1","Consume","Turbo+1","BootSequence","Pain","Capacitor"],"max_hp_per_floor":[68,68,68,68,68,68,68,68,68,68,68,73,73,73,73,73,73,73,73,73,73,73,73,73,73,73,73,73,73],"relics":["Cracked Core","Anchor","Whetstone","Cursed Key","Shovel","Juzu Bracelet","Lantern","Darkstone Periapt","Boot"],"card_choices":[{"not_picked":["Seek","Biased Cognition"],"picked":"Multi-Cast","floor":0},{"not_picked":["Hologram","Steam Power"],"picked":"Coolheaded","floor":1},{"not_picked":["Streamline","Coolheaded"],"picked":"Cold Snap","floor":3},{"not_picked":["Cold Snap","Glacier"],"picked":"Electrodynamics","floor":4},{"not_picked":["Skim","Rebound"],"picked":"Go for the Eyes","floor":5},{"not_picked":["Leap","Go for the Eyes"],"picked":"Ball Lightning","floor":7},{"not_picked":["Skim","Recycle"],"picked":"Glacier","floor":8},{"not_picked":["Sweeping Beam","Rebound"],"picked":"Beam Cell","floor":11},{"not_picked":["Fusion","Aggregate"],"picked":"Go for the Eyes","floor":13},{"not_picked":["Stack","Go for the Eyes"],"picked":"Rebound","floor":14},{"not_picked":["Amplify","Buffer"],"picked":"Echo Form","floor":16},{"not_picked":["Coolheaded","Cold Snap"],"picked":"Storm","floor":18},{"not_picked":["Coolheaded","Melter"],"picked":"Defragment+1","floor":21},{"not_picked":["Steam Power+1","Fusion"],"picked":"Consume","floor":22},{"not_picked":["Redo","Consume"],"picked":"Turbo+1","floor":24},{"not_picked":["Chaos","Hologram+1"],"picked":"BootSequence","floor":25}],"player_experience":231673,"potions_floor_usage":[12,22,29],"damage_taken":[{"damage":4,"enemies":"Jaw Worm","floor":1,"turns":3},{"damage":12,"enemies":"Small Slimes","floor":3,"turns":3},{"damage":13,"enemies":"2 Louse","floor":4,"turns":2},{"damage":15,"enemies":"Exordium Thugs","floor":5,"turns":7},{"damage":5,"enemies":"Exordium Wildlife","floor":7,"turns":2},{"damage":14,"enemies":"3 Sentries","floor":8,"turns":4},{"damage":0,"enemies":"Blue Slaver","floor":11,"turns":2},{"damage":9,"enemies":"Gremlin Gang","floor":13,"turns":4},{"damage":1,"enemies":"Looter","floor":14,"turns":3},{"damage":14,"enemies":"Hexaghost","floor":16,"turns":9},{"damage":9,"enemies":"Chosen","floor":18,"turns":4},{"damage":1,"enemies":"Shell Parasite","floor":21,"turns":7},{"damage":1,"enemies":"Snake Plant","floor":22,"turns":4},{"damage":25,"enemies":"3 Cultists","floor":24,"turns":5},{"damage":23,"enemies":"Book of Stabbing","floor":25,"turns":4},{"damage":16,"enemies":"Centurion and Healer","floor":29,"turns":2}],"relics_obtained":[{"floor":8,"key":"Anchor"},{"floor":9,"key":"Whetstone"},{"floor":23,"key":"Juzu Bracelet"},{"floor":25,"key":"Lantern"},{"floor":26,"key":"Darkstone Periapt"},{"floor":27,"key":"Boot"}],"event_choices":[{"event_name":"The Cleric","player_choice":"Card Removal","floor":2,"damage_taken":0},{"event_name":"Drug Dealer","player_choice":"Ignored","floor":20,"damage_taken":0}],"boss_relics":[{"not_picked":["Lizard Tail","Astrolabe"],"picked":"Cursed Key"}],"items_purged_floors":[],"potions_floor_spawned":[5,7,11,13,14,16,22],"seed_played":"8717003794925674810","killed_by":"Centurion and Healer","ascension_level":2,"potions_obtained":[{"floor":5,"key":"SneckoOil"},{"floor":7,"key":"Swift Potion"},{"floor":11,"key":"Fruit Juice"},{"floor":13,"key":"Block Potion"},{"floor":14,"key":"SteroidPotion"},{"floor":22,"key":"Ancient Potion"}],"is_trial":false}