{"gold_per_floor":[115,115,85,104,20,51,51,72,72,72,85,85,123,135,147,253,265,300,202,214,244,280,292,328,381,393,440,171,191,191,230,230,324,324,340,361,261,281,281,325,340,374,421,436,461,485,485,275,275,275,275,275,1,32,32],"floor_reached":56,"playtime":3233,"items_purged":["Strike_G","Strike_G","Endless Agony"],"score":2050,"play_id":"792e547f-4ab2-475b-8708-bee67924896f","local_time":"20190511205543","is_ascension_mode":true,"campfire_choices":[{"data":"Crippling Poison","floor":7,"key":"SMITH"},{"floor":15,"key":"REST"},{"data":"Footwork","floor":23,"key":"SMITH"},{"data":"Bouncing Flask","floor":30,"key":"SMITH"},{"data":"Footwork","floor":32,"key":"SMITH"},{"data":"Wraith Form v2","floor":47,"key":"SMITH"},{"floor":49,"key":"RECALL"},{"data":"Burst","floor":52,"key":"SMITH"}],"neow_cost":"NONE","seed_source_timestamp":45526009683056,"circlet_count":0,"master_deck":["AscendersBane","Defend_G","Defend_G","Defend_G","Defend_G","Defend_G","Strike_G+1","Survivor","Neutralize","Crippling Poison+1","Footwork+1","Deadly Poison","Infinite Blades","Dodge and Roll","Malaise","Dash+1","Well Laid Plans","Footwork+1","Calculated Gamble","Bouncing Flask+1","Dash+1","Burst+1","Backflip","Catalyst+1","PiercingWail","Cloak And Dagger+1","Wraith Form v2+1","Dark Shackles","Footwork","Dodge and Roll","Crippling Poison+1"],"relics":["Ring of the Snake","Golden Idol","Oddly Smooth Stone","Mercury Hourglass","Snake Skull","MawBank","Sozu","Regal Pillow","Potion Belt","Darkstone Periapt","Molten Egg 2","Lee\u0027s Waffle","Bird Faced Urn","Snecko Eye","Matryoshka","Gremlin Horn","Kunai","Anchor","Bag of Marbles"],"potions_floor_usage":[13,55],"damage_taken":[{"damage":0,"enemies":"Cultist","floor":1,"turns":4},{"damage":0,"enemies":"Small Slimes","floor":4,"turns":5},{"damage":35,"enemies":"3 Sentries","floor":6,"turns":11},{"damage":1,"enemies":"2 Louse","floor":8,"turns":3},{"damage":0,"enemies":"Blue Slaver","floor":11,"turns":5},{"damage":10,"enemies":"Gremlin Nob","floor":13,"turns":4},{"damage":2,"enemies":"Hexaghost","floor":16,"turns":10},{"damage":2,"enemies":"3 Byrds","floor":18,"turns":3},{"damage":0,"enemies":"Shell Parasite","floor":21,"turns":6},{"damage":5,"enemies":"Centurion and Healer","floor":22,"turns":7},{"damage":9,"enemies":"Gremlin Leader","floor":25,"turns":8},{"damage":33,"enemies":"Slavers","floor":27,"turns":7},{"damage":0,"enemies":"Chosen and Byrds","floor":29,"turns":6},{"damage":6,"enemies":"Book of Stabbing","floor":31,"turns":6},{"damage":9,"enemies":"Champ","floor":33,"turns":13},{"damage":0,"enemies":"3 Shapes","floor":35,"turns":5},{"damage":2,"enemies":"Orb Walker","floor":36,"turns":3},{"damage":0,"enemies":"4 Shapes","floor":38,"turns":2},{"damage":0,"enemies":"Nemesis","floor":40,"turns":7},{"damage":0,"enemies":"Sphere and 2 Shapes","floor":41,"turns":5},{"damage":53,"enemies":"Reptomancer","floor":42,"turns":6},{"damage":2,"enemies":"Jaw Worm Horde","floor":44,"turns":5},{"damage":0,"enemies":"Writhing Mass","floor":45,"turns":4},{"damage":1,"enemies":"4 Shapes","floor":46,"turns":5},{"damage":6,"enemies":"Awakened One","floor":50,"turns":16},{"damage":36,"enemies":"Shield and Spear","floor":54,"turns":8},{"damage":25,"enemies":"The Heart","floor":55,"turns":6}],"seed_played":"2078675472826065773","potions_obtained":[{"floor":1,"key":"Weak Potion"},{"floor":3,"key":"Ancient Potion"}],"is_trial":false,"path_per_floor":["M","?","?","M","$","E","R","M","T","?","M","T","E","$","R","B",null,"M","?","$","M","M","R","T","E","T","E","$","M","R","E","R","B",null,"M","M","$","M","?","E","M","E","T","M","M","M","R","$","R","B",null,"R","$","E","B",null],"character_chosen":"THE_SILENT","items_purchased":["Fire Potion","Infinite Blades","Lee\u0027s Waffle","Dark Shackles","Anchor","Footwork","Dodge and Roll"],"campfire_rested":1,"item_purchase_floors":[5,5,28,48,53,53,53],"current_hp_per_floor":[59,59,59,59,59,24,24,23,23,16,16,16,6,6,24,22,51,49,49,49,49,44,44,44,35,35,2,67,67,67,61,61,60,65,67,67,67,67,67,67,67,20,20,24,30,31,31,31,31,33,59,59,59,27,12],"gold":32,"neow_bonus":"THREE_CARDS","is_prod":false,"is_daily":false,"chose_seed":false,"campfire_upgraded":6,"win_rate":0,"timestamp":1557600943,"path_taken":["M","?","?","M","$","E","R","?","T","?","M","?","E","$","R","BOSS","M","?","$","M","?","R","?","E","T","E","$","M","R","E","R","BOSS","M","M","$","M","?","E","?","E","T","M","M","M","R","$","R","BOSS","R","$","E","BOSS"],"build_version":"2019-01-23","purchased_purges":3,"victory":true,"max_hp_per_floor":[66,60,60,60,60,60,60,60,60,60,60,60,60,60,60,60,60,60,60,60,60,60,60,60,60,60,60,67,67,67,67,67,67,67,67,67,67,67,67,67,67,67,67,67,67,67,67,67,67,67,67,67,67,67,67],"card_choices":[{"not_picked":["Setup","Distraction"],"picked":"Crippling Poison","floor":0},{"not_picked":["Terror","Quick Slash"],"picked":"Footwork","floor":1},{"not_picked":["Underhanded Strike","Catalyst"],"picked":"Deadly Poison","floor":4},{"not_picked":["PiercingWail","Slice"],"picked":"Dodge and Roll","floor":6},{"not_picked":["Prepared","Sucker Punch","Deadly Poison"],"picked":"SKIP","floor":8},{"not_picked":["Distraction","Blade Dance","Skewer"],"picked":"SKIP","floor":11},{"not_picked":["Acrobatics","Predator","Slice"],"picked":"SKIP","floor":13},{"not_picked":["Adrenaline","Venomology"],"picked":"Malaise","floor":16},{"not_picked":["Cloak And Dagger","Skewer"],"picked":"Dash+1","floor":18},{"not_picked":["Blade Dance+1","Leg Sweep"],"picked":"Well Laid Plans","floor":21},{"not_picked":["Blade Dance","Underhanded Strike+1"],"picked":"Footwork","floor":22},{"not_picked":["Outmaneuver","Envenom"],"picked":"Endless Agony","floor":25},{"not_picked":["Flechettes+1","Well Laid Plans"],"picked":"Calculated Gamble","floor":27},{"not_picked":["Dagger Spray+1","Blur"],"picked":"Bouncing Flask","floor":29},{"not_picked":["Slice+1","Sucker Punch+1"],"picked":"Dash+1","floor":31},{"not_picked":["Bullet Time","Venomology"],"picked":"Burst","floor":33},{"not_picked":["Slice+1","Quick Slash+1"],"picked":"Backflip","floor":35},{"not_picked":["Quick Slash+1","Bane+1","Dagger Spray+1"],"picked":"SKIP","floor":36},{"not_picked":["Cloak And Dagger","Blur+1"],"picked":"Catalyst","floor":38},{"not_picked":["Dagger Throw+1","Concentrate","Bane+1"],"picked":"SKIP","floor":40},{"not_picked":["Slice+1","After Image"],"picked":"PiercingWail","floor":41},{"not_picked":["Masterful Stab+1","Blade Dance","Terror"],"picked":"SKIP","floor":42},{"not_picked":["Concentrate","Deadly Poison"],"picked":"Cloak And Dagger+1","floor":44},{"not_picked":["Dagger Spray+1","Calculated Gamble","Bane+1"],"picked":"SKIP","floor":45},{"not_picked":["Acrobatics","PiercingWail"],"picked":"Wraith Form v2","floor":46},{"not_picked":["Expertise","Tactician"],"picked":"Crippling Poison+1","floor":54}],"player_experience":1680054,"relics_obtained":[{"floor":6,"key":"Oddly Smooth Stone"},{"floor":9,"key":"Mercury Hourglass"},{"floor":12,"key":"Snake Skull"},{"floor":13,"key":"MawBank"},{"floor":24,"key":"Regal Pillow"},{"floor":25,"key":"Potion Belt"},{"floor":26,"key":"Darkstone Periapt"},{"floor":27,"key":"Molten Egg 2"},{"floor":31,"key":"Bird Faced Urn"},{"floor":40,"key":"Matryoshka"},{"floor":42,"key":"Gremlin Horn"},{"floor":43,"key":"Kunai"},{"floor":54,"key":"Bag of Marbles"}],"event_choices":[{"damage_healed":0,"gold_gain":0,"player_choice":"Lose Max HP","damage_taken":0,"relics_obtained":["Golden Idol"],"max_hp_gain":0,"max_hp_loss":6,"event_name":"Golden Idol","floor":2,"gold_loss":0},{"damage_healed":0,"gold_gain":0,"player_choice":"Bought 2 Potions","damage_taken":0,"max_hp_gain":0,"max_hp_loss":0,"event_name":"The Woman in Blue","floor":3,"gold_loss":0},{"cards_removed":["Strike_G"],"damage_healed":0,"gold_gain":0,"player_choice":"Card Removal","damage_taken":7,"max_hp_gain":0,"max_hp_loss":0,"event_name":"Golden Wing","floor":10,"gold_loss":0},{"cards_removed":["Strike_G"],"damage_healed":0,"gold_gain":0,"player_choice":"Upgrade and Remove","damage_taken":0,"max_hp_gain":0,"max_hp_loss":0,"event_name":"Designer","floor":19,"gold_loss":110,"cards_upgraded":["Strike_G"]},{"damage_healed":0,"gold_gain":0,"player_choice":"Upgraded","damage_taken":0,"max_hp_gain":0,"max_hp_loss":0,"event_name":"Upgrade Shrine","floor":39,"gold_loss":0,"cards_upgraded":["Catalyst"]}],"is_beta":false,"boss_relics":[{"not_picked":["Lizard Tail","Cursed Key"],"picked":"Sozu"},{"not_picked":["Velvet Choker","Ring of the Serpent"],"picked":"Snecko Eye"}],"items_purged_floors":[28,37,48],"is_endless":false,"potions_floor_spawned":[1,4,22,25,31,36,40,42,54],"ascension_level":15}