{"gold_per_floor":[111,111,111,130,149,271,271,288,288,288,288,302,336,353,353,427,427,545,215,215,265,284,296,323,323,323,323,349,349,377,390,390,390],"floor_reached":33,"playtime":1075,"items_purged":["Strike_B"],"score":755,"play_id":"689a8e27-f401-4241-8eeb-d854eccf4ac7","local_time":"20190306202959","is_ascension_mode":true,"campfire_choices":[{"data":"hubris:PowerSurge","floor":7,"key":"SMITH"},{"data":"Zap","floor":11,"key":"SMITH"},{"data":"Static Discharge","floor":15,"key":"SMITH"},{"data":"hubris:PowerSurge","floor":27,"key":"SMITH"},{"data":"Coolheaded","floor":29,"key":"SMITH"},{"data":"Echo Form","floor":32,"key":"SMITH"}],"neow_cost":"NONE","seed_source_timestamp":32995641045000,"circlet_count":0,"master_deck":["AscendersBane","Strike_B","Strike_B","Strike_B","Defend_B","Defend_B","Defend_B","Defend_B","Zap+1","Dualcast","Ball Lightning","Static Discharge+1","hubris:PowerSurge+1","Coolheaded","hubris:Ukulele","Coolheaded+1","Ball Lightning","Static Discharge","Echo Form+1","hubris:PowerSurge+1","Tempest+1","Amplify","Skim+1","Self Repair+1"],"relics":["Cracked Core","hubris:RGBLights","hubris:PeanutButter","Singing Bowl","Bag of Preparation","Orrery","hubris:BallOfYels","Kunai","Frozen Egg 2","Strawberry"],"potions_floor_usage":[28,33],"damage_taken":[{"damage":7,"enemies":"Jaw Worm","floor":1,"turns":3},{"damage":1,"enemies":"Small Slimes","floor":4,"turns":3},{"damage":0,"enemies":"Cultist","floor":5,"turns":2},{"damage":15,"enemies":"Lagavulin","floor":6,"turns":6},{"damage":0,"enemies":"3 Louse","floor":8,"turns":2},{"damage":0,"enemies":"Blue Slaver","floor":12,"turns":2},{"damage":0,"enemies":"Gremlin Nob","floor":13,"turns":3},{"damage":0,"enemies":"Large Slime","floor":14,"turns":3},{"damage":10,"enemies":"The Guardian","floor":16,"turns":6},{"damage":0,"enemies":"Shell Parasite","floor":18,"turns":3},{"damage":0,"enemies":"Chosen","floor":22,"turns":2},{"damage":3,"enemies":"Shelled Parasite and Fungi","floor":23,"turns":2},{"damage":3,"enemies":"Gremlin Leader","floor":24,"turns":3},{"damage":10,"enemies":"Slavers","floor":28,"turns":3},{"damage":10,"enemies":"Gremlin Leader","floor":30,"turns":3},{"damage":8,"enemies":"Snake Plant","floor":31,"turns":2},{"damage":81,"enemies":"Automaton","floor":33,"turns":8}],"seed_played":"-4175520252603424361","potions_obtained":[{"floor":1,"key":"infinitespire:BlackPotion"},{"floor":5,"key":"Dexterity Potion"},{"floor":30,"key":"Strength Potion"}],"is_trial":false,"path_per_floor":["M","?","$","M","M","E","R","M","T","?","R","M","E","M","R","B",null,"M","$","?","?","M","M","E","?","T","R","E","R","E","M","R","B"],"character_chosen":"DEFECT","items_purchased":["hubris:BallOfYels","Amplify"],"campfire_rested":0,"item_purchase_floors":[19,19],"current_hp_per_floor":[57,57,57,56,56,41,41,41,41,46,46,46,46,46,46,36,74,74,74,74,74,74,73,72,72,72,72,62,62,61,75,75,0],"gold":390,"neow_bonus":"THREE_CARDS","is_prod":false,"is_daily":false,"chose_seed":false,"campfire_upgraded":6,"win_rate":0,"timestamp":1551900599,"path_taken":["M","?","$","M","M","E","R","M","T","?","R","M","E","M","R","BOSS","M","$","?","?","M","M","E","?","T","R","E","R","E","M","R","BOSS"],"build_version":"2019-01-23","purchased_purges":1,"victory":false,"max_hp_per_floor":[71,71,71,71,71,71,71,71,71,76,76,76,76,76,76,76,84,84,84,84,84,84,86,88,88,88,88,88,88,97,99,99,99],"card_choices":[{"not_picked":["Hologram","Turbo"],"picked":"Ball Lightning","floor":0},{"not_picked":["Storm","Streamline"],"picked":"Static Discharge","floor":1},{"not_picked":["Steam","Hologram"],"picked":"hubris:PowerSurge","floor":4},{"not_picked":["Aggregate","Creative AI"],"picked":"Coolheaded","floor":5},{"not_picked":["Leap","Blizzard"],"picked":"hubris:Ukulele","floor":6},{"not_picked":["Beam Cell","Chaos","Go for the Eyes"],"picked":"SKIP","floor":8},{"not_picked":["Compile Driver","Barrage"],"picked":"Coolheaded","floor":12},{"not_picked":["Cold Snap","Rebound"],"picked":"Ball Lightning","floor":13},{"not_picked":["Hello World","Go for the Eyes"],"picked":"Static Discharge","floor":14},{"not_picked":["Machine Learning","Meteor Strike"],"picked":"Echo Form","floor":16},{"not_picked":["Ball Lightning","Recycle"],"picked":"hubris:PowerSurge","floor":17},{"not_picked":["BootSequence","Melter","Storm"],"picked":"Singing Bowl","floor":17},{"not_picked":["Beam Cell","Steam","Redo"],"picked":"Singing Bowl","floor":17},{"not_picked":["Gash","Streamline","Steam"],"picked":"Singing Bowl","floor":17},{"not_picked":["Recycle","Coolheaded","Self Repair"],"picked":"Singing Bowl","floor":17},{"not_picked":["Ball Lightning+1","Undo"],"picked":"Tempest+1","floor":18},{"not_picked":["Stack","Coolheaded"],"picked":"Skim+1","floor":22},{"not_picked":["Redo","Stack","Rip and Tear"],"picked":"Singing Bowl","floor":23},{"not_picked":["Coolheaded","Hello World","Beam Cell"],"picked":"Singing Bowl","floor":24},{"not_picked":["BootSequence","Force Field"],"picked":"Self Repair","floor":28},{"not_picked":["Sunder","Streamline","Lockon"],"picked":"Singing Bowl","floor":30},{"not_picked":["Steam","Skim","Self Repair+1"],"picked":"Singing Bowl","floor":31}],"player_experience":1376008,"relics_obtained":[{"floor":2,"key":"hubris:RGBLights"},{"floor":6,"key":"hubris:PeanutButter"},{"floor":9,"key":"Singing Bowl"},{"floor":13,"key":"Bag of Preparation"},{"floor":26,"key":"Kunai"},{"floor":28,"key":"Frozen Egg 2"},{"floor":30,"key":"Strawberry"}],"event_choices":[{"damage_healed":0,"gold_gain":0,"player_choice":"Donut","damage_taken":0,"max_hp_gain":5,"max_hp_loss":0,"event_name":"Big Fish","floor":10,"gold_loss":0},{"damage_healed":0,"gold_gain":0,"player_choice":"Ignored","damage_taken":0,"max_hp_gain":0,"max_hp_loss":0,"event_name":"The Mausoleum","floor":20,"gold_loss":0},{"damage_healed":0,"gold_gain":50,"player_choice":"Stole From Cult","damage_taken":0,"max_hp_gain":0,"max_hp_loss":0,"event_name":"Nest","floor":21,"gold_loss":0},{"damage_healed":0,"gold_gain":0,"player_choice":"Ignored","damage_taken":0,"max_hp_gain":0,"max_hp_loss":0,"event_name":"Ghosts","floor":25,"gold_loss":0}],"is_beta":false,"boss_relics":[{"not_picked":["Inserter","hubris:ScarierMask"],"picked":"Orrery"}],"items_purged_floors":[19],"is_endless":false,"potions_floor_spawned":[1,5,12,13,16,22,24,30],"killed_by":"Automaton","ascension_level":20}