{"gold_per_floor":[139,174,99,133,175,175,239,271,271,271,332,367,422,42,42,42],"floor_reached":16,"playtime":578,"items_purged":["Strike_R","Strike_R"],"score":228,"play_id":"ed83b99f-f9e1-4e98-9856-2eaf05192c9a","local_time":"20191001092934","is_ascension_mode":true,"campfire_choices":[{"data":"HandOfGreed","floor":6.0,"key":"SMITH"},{"floor":10.0,"key":"REST"},{"data":"Apotheosis","floor":15.0,"key":"SMITH"}],"neow_cost":"PERCENT_DAMAGE","seed_source_timestamp":62848057675552,"circlet_count":0,"master_deck":["AscendersBane","Strike_R","Strike_R","Strike_R","Defend_R","Defend_R","Defend_R","Defend_R","Bash","HandOfGreed+1","Disarm","Armaments","Headbutt","Combust","Shrug It Off","Shrug It Off","Metallicize+1","Fire Breathing+1","Apotheosis+1"],"special_seed":0,"relics":["Burning Blood","Bag of Preparation","Question Card","Frozen Egg 2"],"potions_floor_usage":[16],"damage_taken":[{"damage":1.0,"enemies":"Cultist","floor":1.0,"turns":3.0},{"damage":10.0,"enemies":"2 Louse","floor":2.0,"turns":3.0},{"damage":4.0,"enemies":"Small Slimes","floor":4.0,"turns":5.0},{"damage":11.0,"enemies":"2 Fungi Beasts","floor":5.0,"turns":5.0},{"damage":17.0,"enemies":"3 Louse","floor":7.0,"turns":3.0},{"damage":31.0,"enemies":"Lagavulin","floor":8.0,"turns":6.0},{"damage":18.0,"enemies":"Gremlin Gang","floor":11.0,"turns":4.0},{"damage":8.0,"enemies":"Blue Slaver","floor":12.0,"turns":6.0},{"damage":18.0,"enemies":"Gremlin Nob","floor":13.0,"turns":4.0},{"damage":12,"enemies":"Slime Boss","floor":16,"turns":3}],"seed_played":"-154185300096526416","potions_obtained":[{"floor":5.0,"key":"AttackPotion"},{"floor":7.0,"key":"GamblersBrew"},{"floor":8.0,"key":"Ancient Potion"},{"floor":11.0,"key":"EssenceOfSteel"},{"floor":13.0,"key":"SkillPotion"}],"is_trial":false,"path_per_floor":["M","M","$","M","M","R","M","E","T","R","M","M","E","$","R","B"],"character_chosen":"IRONCLAD","items_purchased":["Fire Breathing+1","Apotheosis"],"campfire_rested":1,"item_purchase_floors":[14,14],"current_hp_per_floor":[55,51,51,53,48,48,37,12,12,34,22,20,8,8,8,0],"gold":42,"neow_bonus":"RANDOM_COLORLESS_2","is_prod":false,"is_daily":false,"chose_seed":false,"campfire_upgraded":2,"win_rate":0,"timestamp":1569914974,"path_taken":["M","M","$","M","M","R","M","E","T","R","M","M","E","$","R","BOSS"],"build_version":"2019-09-27","purchased_purges":2,"victory":false,"max_hp_per_floor":[75,75,75,75,75,75,75,75,75,75,75,75,75,75,75,75],"card_choices":[{"not_picked":["Violence","Panache"],"picked":"HandOfGreed","floor":0.0},{"not_picked":["Blood for Blood","Twin Strike"],"picked":"Disarm","floor":1.0},{"not_picked":["Reckless Charge","Metallicize"],"picked":"Armaments","floor":2.0},{"not_picked":["Heavy Blade","Reckless Charge"],"picked":"Headbutt","floor":4.0},{"not_picked":["Flex","Iron Wave"],"picked":"Combust","floor":5.0},{"not_picked":["Flex","Havoc","Whirlwind"],"picked":"SKIP","floor":7.0},{"not_picked":["Brutality","Seeing Red","Rage"],"picked":"SKIP","floor":8.0},{"not_picked":["Anger","Wild Strike","Clothesline"],"picked":"Shrug It Off","floor":11.0},{"not_picked":["Sword Boomerang","Body Slam","Dark Embrace"],"picked":"Shrug It Off","floor":12.0},{"not_picked":["Carnage","Pummel","Rampage"],"picked":"Metallicize","floor":13.0}],"player_experience":2129632,"relics_obtained":[{"floor":8.0,"key":"Bag of Preparation"},{"floor":9.0,"key":"Question Card"},{"floor":13.0,"key":"Frozen Egg 2"}],"event_choices":[],"is_beta":true,"boss_relics":[],"items_purged_floors":[3,14],"is_endless":false,"potions_floor_spawned":[5,7,8,11,13],"killed_by":"Slime Boss","ascension_level":20}