{"gold_per_floor":[111,111,186,198,198,198,226,245,245,210,210,210,245,7,7,85,85,101,101,1,11,11,36,36,36],"floor_reached":25,"playtime":861,"items_purged":["Strike_G","Strike_G"],"score":450,"play_id":"09a21666-7427-450c-9a6d-cc2d713328bc","local_time":"20190713164235","is_ascension_mode":true,"campfire_choices":[{"data":"Bouncing Flask","floor":6,"key":"SMITH"},{"data":"Poisoned Stab","floor":12,"key":"SMITH"},{"floor":15,"key":"REST"}],"neow_cost":"PERCENT_DAMAGE","seed_source_timestamp":24593649057035,"circlet_count":0,"master_deck":["AscendersBane","Defend_G","Defend_G","Defend_G","Defend_G","Defend_G","Survivor","Neutralize+1","Bouncing Flask+1","Poisoned Stab","Poisoned Stab+1","Dash","Footwork+1","Adrenaline","Dodge and Roll","Burst","Endless Agony","Deadly Poison","Decay","Shame"],"relics":["Ring of the Snake","Ice Cream","Frozen Egg 2","Letter Opener","Darkstone Periapt","PreservedInsect","Black Star","Boot","Bag of Marbles","Meat on the Bone"],"potions_floor_usage":[7,25],"damage_taken":[{"damage":0,"enemies":"2 Louse","floor":1,"turns":4},{"damage":6,"enemies":"Small Slimes","floor":4,"turns":4},{"damage":8,"enemies":"Gremlin Nob","floor":7,"turns":3},{"damage":0,"enemies":"Cultist","floor":8,"turns":3},{"damage":10,"enemies":"Lagavulin","floor":13,"turns":5},{"damage":38,"enemies":"Slime Boss","floor":16,"turns":15},{"damage":4,"enemies":"3 Byrds","floor":18,"turns":5},{"damage":0,"enemies":"Spheric Guardian","floor":21,"turns":5},{"damage":36,"enemies":"Slavers","floor":23,"turns":5},{"damage":20,"enemies":"3 Cultists","floor":25,"turns":5}],"seed_played":"-190639518934781694","potions_obtained":[{"floor":1,"key":"FearPotion"},{"floor":13,"key":"Block Potion"},{"floor":16,"key":"SteroidPotion"}],"is_trial":false,"path_per_floor":["M","?","?","M","?","R","E","M","T","?","?","R","E","$","R","B",null,"M","?","$","M","?","E","?","M"],"character_chosen":"THE_SILENT","items_purchased":["PreservedInsect"],"campfire_rested":1,"item_purchase_floors":[14],"current_hp_per_floor":[44,44,33,27,27,27,19,19,19,35,35,35,25,25,44,6,51,47,47,47,47,53,17,23,3],"gold":36,"neow_bonus":"ONE_RARE_RELIC","is_prod":false,"is_daily":false,"chose_seed":false,"campfire_upgraded":2,"win_rate":0,"timestamp":1563028955,"path_taken":["M","?","?","M","?","R","E","?","T","?","?","R","E","$","R","BOSS","M","?","$","M","?","E","?","M"],"build_version":"2019-07-05","purchased_purges":2,"victory":false,"max_hp_per_floor":[66,66,66,66,66,66,66,66,66,66,66,66,66,66,66,66,66,66,66,66,66,72,72,78,78],"card_choices":[{"not_picked":["Blade Dance","Infinite Blades"],"picked":"Bouncing Flask","floor":1},{"not_picked":["Dagger Throw","Underhanded Strike"],"picked":"Poisoned Stab","floor":4},{"not_picked":["Dodge and Roll","Reflex"],"picked":"Poisoned Stab","floor":7},{"not_picked":["Dagger Spray","Predator"],"picked":"Dash","floor":8},{"not_picked":["Flying Knee","Cloak And Dagger"],"picked":"Footwork+1","floor":13},{"not_picked":["Unload","Storm of Steel"],"picked":"Adrenaline","floor":16},{"not_picked":["Flying Knee","Setup"],"picked":"Dodge and Roll","floor":18},{"not_picked":["Sucker Punch","Poisoned Stab"],"picked":"Deadly Poison","floor":21},{"not_picked":["Cloak And Dagger","Infinite Blades+1","Finisher"],"picked":"SKIP","floor":23}],"player_experience":1801161,"relics_obtained":[{"floor":7,"key":"Frozen Egg 2"},{"floor":9,"key":"Letter Opener"},{"floor":13,"key":"Darkstone Periapt"},{"floor":23,"key":"Boot"},{"floor":23,"key":"Bag of Marbles"}],"event_choices":[{"damage_healed":0,"gold_gain":0,"player_choice":"Ignored","damage_taken":0,"max_hp_gain":0,"max_hp_loss":0,"event_name":"Liars Game","floor":2,"gold_loss":0},{"damage_healed":0,"gold_gain":75,"player_choice":"Gather Gold","damage_taken":11,"max_hp_gain":0,"max_hp_loss":0,"event_name":"World of Goop","floor":3,"gold_loss":0},{"damage_healed":0,"gold_gain":0,"player_choice":"Upgraded","damage_taken":0,"max_hp_gain":0,"max_hp_loss":0,"event_name":"Upgrade Shrine","floor":5,"gold_loss":0,"cards_upgraded":["Neutralize"]},{"damage_healed":16,"gold_gain":0,"player_choice":"Healed","damage_taken":0,"max_hp_gain":0,"max_hp_loss":0,"event_name":"The Cleric","floor":10,"gold_loss":35},{"cards_removed":["Strike_G"],"damage_healed":0,"gold_gain":0,"player_choice":"Offered Basic","damage_taken":0,"max_hp_gain":0,"max_hp_loss":0,"event_name":"Bonfire Elementals","floor":11,"gold_loss":0},{"damage_healed":0,"gold_gain":0,"cards_transformed":["Strike_G","Strike_G"],"player_choice":"Became Test Subject","damage_taken":0,"max_hp_gain":0,"max_hp_loss":0,"event_name":"Drug Dealer","floor":19,"gold_loss":0,"cards_obtained":["Burst","Endless Agony"]},{"damage_healed":0,"gold_gain":0,"player_choice":"Smashed Altar","damage_taken":0,"max_hp_gain":0,"max_hp_loss":0,"event_name":"Forgotten Altar","floor":22,"gold_loss":0,"cards_obtained":["Decay"]},{"damage_healed":0,"gold_gain":0,"player_choice":"Stole Relic","damage_taken":0,"relics_obtained":["Meat on the Bone"],"max_hp_gain":0,"max_hp_loss":0,"event_name":"Addict","floor":24,"gold_loss":0,"cards_obtained":["Shame"]}],"is_beta":false,"boss_relics":[{"not_picked":["Orrery","Velvet Choker"],"picked":"Black Star"}],"items_purged_floors":[14,20],"is_endless":false,"potions_floor_spawned":[1,13,16,18,21],"killed_by":"3 Cultists","ascension_level":20}