{"gold_per_floor":[112,62,73,92,105,105,133,133,133,166,179,59,90,107,107,107],"floor_reached":16,"playtime":1650,"items_purged":["Strike_R"],"score":134,"play_id":"853eee9e-d9ca-4365-8c4d-cb250ef34f69","local_time":"20190308064646","is_ascension_mode":true,"campfire_choices":[{"data":"Armaments","floor":6,"key":"SMITH"},{"data":"Rage","floor":8,"key":"SMITH"},{"data":"Pommel Strike","floor":15,"key":"SMITH"}],"neow_cost":"NONE","seed_source_timestamp":1955384291812350,"circlet_count":0,"master_deck":["Strike_R","Strike_R","Strike_R","Defend_R","Defend_R","Defend_R","Defend_R","Bash","Armaments+1","Pommel Strike","Pommel Strike+1","Rage+1","Shockwave","Flex","Flex","Juggernaut","Pommel Strike"],"relics":["Burning Blood","Singing Bowl","Letter Opener","Matryoshka","Pen Nib"],"potions_floor_usage":[16],"damage_taken":[{"damage":9,"enemies":"2 Louse","floor":1,"turns":2},{"damage":0,"enemies":"Small Slimes","floor":3,"turns":4},{"damage":0,"enemies":"Cultist","floor":4,"turns":3},{"damage":2,"enemies":"Large Slime","floor":5,"turns":9},{"damage":19,"enemies":"3 Sentries","floor":7,"turns":12},{"damage":31,"enemies":"Lagavulin","floor":10,"turns":5},{"damage":13,"enemies":"Lots of Slimes","floor":11,"turns":5},{"damage":18,"enemies":"3 Sentries","floor":13,"turns":9},{"damage":11,"enemies":"Blue Slaver","floor":14,"turns":4},{"damage":27,"enemies":"The Guardian","floor":16,"turns":6}],"seed_played":"-552717816168210133","potions_obtained":[{"floor":10,"key":"GamblersBrew"},{"floor":11,"key":"SteroidPotion"},{"floor":14,"key":"GamblersBrew"}],"is_trial":false,"path_per_floor":["M","?","M","M","M","R","E","R","T","E","M","$","E","M","R","B"],"character_chosen":"IRONCLAD","items_purchased":["Flex"],"campfire_rested":0,"item_purchase_floors":[12],"current_hp_per_floor":[85,85,88,88,88,88,75,75,75,50,43,43,31,26,26,0],"gold":107,"neow_bonus":"TEN_PERCENT_HP_BONUS","is_prod":false,"is_daily":false,"chose_seed":false,"campfire_upgraded":3,"win_rate":0,"timestamp":1552056406,"path_taken":["M","?","M","M","M","R","E","R","T","E","M","$","E","M","R","BOSS"],"build_version":"2019-01-23","purchased_purges":1,"victory":false,"max_hp_per_floor":[88,88,88,88,88,88,88,88,88,88,88,88,88,88,88,88],"card_choices":[{"not_picked":["Twin Strike","True Grit"],"picked":"Armaments","floor":1},{"not_picked":["True Grit","Body Slam"],"picked":"Pommel Strike","floor":3},{"not_picked":["Blood for Blood","Iron Wave","Headbutt"],"picked":"SKIP","floor":4},{"not_picked":["Twin Strike","Sword Boomerang"],"picked":"Pommel Strike","floor":5},{"not_picked":["Warcry","Reaper"],"picked":"Rage","floor":7},{"not_picked":["True Grit","Hemokinesis"],"picked":"Shockwave","floor":10},{"not_picked":["Havoc","Clothesline"],"picked":"Flex","floor":11},{"not_picked":["True Grit","Shockwave"],"picked":"Juggernaut","floor":13},{"not_picked":["Twin Strike","True Grit"],"picked":"Pommel Strike","floor":14}],"player_experience":347125,"relics_obtained":[{"floor":7,"key":"Singing Bowl"},{"floor":9,"key":"Letter Opener"},{"floor":10,"key":"Matryoshka"},{"floor":13,"key":"Pen Nib"}],"event_choices":[{"cards_removed":["Strike_R"],"damage_healed":0,"gold_gain":0,"player_choice":"Card Removal","damage_taken":0,"max_hp_gain":0,"max_hp_loss":0,"event_name":"The Cleric","floor":2,"gold_loss":50}],"is_beta":false,"boss_relics":[],"items_purged_floors":[12],"is_endless":false,"potions_floor_spawned":[10,11,14],"killed_by":"The Guardian","ascension_level":2}