{"gold_per_floor":[110,110,135,54,54,54,88,88,133,145,201,213,246,258,270,371,383,414,451,477,414,440,452,502,514],"floor_reached":25,"playtime":802,"items_purged":[],"score":458,"play_id":"704d5f15-24c6-4441-a2e8-97be0cdfb53d","local_time":"20190725012227","is_ascension_mode":true,"campfire_choices":[{"data":"Skewer","floor":6,"key":"SMITH"},{"floor":10,"key":"REST"},{"data":"Noxious Fumes","floor":12,"key":"SMITH"},{"data":"Poisoned Stab","floor":15,"key":"SMITH"},{"data":"Poisoned Stab","floor":23,"key":"SMITH"}],"neow_cost":"NONE","seed_source_timestamp":55998651902782,"circlet_count":0,"master_deck":["AscendersBane","Strike_G+1","Strike_G","Defend_G","Defend_G","Defend_G","Defend_G","Defend_G+1","Survivor","Neutralize+1","Skewer+1","Flying Knee","Noxious Fumes+1","Quick Slash","Poisoned Stab+1","Poisoned Stab+1","Adrenaline+1","Blade Dance+1","Dodge and Roll+1","Adrenaline+1","Heel Hook","Riddle With Holes","Deadly Poison+1"],"relics":["Ring of the Snake","PreservedInsect","Golden Idol","Matryoshka","MawBank","Smiling Mask","Toxic Egg 2","Coffee Dripper","Nunchaku"],"potions_floor_usage":[11],"damage_taken":[{"damage":0,"enemies":"2 Louse","floor":1,"turns":4},{"damage":7,"enemies":"Small Slimes","floor":3,"turns":5},{"damage":17,"enemies":"Lagavulin","floor":7,"turns":6},{"damage":3,"enemies":"Gremlin Nob","floor":11,"turns":3},{"damage":0,"enemies":"Jaw Worm","floor":13,"turns":3},{"damage":19,"enemies":"Hexaghost","floor":16,"turns":8},{"damage":9,"enemies":"Shell Parasite","floor":18,"turns":6},{"damage":2,"enemies":"3 Byrds","floor":19,"turns":4},{"damage":16,"enemies":"Sentry and Sphere","floor":20,"turns":6},{"damage":0,"enemies":"Centurion and Healer","floor":22,"turns":4},{"damage":18,"enemies":"Book of Stabbing","floor":24,"turns":4},{"damage":6,"enemies":"3 Cultists","floor":25,"turns":2}],"seed_played":"-449812152372930810","potions_obtained":[{"floor":1,"key":"Poison Potion"},{"floor":13,"key":"Energy Potion"},{"floor":18,"key":"Strength Potion"}],"is_trial":false,"path_per_floor":["M","?","M","$","?","R","E","?","T","R","E","R","M","?","R","B",null,"M","M","M","?","M","R","E","M"],"character_chosen":"THE_SILENT","items_purchased":["Noxious Fumes"],"campfire_rested":1,"item_purchase_floors":[4],"current_hp_per_floor":[59,59,52,52,45,45,28,10,10,28,25,25,25,25,25,6,47,38,36,20,20,20,20,2,0],"gold":514,"neow_bonus":"RANDOM_COMMON_RELIC","is_prod":false,"is_daily":false,"chose_seed":false,"campfire_upgraded":4,"win_rate":0,"timestamp":1564010547,"path_taken":["M","?","M","$","?","R","E","?","T","R","E","R","M","?","R","BOSS","M","M","M","?","?","R","E","M"],"build_version":"2019-07-17","purchased_purges":0,"victory":false,"max_hp_per_floor":[66,60,60,60,60,60,60,60,60,60,60,60,60,60,60,60,60,60,60,60,60,60,60,60,60],"card_choices":[{"not_picked":["Eviscerate","Blur"],"picked":"Skewer","floor":1},{"not_picked":["Cloak And Dagger","Skewer"],"picked":"Flying Knee","floor":3},{"not_picked":["Prepared","Dagger Throw"],"picked":"Quick Slash","floor":7},{"not_picked":["Outmaneuver","Dash"],"picked":"Poisoned Stab","floor":11},{"not_picked":["Concentrate+1","Bane"],"picked":"Poisoned Stab","floor":13},{"not_picked":["Glass Knife","Malaise+1"],"picked":"Adrenaline+1","floor":16},{"not_picked":["Sucker Punch","Flying Knee"],"picked":"Blade Dance+1","floor":18},{"not_picked":["Prepared+1","Flying Knee"],"picked":"Dodge and Roll+1","floor":19},{"not_picked":["Dodge and Roll+1","Outmaneuver+1"],"picked":"Adrenaline+1","floor":20},{"not_picked":["Sucker Punch","Outmaneuver+1"],"picked":"Deadly Poison+1","floor":22},{"not_picked":["Predator","Finisher","Tactician+1"],"picked":"SKIP","floor":24}],"player_experience":1843267,"relics_obtained":[{"floor":7,"key":"Matryoshka"},{"floor":9,"key":"MawBank"},{"floor":9,"key":"Smiling Mask"},{"floor":11,"key":"Toxic Egg 2"},{"floor":24,"key":"Nunchaku"}],"event_choices":[{"damage_healed":0,"gold_gain":0,"player_choice":"Lose Max HP","damage_taken":0,"relics_obtained":["Golden Idol"],"max_hp_gain":0,"max_hp_loss":6,"event_name":"Golden Idol","floor":2,"gold_loss":0},{"cards_removed":["Strike_G"],"damage_healed":0,"gold_gain":0,"player_choice":"Card Removal","damage_taken":7,"max_hp_gain":0,"max_hp_loss":0,"event_name":"Golden Wing","floor":5,"gold_loss":0},{"damage_healed":0,"gold_gain":0,"player_choice":"Entered Light","damage_taken":18,"max_hp_gain":0,"max_hp_loss":0,"event_name":"Shining Light","floor":8,"gold_loss":0,"cards_upgraded":["Strike_G","Defend_G"]},{"damage_healed":0,"gold_gain":0,"player_choice":"Grow","damage_taken":0,"max_hp_gain":0,"max_hp_loss":0,"event_name":"Living Wall","floor":14,"gold_loss":0,"cards_upgraded":["Neutralize"]},{"damage_healed":0,"gold_gain":0,"cards_transformed":["Strike_G","Strike_G"],"player_choice":"Transformed Cards","damage_taken":0,"max_hp_gain":0,"max_hp_loss":0,"event_name":"Designer","floor":21,"gold_loss":75,"cards_obtained":["Heel Hook","Riddle With Holes"]}],"is_beta":false,"boss_relics":[{"not_picked":["WristBlade","HoveringKite"],"picked":"Coffee Dripper"}],"items_purged_floors":[],"is_endless":false,"potions_floor_spawned":[1,13,18,20],"killed_by":"3 Cultists","ascension_level":20}