{"gold_per_floor":[116,128,53,128,128,161,161,188,188,188,207,223,157,182,182,182],"floor_reached":16,"playtime":478,"items_purged":[],"score":286,"play_id":"8b3da580-543b-486f-b8d5-9b6e9af6ec56","local_time":"20190701222727","is_ascension_mode":true,"campfire_choices":[{"data":"Noxious Fumes","floor":7.0,"key":"SMITH"},{"floor":10.0,"key":"REST"},{"floor":15,"key":"REST"}],"neow_cost":"NONE","seed_source_timestamp":44512450413352,"circlet_count":0,"master_deck":["AscendersBane","Defend_G","Defend_G","Defend_G","Defend_G","Defend_G","Strike_G","Strike_G","Strike_G","Strike_G","Survivor","Neutralize","Dagger Throw","Noxious Fumes+1","Unload","Deadly Poison","Footwork","Acrobatics","Deflect","Backflip"],"special_seed":0,"relics":["Ring of the Snake","NeowsBlessing","Dodecahedron","Anchor","Bag of Preparation","Juzu Bracelet","Art of War"],"potions_floor_usage":[],"damage_taken":[{"damage":0.0,"enemies":"2 Louse","floor":1.0,"turns":1.0},{"damage":0.0,"enemies":"Cultist","floor":2.0,"turns":1.0},{"damage":0.0,"enemies":"Gremlin Nob","floor":6.0,"turns":1.0},{"damage":27.0,"enemies":"3 Sentries","floor":8.0,"turns":7.0},{"damage":0.0,"enemies":"Jaw Worm","floor":11.0,"turns":3.0},{"damage":2.0,"enemies":"Red Slaver","floor":12.0,"turns":3.0},{"damage":34.0,"enemies":"Gremlin Nob","floor":14.0,"turns":5.0},{"damage":23,"enemies":"Slime Boss","floor":16,"turns":9}],"seed_played":"-2757387259643558072","potions_obtained":[{"floor":2.0,"key":"Energy Potion"},{"floor":6.0,"key":"Weak Potion"}],"is_trial":false,"path_per_floor":["M","M","?","?","?","E","R","E","T","R","M","M","?","E","R","B"],"character_chosen":"THE_SILENT","items_purchased":[],"campfire_rested":2,"item_purchase_floors":[],"current_hp_per_floor":[59,59,59,48,48,48,48,21,21,40,40,38,38,4,23,0],"gold":182,"neow_bonus":"THREE_ENEMY_KILL","is_prod":false,"is_daily":false,"chose_seed":false,"campfire_upgraded":1,"win_rate":0,"timestamp":1562012847,"path_taken":["M","M","?","?","?","E","R","E","T","R","?","M","?","E","R","BOSS"],"build_version":"2019-01-23","purchased_purges":0,"victory":false,"max_hp_per_floor":[66,66,66,66,66,66,66,66,66,66,66,66,66,66,66,66],"card_choices":[{"not_picked":["Underhanded Strike","Expertise"],"picked":"Dagger Throw","floor":1.0},{"not_picked":["Underhanded Strike","Deflect"],"picked":"Noxious Fumes","floor":2.0},{"not_picked":["Slice","PiercingWail"],"picked":"Deadly Poison","floor":6.0},{"not_picked":["Heel Hook","Terror"],"picked":"Footwork","floor":8.0},{"not_picked":["Flechettes","Underhanded Strike"],"picked":"Acrobatics","floor":11.0},{"not_picked":["Deadly Poison","Flying Knee"],"picked":"Deflect","floor":12.0},{"not_picked":["Skewer","Poisoned Stab"],"picked":"Backflip","floor":14}],"player_experience":1761867,"relics_obtained":[{"floor":6.0,"key":"Dodecahedron"},{"floor":8.0,"key":"Anchor"},{"floor":9.0,"key":"Bag of Preparation"},{"floor":14,"key":"Art of War"}],"event_choices":[{"cards_removed":["Strike_G"],"damage_healed":0.0,"max_hp_gain":0.0,"max_hp_loss":0.0,"gold_gain":0.0,"event_name":"The Cleric","player_choice":"Card Removal","floor":3.0,"gold_loss":75.0,"damage_taken":0.0},{"damage_healed":0.0,"max_hp_gain":0.0,"max_hp_loss":0.0,"gold_gain":75.0,"event_name":"World of Goop","player_choice":"Gather Gold","floor":4.0,"gold_loss":0.0,"damage_taken":11.0},{"damage_healed":0.0,"max_hp_gain":0.0,"max_hp_loss":0.0,"gold_gain":0.0,"event_name":"Match and Keep!","player_choice":"1 cards matched","floor":5.0,"gold_loss":0.0,"damage_taken":0.0,"cards_obtained":["Unload"]},{"damage_healed":0.0,"max_hp_gain":0.0,"max_hp_loss":0.0,"gold_gain":0.0,"event_name":"WeMeetAgain","player_choice":"Paid Gold","floor":13.0,"gold_loss":66.0,"damage_taken":0.0,"relics_obtained":["Juzu Bracelet"]}],"is_beta":false,"boss_relics":[],"items_purged_floors":[],"is_endless":false,"potions_floor_spawned":[2,6],"killed_by":"Slime Boss","ascension_level":20}