{"gold_per_floor":[11,11,11,11,24,24,64,77,77,77,90,47,88,88,88,179,179,202,127,151,151,171,171,191,111,111,111,131,131,165,77,77,77],"floor_reached":33,"playtime":1140,"items_purged":["Strike_B"],"score":646,"play_id":"4a6f108c-c56c-407e-91cc-2d280e443c73","local_time":"20190721235948","is_ascension_mode":true,"campfire_choices":[{"data":"Zap","floor":6,"key":"SMITH"},{"data":"Sweeping Beam","floor":10,"key":"SMITH"},{"data":"Capacitor","floor":15,"key":"SMITH"},{"floor":23,"key":"REST"},{"data":"Genetic Algorithm","floor":27,"key":"SMITH"},{"floor":29,"key":"REST"},{"data":"Capacitor","floor":32,"key":"SMITH"}],"neow_cost":"NO_GOLD","seed_source_timestamp":22385629245020,"circlet_count":0,"master_deck":["AscendersBane","Defend_B","Defend_B+1","Defend_B","Defend_B","Zap+1","Dualcast","Ball Lightning","Sweeping Beam+1","Conserve Battery","Ball Lightning","Conserve Battery","Capacitor+1","Cold Snap","Echo Form","Ball Lightning","Reprogram","Auto Shields","Compile Driver","Genetic Algorithm+1","Coolheaded","Capacitor+1"],"relics":["Cracked Core","FossilizedHelix","Golden Idol","Sundial","Orichalcum","Gremlin Horn","Nuclear Battery","Mummified Hand","Matryoshka"],"potions_floor_usage":[13,33],"damage_taken":[{"damage":0,"enemies":"Small Slimes","floor":1,"turns":3},{"damage":0,"enemies":"2 Louse","floor":5,"turns":3},{"damage":7,"enemies":"Lagavulin","floor":7,"turns":6},{"damage":0,"enemies":"Jaw Worm","floor":8,"turns":2},{"damage":0,"enemies":"Blue Slaver","floor":11,"turns":3},{"damage":0,"enemies":"Gremlin Nob","floor":13,"turns":3},{"damage":12,"enemies":"The Guardian","floor":16,"turns":10},{"damage":9,"enemies":"Shell Parasite","floor":18,"turns":6},{"damage":8,"enemies":"Chosen","floor":20,"turns":5},{"damage":22,"enemies":"3 Cultists","floor":22,"turns":4},{"damage":19,"enemies":"Centurion and Healer","floor":24,"turns":7},{"damage":2,"enemies":"Snecko","floor":28,"turns":7},{"damage":0,"enemies":"Gremlin Leader","floor":30,"turns":5},{"damage":40,"enemies":"Champ","floor":33,"turns":13}],"seed_played":"8756813719967628193","potions_obtained":[{"floor":1,"key":"SkillPotion"},{"floor":5,"key":"Block Potion"},{"floor":16,"key":"Energy Potion"}],"is_trial":false,"path_per_floor":["M","?","?","?","M","R","E","M","T","R","M","$","E","?","R","B",null,"M","$","M","?","M","R","M","$","T","R","M","R","E","$","R","B"],"character_chosen":"DEFECT","items_purchased":["Capacitor","Genetic Algorithm","Capacitor"],"campfire_rested":2,"item_purchase_floors":[12,25,31],"current_hp_per_floor":[64,64,45,50,50,50,43,43,43,43,43,43,43,43,43,31,60,51,51,43,43,21,41,22,22,22,22,20,40,40,40,40,0],"gold":77,"neow_bonus":"ONE_RARE_RELIC","is_prod":false,"is_daily":false,"chose_seed":false,"campfire_upgraded":5,"win_rate":0,"timestamp":1563746388,"path_taken":["M","?","?","?","M","R","E","M","T","R","?","$","E","?","R","BOSS","M","$","?","?","M","R","M","?","T","R","M","R","E","$","R","BOSS"],"build_version":"2019-07-17","purchased_purges":1,"victory":false,"max_hp_per_floor":[71,64,64,69,69,69,69,69,69,69,69,69,69,69,69,69,69,69,69,69,69,69,69,69,69,69,69,69,69,69,69,69,69],"card_choices":[{"not_picked":["Capacitor","Force Field"],"picked":"Ball Lightning","floor":1},{"not_picked":["Recycle","Streamline"],"picked":"Sweeping Beam","floor":5},{"not_picked":["Amplify","Beam Cell"],"picked":"Conserve Battery","floor":7},{"not_picked":["Loop","Rebound"],"picked":"Ball Lightning","floor":8},{"not_picked":["Steam","Hologram"],"picked":"Conserve Battery","floor":11},{"not_picked":["Reprogram","Genetic Algorithm"],"picked":"Cold Snap","floor":13},{"not_picked":["Seek","Buffer"],"picked":"Echo Form","floor":16},{"not_picked":["Recycle","Lockon"],"picked":"Ball Lightning","floor":18},{"not_picked":["Go for the Eyes","Redo+1","Conserve Battery"],"picked":"SKIP","floor":20},{"not_picked":["Hologram","BootSequence","Go for the Eyes"],"picked":"SKIP","floor":22},{"not_picked":["Conserve Battery","Steam+1"],"picked":"Compile Driver","floor":24},{"not_picked":["Turbo","Beam Cell"],"picked":"Coolheaded","floor":28},{"not_picked":["FTL","Leap","Melter"],"picked":"SKIP","floor":30}],"player_experience":1826677,"relics_obtained":[{"floor":7,"key":"Sundial"},{"floor":9,"key":"Orichalcum"},{"floor":13,"key":"Gremlin Horn"},{"floor":26,"key":"Mummified Hand"},{"floor":30,"key":"Matryoshka"}],"event_choices":[{"damage_healed":0,"gold_gain":0,"player_choice":"Lose Max HP","damage_taken":0,"relics_obtained":["Golden Idol"],"max_hp_gain":0,"max_hp_loss":7,"event_name":"Golden Idol","floor":2,"gold_loss":0},{"damage_healed":0,"gold_gain":0,"player_choice":"Entered Light","damage_taken":19,"max_hp_gain":0,"max_hp_loss":0,"event_name":"Shining Light","floor":3,"gold_loss":0,"cards_upgraded":["Strike_B","Defend_B"]},{"damage_healed":0,"gold_gain":0,"player_choice":"Donut","damage_taken":0,"max_hp_gain":5,"max_hp_loss":0,"event_name":"Big Fish","floor":4,"gold_loss":0},{"cards_removed":["Strike_B"],"damage_healed":0,"gold_gain":0,"player_choice":"Card Removal","damage_taken":0,"max_hp_gain":0,"max_hp_loss":0,"event_name":"Wheel of Change","floor":14,"gold_loss":0},{"damage_healed":0,"gold_gain":0,"cards_transformed":["Strike_B","Strike_B"],"player_choice":"Became Test Subject","damage_taken":0,"max_hp_gain":0,"max_hp_loss":0,"event_name":"Drug Dealer","floor":21,"gold_loss":0,"cards_obtained":["Reprogram","Auto Shields"]}],"is_beta":false,"boss_relics":[{"not_picked":["Runic Dome","Empty Cage"],"picked":"Nuclear Battery"}],"items_purged_floors":[19],"is_endless":false,"potions_floor_spawned":[1,5,11,16,20,28],"killed_by":"Champ","ascension_level":20}