{"gold_per_floor":[113,113,78,96,167,167,197,197,221,256,273,286,50,50],"floor_reached":14,"playtime":326,"items_purged":["Strike_G"],"score":246,"play_id":"accea793-49db-416c-8bc4-4a84b4395203","local_time":"20190724000415","is_ascension_mode":true,"campfire_choices":[{"data":"Neutralize","floor":6,"key":"SMITH"},{"data":"After Image","floor":8,"key":"SMITH"}],"neow_cost":"NONE","seed_source_timestamp":51798021885594,"circlet_count":0,"master_deck":["AscendersBane","Strike_G","Strike_G","Strike_G","Defend_G","Defend_G","Defend_G","Defend_G","Defend_G","Survivor","Neutralize+1","Dagger Throw","After Image+1","PiercingWail","Unload","Dagger Spray","Malaise"],"relics":["Ring of the Snake","NeowsBlessing","Shuriken","Regal Pillow","Boot","Bag of Preparation","Pen Nib"],"potions_floor_usage":[],"damage_taken":[{"damage":0,"enemies":"Small Slimes","floor":1,"turns":1},{"damage":0,"enemies":"Jaw Worm","floor":4,"turns":1},{"damage":0,"enemies":"3 Sentries","floor":7,"turns":2},{"damage":32,"enemies":"Lagavulin","floor":10,"turns":10},{"damage":0,"enemies":"Cultist","floor":11,"turns":4},{"damage":21,"enemies":"Exordium Thugs","floor":12,"turns":5},{"damage":20,"enemies":"Gremlin Nob","floor":14,"turns":3}],"seed_played":"2980773178226644207","potions_obtained":[{"floor":4,"key":"EssenceOfSteel"},{"floor":10,"key":"LiquidBronze"}],"is_trial":false,"path_per_floor":["M","?","?","M","T","R","E","R","T","E","M","M","$","E"],"character_chosen":"THE_SILENT","items_purchased":["Pen Nib"],"campfire_rested":0,"item_purchase_floors":[13],"current_hp_per_floor":[59,52,66,66,66,66,66,66,66,34,34,13,13,0],"gold":50,"neow_bonus":"THREE_ENEMY_KILL","is_prod":false,"is_daily":false,"chose_seed":false,"campfire_upgraded":2,"win_rate":0,"timestamp":1563919455,"path_taken":["M","?","?","M","?","R","E","R","T","E","?","M","?","E"],"build_version":"2019-07-17","purchased_purges":1,"victory":false,"max_hp_per_floor":[66,66,66,66,66,66,66,66,66,66,66,66,66,66],"card_choices":[{"not_picked":["Dodge and Roll","Flying Knee"],"picked":"Dagger Throw","floor":1},{"not_picked":["Acrobatics","Endless Agony"],"picked":"After Image","floor":4},{"not_picked":["Underhanded Strike","Bane"],"picked":"PiercingWail","floor":7},{"not_picked":["Cloak And Dagger","Flying Knee"],"picked":"Unload","floor":10},{"not_picked":["Underhanded Strike","Slice"],"picked":"Dagger Spray","floor":11},{"not_picked":["Slice","Quick Slash"],"picked":"Malaise","floor":12}],"player_experience":1834020,"relics_obtained":[{"floor":5,"key":"Shuriken"},{"floor":7,"key":"Regal Pillow"},{"floor":9,"key":"Boot"},{"floor":10,"key":"Bag of Preparation"}],"event_choices":[{"cards_removed":["Strike_G"],"damage_healed":0,"gold_gain":0,"player_choice":"Card Removal","damage_taken":7,"max_hp_gain":0,"max_hp_loss":0,"event_name":"Golden Wing","floor":2,"gold_loss":0},{"damage_healed":16,"gold_gain":0,"player_choice":"Healed","damage_taken":0,"max_hp_gain":0,"max_hp_loss":0,"event_name":"The Cleric","floor":3,"gold_loss":35}],"is_beta":false,"boss_relics":[],"items_purged_floors":[13],"is_endless":false,"potions_floor_spawned":[4,10,12],"killed_by":"Gremlin Nob","ascension_level":20}