{"gold_per_floor":[116,7,20,30,30,65,84,119,172,93,123,135,165,179,179,253,253,271,283,21,21,21,48,48,77,125,160,160,190,190,208,208,285,285,297,166,166,166,31,31,58,111,111,141,141,141,175,192,192,192,192,192,192,20,54,54],"floor_reached":57,"playtime":2353,"items_purged":["Strike_R"],"score":3159,"play_id":"53004814-f329-49d2-a9b6-c0611cae320d","local_time":"20190605002442","is_ascension_mode":true,"campfire_choices":[{"data":"Uppercut","floor":15.0,"key":"SMITH"},{"data":"Immolate","floor":24.0,"key":"SMITH"},{"data":"Ghostly","floor":32.0,"key":"SMITH"},{"data":"Corruption","floor":40,"key":"SMITH"},{"floor":45,"key":"RECALL"},{"data":"Ghostly","floor":49,"key":"SMITH"},{"data":"True Grit","floor":53,"key":"SMITH"}],"neow_cost":"NONE","seed_source_timestamp":0,"circlet_count":0,"master_deck":["AscendersBane","Strike_R","Strike_R","Strike_R","Defend_R","Defend_R","Defend_R","Defend_R","Bash","Uppercut+1","Shrug It Off","Feel No Pain","True Grit+1","Dropkick","Immolate+1","Shrug It Off","Burning Pact","Corruption+1","Juggernaut","Ghostly Armor","Ghostly+1","Ghostly+1","Ghostly","Necronomicurse","Disarm","Spot Weakness","Inflame+1","Exhume","Impervious","Limit Break","Finesse","Dark Shackles","Feel No Pain","Heavy Blade","Exhume","Twin Strike+1","Shrug It Off","Shockwave"],"special_seed":0,"relics":["Burning Blood","Nunchaku","Darkstone Periapt","Pen Nib","Centennial Puzzle","Calipers","Bag of Preparation","Runic Pyramid","Self Forming Clay","Necronomicon","Potion Belt","Juzu Bracelet","Omamori","Gremlin Horn","Bottled Lightning","Pantograph","Philosopher\u0027s Stone","Bottled Tornado","Turnip","Red Skull","Question Card","Lantern","Boot"],"potions_floor_usage":[44,56,56],"damage_taken":[{"damage":9.0,"enemies":"Small Slimes","floor":1.0,"turns":4.0},{"damage":1.0,"enemies":"Cultist","floor":3.0,"turns":3.0},{"damage":2.0,"enemies":"Jaw Worm","floor":4.0,"turns":7.0},{"damage":10.0,"enemies":"3 Sentries","floor":6.0,"turns":7.0},{"damage":7.0,"enemies":"Looter","floor":7.0,"turns":3.0},{"damage":8.0,"enemies":"Gremlin Nob","floor":8.0,"turns":3.0},{"damage":26.0,"enemies":"3 Sentries","floor":11.0,"turns":7.0},{"damage":5.0,"enemies":"Large Slime","floor":12.0,"turns":5.0},{"damage":26.0,"enemies":"Gremlin Nob","floor":13.0,"turns":4.0},{"damage":0.0,"enemies":"3 Louse","floor":14.0,"turns":1.0},{"damage":23.0,"enemies":"Hexaghost","floor":16.0,"turns":8.0},{"damage":2.0,"enemies":"2 Thieves","floor":18.0,"turns":3.0},{"damage":33.0,"enemies":"3 Byrds","floor":19.0,"turns":5.0},{"damage":0.0,"enemies":"Book of Stabbing","floor":23.0,"turns":5.0},{"damage":3.0,"enemies":"Gremlin Leader","floor":25.0,"turns":5.0},{"damage":3.0,"enemies":"Book of Stabbing","floor":27.0,"turns":3.0},{"damage":15.0,"enemies":"Gremlin Leader","floor":29.0,"turns":5.0},{"damage":3.0,"enemies":"Sentry and Sphere","floor":31.0,"turns":3.0},{"damage":4.0,"enemies":"Automaton","floor":33.0,"turns":10.0},{"damage":2.0,"enemies":"3 Darklings","floor":35.0,"turns":2.0},{"damage":0,"enemies":"Nemesis","floor":41,"turns":7},{"damage":0,"enemies":"2 Orb Walkers","floor":42,"turns":3},{"damage":0,"enemies":"Reptomancer","floor":44,"turns":5},{"damage":0,"enemies":"Nemesis","floor":47,"turns":5},{"damage":0,"enemies":"Orb Walker","floor":48,"turns":3},{"damage":4,"enemies":"Donu and Deca","floor":50,"turns":5},{"damage":10,"enemies":"Awakened One","floor":51,"turns":6},{"damage":0,"enemies":"Shield and Spear","floor":55,"turns":6},{"damage":7,"enemies":"The Heart","floor":56,"turns":7}],"seed_played":"2071468947250941354","potions_obtained":[{"floor":1.0,"key":"Strength Potion"},{"floor":3.0,"key":"SkillPotion"},{"floor":6.0,"key":"FearPotion"},{"floor":8.0,"key":"PowerPotion"},{"floor":16.0,"key":"Weak Potion"},{"floor":19.0,"key":"Fruit Juice"},{"floor":23.0,"key":"GamblersBrew"},{"floor":33.0,"key":"Block Potion"},{"floor":44,"key":"Dexterity Potion"},{"floor":48,"key":"FearPotion"}],"is_trial":false,"path_per_floor":["M","$","M","M","?","E","M","E","T","?","E","M","E","M","R","B",null,"M","M","$","?","?","E","R","E","T","E","?","E","?","M","R","B",null,"M","$","?","?","$","R","E","?","T","E","R","?","E","M","R","B","B",null,"R","$","E","B",null],"character_chosen":"IRONCLAD","items_purchased":["Shrug It Off","Feel No Pain","Self Forming Clay","PowerPotion","Feel No Pain","Heavy Blade","Lantern"],"campfire_rested":0,"item_purchase_floors":[2,2,20,36,39,39,54],"current_hp_per_floor":[72,72,77,81,81,77,76,74,74,74,54,55,35,41,41,24,68,72,45,45,41,26,32,32,35,35,38,38,29,29,32,32,47,47,47,47,47,37,37,37,43,47,47,52,52,49,49,49,49,49,45,48,48,48,49,48],"gold":54,"neow_bonus":"TEN_PERCENT_HP_BONUS","is_prod":false,"is_daily":false,"chose_seed":false,"campfire_upgraded":6,"win_rate":0,"timestamp":1559687082,"path_taken":["M","$","M","M","?","E","?","E","T","?","E","?","E","M","R","BOSS","M","M","$","?","?","E","R","E","T","E","?","E","?","M","R","BOSS","M","$","?","?","$","R","E","?","T","E","R","?","E","M","R","BOSS","BOSS","R","$","E","BOSS"],"build_version":"2019-01-23","purchased_purges":1,"victory":true,"max_hp_per_floor":[82,82,82,82,82,82,82,82,82,82,82,82,82,82,82,82,82,82,82,82,41,47,47,47,47,47,47,47,47,47,47,47,47,47,47,47,47,47,47,47,47,47,47,52,52,49,49,49,49,49,49,49,49,49,49,49],"card_choices":[{"not_picked":["Body Slam","Dropkick"],"picked":"Uppercut","floor":1.0},{"not_picked":["Reckless Charge","Sword Boomerang"],"picked":"True Grit","floor":3.0},{"not_picked":["Body Slam","Bloodletting"],"picked":"Dropkick","floor":4.0},{"not_picked":["Rage","Rupture","Pummel"],"picked":"SKIP","floor":6.0},{"not_picked":["Whirlwind","Heavy Blade"],"picked":"Shrug It Off","floor":7.0},{"not_picked":["Whirlwind","Dark Embrace","Wild Strike"],"picked":"SKIP","floor":8.0},{"not_picked":["Intimidate","Sever Soul"],"picked":"Burning Pact","floor":11.0},{"not_picked":["Clash","Metallicize","Hemokinesis"],"picked":"SKIP","floor":12.0},{"not_picked":["Fire Breathing","Thunderclap","Metallicize"],"picked":"SKIP","floor":13.0},{"not_picked":["Havoc","Bloodletting"],"picked":"Corruption","floor":14.0},{"not_picked":["Impervious","Berserk"],"picked":"Juggernaut","floor":16.0},{"not_picked":["Havoc","Intimidate+1","Combust"],"picked":"SKIP","floor":18.0},{"not_picked":["Heavy Blade","Hemokinesis"],"picked":"Ghostly Armor","floor":19.0},{"not_picked":["Reckless Charge+1","Pummel"],"picked":"Disarm","floor":23.0},{"not_picked":["Havoc","Body Slam"],"picked":"Spot Weakness","floor":25.0},{"not_picked":["Havoc+1","Rage"],"picked":"Inflame+1","floor":27.0},{"not_picked":["Inflame","Rupture"],"picked":"Impervious","floor":29.0},{"not_picked":["Body Slam","Headbutt","Pommel Strike"],"picked":"SKIP","floor":31.0},{"not_picked":["Demon Form","Juggernaut"],"picked":"Limit Break","floor":33.0},{"not_picked":["Intimidate","Armaments","Anger"],"picked":"SKIP","floor":35.0},{"not_picked":["Dark Shackles","Magnetism"],"picked":"Finesse","floor":38},{"not_picked":["Good Instincts","Dramatic Entrance"],"picked":"Dark Shackles","floor":38},{"not_picked":["Dual Wield","Body Slam","Thunderclap+1"],"picked":"SKIP","floor":41},{"not_picked":["Warcry","Blood for Blood"],"picked":"Exhume","floor":44},{"not_picked":["Metallicize","Power Through+1"],"picked":"Twin Strike+1","floor":47},{"not_picked":["Clothesline","Uppercut","Body Slam"],"picked":"Shrug It Off","floor":48},{"not_picked":["Dual Wield","Carnage","Sword Boomerang"],"picked":"Shockwave","floor":55}],"player_experience":1716772,"relics_obtained":[{"floor":6.0,"key":"Nunchaku"},{"floor":8.0,"key":"Darkstone Periapt"},{"floor":9.0,"key":"Pen Nib"},{"floor":11.0,"key":"Calipers"},{"floor":13.0,"key":"Bag of Preparation"},{"floor":22.0,"key":"Necronomicon"},{"floor":23.0,"key":"Potion Belt"},{"floor":25.0,"key":"Juzu Bracelet"},{"floor":26.0,"key":"Omamori"},{"floor":27.0,"key":"Gremlin Horn"},{"floor":29.0,"key":"Bottled Lightning"},{"floor":41,"key":"Bottled Tornado"},{"floor":42,"key":"Turnip"},{"floor":44,"key":"Red Skull"},{"floor":47,"key":"Question Card"},{"floor":55,"key":"Boot"}],"event_choices":[{"damage_healed":0.0,"max_hp_gain":0.0,"max_hp_loss":0.0,"gold_gain":0.0,"event_name":"Match and Keep!","player_choice":"1 cards matched","floor":5.0,"gold_loss":0.0,"damage_taken":0.0,"cards_obtained":["Immolate"]},{"damage_healed":0.0,"max_hp_gain":0.0,"max_hp_loss":0.0,"gold_gain":0.0,"event_name":"WeMeetAgain","player_choice":"Paid Gold","floor":10.0,"gold_loss":79.0,"damage_taken":0.0,"relics_obtained":["Centennial Puzzle"]},{"damage_healed":0.0,"max_hp_gain":0.0,"max_hp_loss":41.0,"gold_gain":0.0,"event_name":"Ghosts","player_choice":"Became a Ghost","floor":21.0,"gold_loss":0.0,"damage_taken":0.0,"cards_obtained":["Ghostly","Ghostly","Ghostly"]},{"damage_healed":0.0,"max_hp_gain":0.0,"max_hp_loss":0.0,"gold_gain":0.0,"event_name":"Cursed Tome","player_choice":"Obtained Book","floor":22.0,"gold_loss":0.0,"damage_taken":21.0},{"damage_healed":0.0,"max_hp_gain":0.0,"max_hp_loss":0.0,"gold_gain":0.0,"event_name":"The Library","player_choice":"Read","floor":28.0,"gold_loss":0.0,"damage_taken":0.0,"cards_obtained":["Exhume"]},{"damage_healed":0.0,"max_hp_gain":0.0,"max_hp_loss":0.0,"gold_gain":0.0,"event_name":"The Mausoleum","player_choice":"Opened","floor":30.0,"gold_loss":0.0,"damage_taken":0.0,"relics_obtained":["Pantograph"],"cards_obtained":["Writhe"]},{"cards_removed":["Strike_R"],"damage_healed":0.0,"max_hp_gain":0.0,"max_hp_loss":0.0,"gold_gain":0.0,"event_name":"Falling","player_choice":"Removed Attack","floor":37.0,"gold_loss":0.0,"damage_taken":0.0},{"damage_healed":0,"gold_gain":0,"player_choice":"Memory 3","damage_taken":10,"max_hp_gain":0,"max_hp_loss":0,"event_name":"SensoryStone","floor":38,"gold_loss":0},{"damage_healed":0,"gold_gain":0,"player_choice":"Fight","damage_taken":0,"max_hp_gain":0,"max_hp_loss":0,"event_name":"Mysterious Sphere","floor":42,"gold_loss":0},{"damage_healed":0,"gold_gain":0,"player_choice":"Max HP","damage_taken":0,"max_hp_gain":0,"max_hp_loss":3,"event_name":"Winding Halls","floor":46,"gold_loss":0}],"is_beta":false,"boss_relics":[{"not_picked":["Busted Crown","Runic Cube"],"picked":"Runic Pyramid"},{"not_picked":["Astrolabe","Velvet Choker"],"picked":"Philosopher\u0027s Stone"}],"items_purged_floors":[36],"is_endless":false,"potions_floor_spawned":[1,3,6,8,14,16,19,23,33,44,48],"ascension_level":20}