{"gold_per_floor":[361,372,383,383,398,398,412,412,412,123,123],"floor_reached":11,"playtime":441,"items_purged":["Strike_B"],"score":130,"play_id":"eaf164d4-b7a2-45a5-aa24-6cb5c6247b2d","local_time":"20190312131902","is_ascension_mode":true,"campfire_choices":[{"data":"Sweeping Beam","floor":6,"key":"SMITH"},{"data":"Zap","floor":8,"key":"SMITH"}],"neow_cost":"PERCENT_DAMAGE","seed_source_timestamp":2406395349516,"circlet_count":0,"master_deck":["AscendersBane","Strike_B","Strike_B","Strike_B","Defend_B","Defend_B","Defend_B","Defend_B","Zap+1","Dualcast","Steam","Sweeping Beam+1","Capacitor","Gash","Ball Lightning"],"relics":["Cracked Core","Matryoshka","DataDisk"],"potions_floor_usage":[11,11],"damage_taken":[{"damage":1,"enemies":"Cultist","floor":1,"turns":4},{"damage":8,"enemies":"Small Slimes","floor":2,"turns":4},{"damage":0,"enemies":"2 Louse","floor":3,"turns":2},{"damage":6,"enemies":"Looter","floor":5,"turns":3},{"damage":8,"enemies":"2 Fungi Beasts","floor":7,"turns":3},{"damage":32,"enemies":"Gremlin Nob","floor":11,"turns":3}],"seed_played":"6973227153789511477","potions_obtained":[{"floor":2,"key":"PowerPotion"},{"floor":4,"key":"FairyPotion"},{"floor":5,"key":"Strength Potion"}],"is_trial":false,"path_per_floor":["M","M","M","?","M","R","M","R","T","$","E"],"character_chosen":"DEFECT","items_purchased":["DataDisk","Ball Lightning"],"campfire_rested":0,"item_purchase_floors":[10,10],"current_hp_per_floor":[45,37,37,37,31,31,23,23,23,23,0],"gold":123,"neow_bonus":"TWO_FIFTY_GOLD","is_prod":false,"is_daily":false,"chose_seed":false,"campfire_upgraded":2,"win_rate":0,"timestamp":1552393142,"path_taken":["M","M","?","?","M","R","?","R","T","$","E"],"build_version":"2019-01-23","purchased_purges":1,"victory":false,"max_hp_per_floor":[71,71,71,71,71,71,71,71,71,71,71],"card_choices":[{"not_picked":["Capacitor","Storm"],"picked":"Steam","floor":1},{"not_picked":["Static Discharge","Streamline"],"picked":"Sweeping Beam","floor":2},{"not_picked":["Steam","Barrage"],"picked":"Capacitor","floor":3},{"not_picked":["Self Repair","Turbo","Hello World"],"picked":"SKIP","floor":5},{"not_picked":["Redo","Self Repair"],"picked":"Gash","floor":7}],"player_experience":1388465,"relics_obtained":[{"floor":9,"key":"Matryoshka"}],"event_choices":[{"damage_healed":0,"gold_gain":0,"player_choice":"Got Potions","damage_taken":0,"max_hp_gain":0,"max_hp_loss":0,"event_name":"Lab","floor":4,"gold_loss":0}],"is_beta":false,"boss_relics":[],"items_purged_floors":[10],"is_endless":false,"potions_floor_spawned":[2,5],"killed_by":"Gremlin Nob","ascension_level":20}