{"gold_per_floor":[110,128,147,166,181,181,105,105,105,119,119,119,144,158,158,263,263,274,274,25,38,38,73,73,73,73,84,417,186,186,213,213,313,313,323,323,323,333,349,349,349,349,349,349,362,49,67,67,67,67],"floor_reached":50,"playtime":2359,"items_purged":[],"score":838,"play_id":"57933177-dba8-429e-b134-a969014338ac","local_time":"20180921005921","is_ascension_mode":true,"campfire_choices":[{"data":"Crippling Poison","floor":6,"key":"SMITH"},{"data":"After Image","floor":8,"key":"SMITH"},{"data":"Bullet Time","floor":11,"key":"SMITH"},{"floor":15,"key":"REST"},{"floor":24,"key":"REST"},{"floor":30,"key":"REST"},{"floor":32,"key":"REST"},{"data":"1","floor":40,"key":"LIFT"},{"data":"2","floor":41,"key":"LIFT"},{"data":"3","floor":42,"key":"LIFT"},{"floor":44,"key":"REST"},{"floor":49,"key":"REST"}],"neow_cost":"PERCENT_DAMAGE","seed_source_timestamp":60272196401649,"circlet_count":0,"master_deck":["Defend_G","Defend_G","Defend_G","Defend_G","Defend_G","Survivor","Neutralize","AscendersBane","Bullet Time+1","Cloak And Dagger","PiercingWail","Acrobatics","Underhanded Strike","Crippling Poison+1","After Image+1","Slice","Infinite Blades","Choke","Phantasmal Killer","Infinite Blades","Noxious Fumes","Underhanded Strike","Necronomicurse","Blur","Bite","Bite","Bite","Bite","Bite","Blade Dance+1","Blur+1","After Image+1","Skewer","Heel Hook+1","A Thousand Cuts","Setup+1","After Image+1","Dagger Spray+1","Deadly Poison+1","Die Die Die","Accuracy","Blur+1"],"relics":["Ring of the Serpent","Gambling Chip","Incense Burner","Fusion Hammer","Ninja Scroll","Necronomicon","WingedGreaves","Toxic Egg 2","Old Coin","DollysMirror","Pantograph","Girya","Regal Pillow","Bottled Tornado"],"potions_floor_usage":[13,23,23,28,33,39,50,50],"damage_taken":[{"damage":0,"enemies":"Small Slimes","floor":1,"turns":3},{"damage":4,"enemies":"2 Louse","floor":2,"turns":3},{"damage":6,"enemies":"Cultist","floor":3,"turns":5},{"damage":9,"enemies":"Red Slaver","floor":4,"turns":6},{"damage":0,"enemies":"2 Fungi Beasts","floor":5,"turns":4},{"damage":0,"enemies":"Blue Slaver","floor":10,"turns":4},{"damage":11,"enemies":"Gremlin Nob","floor":13,"turns":4},{"damage":1,"enemies":"Looter","floor":14,"turns":3},{"damage":28,"enemies":"The Guardian","floor":16,"turns":14},{"damage":0,"enemies":"Chosen","floor":18,"turns":4},{"damage":13,"enemies":"2 Thieves","floor":21,"turns":3},{"damage":9,"enemies":"Slavers","floor":23,"turns":4},{"damage":6,"enemies":"Cultist and Chosen","floor":27,"turns":5},{"damage":0,"enemies":"Book of Stabbing","floor":28,"turns":4},{"damage":18,"enemies":"Gremlin Leader","floor":31,"turns":6},{"damage":37,"enemies":"Champ","floor":33,"turns":13},{"damage":11,"enemies":"3 Shapes","floor":35,"turns":3},{"damage":0,"enemies":"Mind Bloom Boss Battle","floor":37,"turns":7},{"damage":6,"enemies":"Orb Walker","floor":38,"turns":4},{"damage":10,"enemies":"Reptomancer","floor":39,"turns":4},{"damage":14,"enemies":"Transient","floor":45,"turns":5},{"damage":0,"enemies":"Maw","floor":47,"turns":6},{"damage":47,"enemies":"Time Eater","floor":50,"turns":3}],"seed_played":"3766428767902751261","potions_obtained":[{"floor":2,"key":"Explosive Potion"},{"floor":10,"key":"Swift Potion"},{"floor":18,"key":"SkillPotion"},{"floor":21,"key":"Explosive Potion"},{"floor":28,"key":"SneckoOil"},{"floor":33,"key":"FearPotion"},{"floor":35,"key":"EssenceOfSteel"},{"floor":47,"key":"Strength Potion"}],"is_trial":false,"path_per_floor":["M","M","M","M","M","R","$","R","T","M","R","?","E","M","R","B",null,"M","?","$","M","?","E","R","?","T","M","E","$","R","E","R","B",null,"M","?","?","M","M","R","R","R","T","R","M","$","M","?","R"],"character_chosen":"THE_SILENT","items_purchased":["After Image","Ninja Scroll","DollysMirror","Skewer","Accuracy","Bottled Tornado"],"campfire_rested":6,"item_purchase_floors":[7,20,29,29,46,46],"current_hp_per_floor":[45,41,35,26,26,26,26,26,26,26,26,26,15,14,35,7,54,54,54,54,41,25,16,37,37,37,37,45,45,49,41,49,18,41,34,34,49,45,39,39,39,39,39,49,43,43,47,47,47,0],"gold":67,"neow_bonus":"THREE_RARE_CARDS","is_prod":false,"is_daily":false,"chose_seed":false,"campfire_upgraded":3,"win_rate":0,"timestamp":1537484361,"path_taken":["M","M","M","M","M","R","$","R","T","M","R","?","E","M","R","BOSS","M","?","$","?","?","E","R","?","T","M","E","$","R","E","R","BOSS","M","?","?","M","?","R","R","R","T","R","M","$","M","?","R","BOSS"],"build_version":"2018-09-20","purchased_purges":0,"victory":false,"max_hp_per_floor":[70,70,70,70,70,70,70,70,70,70,70,70,70,70,70,70,70,70,70,70,70,70,70,70,49,49,49,49,49,49,49,49,49,49,49,49,49,49,49,49,49,49,49,49,49,49,49,47,47,47],"card_choices":[{"not_picked":["Burst","Phantasmal Killer"],"picked":"Bullet Time","floor":0},{"not_picked":["Flying Knee","Reflex"],"picked":"Cloak And Dagger","floor":1},{"not_picked":["Sucker Punch","Outmaneuver"],"picked":"PiercingWail","floor":2},{"not_picked":["Crippling Poison","Terror"],"picked":"Acrobatics","floor":3},{"not_picked":["Prepared","Catalyst"],"picked":"Underhanded Strike","floor":4},{"not_picked":["Outmaneuver","Setup"],"picked":"Crippling Poison","floor":5},{"not_picked":["Sucker Punch","Wraith Form v2"],"picked":"Slice","floor":10},{"not_picked":["Flying Knee","Riddle With Holes"],"picked":"Infinite Blades","floor":13},{"not_picked":["Dash","Escape Plan"],"picked":"Choke","floor":14},{"not_picked":["Bullet Time","Doppelganger"],"picked":"Phantasmal Killer","floor":16},{"not_picked":["Cloak And Dagger","Concentrate+1"],"picked":"Infinite Blades","floor":18},{"not_picked":["Cloak And Dagger","Prepared+1"],"picked":"Underhanded Strike","floor":21},{"not_picked":["Deflect","PiercingWail"],"picked":"Blur","floor":23},{"not_picked":["Dash","Underhanded Strike+1"],"picked":"Blade Dance+1","floor":27},{"not_picked":["Prepared+1","Caltrops"],"picked":"Blur+1","floor":28},{"not_picked":["Dagger Spray","Well Laid Plans"],"picked":"Heel Hook+1","floor":31},{"not_picked":["Die Die Die","Wraith Form v2"],"picked":"A Thousand Cuts","floor":33},{"not_picked":["Eviscerate","Bane+1"],"picked":"Setup+1","floor":35},{"not_picked":["Well Laid Plans+1","Acrobatics+1"],"picked":"Dagger Spray+1","floor":37},{"not_picked":["Poisoned Stab+1","Quick Slash+1","PiercingWail+1"],"picked":"SKIP","floor":38},{"not_picked":["Dagger Throw","Flying Knee+1"],"picked":"Deadly Poison+1","floor":39},{"not_picked":["Quick Slash","Dagger Spray+1"],"picked":"Die Die Die","floor":45},{"not_picked":["Caltrops+1","Underhanded Strike+1"],"picked":"Blur+1","floor":47}],"player_experience":463556,"relics_obtained":[{"floor":9,"key":"Gambling Chip"},{"floor":13,"key":"Incense Burner"},{"floor":22,"key":"Necronomicon"},{"floor":23,"key":"WingedGreaves"},{"floor":26,"key":"Toxic Egg 2"},{"floor":28,"key":"Old Coin"},{"floor":31,"key":"Pantograph"},{"floor":37,"key":"Girya"},{"floor":43,"key":"Regal Pillow"}],"event_choices":[{"event_name":"Scrap Ooze","player_choice":"unsuccessful","floor":12,"damage_taken":0},{"event_name":"The Library","player_choice":"Read","floor":19,"damage_taken":0},{"event_name":"Cursed Tome","player_choice":"Obtained Book","floor":22,"damage_taken":0},{"event_name":"Vampires","player_choice":"Became a vampire","floor":25,"damage_taken":0},{"event_name":"Duplicator","player_choice":"One dupe","floor":36,"damage_taken":0},{"event_name":"MindBloom","player_choice":"Fight","floor":37,"damage_taken":0},{"event_name":"Winding Halls","player_choice":"Max HP","floor":48,"damage_taken":0}],"is_beta":true,"boss_relics":[{"not_picked":["Runic Dome","Astrolabe"],"picked":"Fusion Hammer"},{"not_picked":["White Beast Statue","Busted Crown"],"picked":"Ring of the Serpent"}],"items_purged_floors":[],"is_endless":false,"potions_floor_spawned":[2,10,18,21,28,33,35,47],"killed_by":"Time Eater","ascension_level":10}