{"gold_per_floor":[15,15,30,30,43,43,68,109,109,109,109,109,127,151,151,271,271,285,309,309,309,321,321,334,334,334,334,334],"floor_reached":28,"playtime":5060,"items_purged":[],"score":341,"play_id":"4a306583-9e21-4d20-a211-d1335d5d10fc","local_time":"20180923235906","is_ascension_mode":true,"campfire_choices":[{"data":"Neutralize","floor":6,"key":"SMITH"},{"data":"Calculated Gamble","floor":12,"key":"SMITH"},{"floor":15,"key":"REST"},{"data":"Tools of the Trade","floor":23,"key":"SMITH"},{"floor":25,"key":"REST"},{"data":"After Image","floor":27,"key":"SMITH"}],"neow_cost":"NO_GOLD","seed_source_timestamp":45209054563907,"circlet_count":0,"master_deck":["Defend_G","Defend_G","Defend_G","Defend_G","Defend_G","Strike_G","Strike_G","Strike_G","Strike_G","Strike_G","Survivor","Neutralize+1","AscendersBane","Sucker Punch+1","Injury","Dagger Throw","Slice","Quick Slash","Calculated Gamble+1","Tactician","Bouncing Flask","After Image+1","Heel Hook","Tools of the Trade+1","Choke+1","Skewer","Injury"],"relics":["Ring of the Snake","Tingsha","Bloody Idol","The Courier","Ornamental Fan","The Specimen","Cursed Key","Pear"],"potions_floor_usage":[24],"damage_taken":[{"damage":0,"enemies":"Small Slimes","floor":1,"turns":3},{"damage":2,"enemies":"Jaw Worm","floor":3,"turns":4},{"damage":0,"enemies":"2 Louse","floor":5,"turns":2},{"damage":3,"enemies":"Red Slaver","floor":7,"turns":3},{"damage":37,"enemies":"3 Sentries","floor":8,"turns":9},{"damage":0,"enemies":"Large Slime","floor":13,"turns":3},{"damage":3,"enemies":"Exordium Wildlife","floor":14,"turns":4},{"damage":37,"enemies":"Hexaghost","floor":16,"turns":10},{"damage":9,"enemies":"Spheric Guardian","floor":18,"turns":4},{"damage":10,"enemies":"Chosen","floor":19,"turns":5},{"damage":18,"enemies":"Centurion and Healer","floor":22,"turns":6},{"damage":18,"enemies":"3 Cultists","floor":24,"turns":5},{"damage":49,"enemies":"Slavers","floor":28,"turns":6}],"seed_played":"8442462496746659349","potions_obtained":[{"floor":5,"key":"Fire Potion"},{"floor":13,"key":"FairyPotion"}],"is_trial":false,"path_per_floor":["M","?","M","?","M","R","M","E","T","$","T","R","M","M","R","B",null,"M","M","?","?","M","R","M","R","T","R"],"character_chosen":"THE_SILENT","items_purchased":[],"campfire_rested":2,"item_purchase_floors":[],"current_hp_per_floor":[63,63,61,61,61,61,58,21,21,21,21,21,21,18,39,2,53,44,34,34,34,21,21,8,29,39,39,0],"gold":334,"neow_bonus":"ONE_RARE_RELIC","is_prod":false,"is_daily":false,"chose_seed":false,"campfire_upgraded":4,"win_rate":0,"timestamp":1537739946,"path_taken":["M","?","?","?","M","R","M","E","T","$","?","R","M","M","R","BOSS","M","M","?","?","M","R","M","R","T","R","E"],"build_version":"2018-09-20","purchased_purges":0,"victory":false,"max_hp_per_floor":[70,70,70,70,70,70,70,70,70,70,70,70,70,70,70,70,70,70,70,70,70,70,70,70,70,80,80,80],"card_choices":[{"not_picked":["Acrobatics","Deadly Poison"],"picked":"Sucker Punch","floor":1},{"not_picked":["Backflip","Finisher"],"picked":"Dagger Throw","floor":3},{"not_picked":["Flying Knee","Setup"],"picked":"Slice","floor":5},{"not_picked":["Choke","PiercingWail"],"picked":"Quick Slash","floor":7},{"not_picked":["Endless Agony","Dagger Throw"],"picked":"Calculated Gamble","floor":8},{"not_picked":["Leg Sweep","Infinite Blades"],"picked":"Tactician","floor":13},{"not_picked":["Calculated Gamble","Concentrate"],"picked":"Bouncing Flask","floor":14},{"not_picked":["Venomology","Grand Finale"],"picked":"After Image","floor":16},{"not_picked":["Quick Slash","Acrobatics"],"picked":"Heel Hook","floor":18},{"not_picked":["Dagger Spray+1","Dodge and Roll"],"picked":"Tools of the Trade","floor":19},{"not_picked":["Poisoned Stab","Crippling Poison"],"picked":"Choke+1","floor":22},{"not_picked":["Terror","Deflect"],"picked":"Skewer","floor":24}],"player_experience":501857,"relics_obtained":[{"floor":8,"key":"The Courier"},{"floor":9,"key":"Ornamental Fan"},{"floor":11,"key":"The Specimen"},{"floor":26,"key":"Pear"}],"event_choices":[{"event_name":"Golden Idol","player_choice":"Take Wound","floor":2,"damage_taken":0},{"event_name":"Living Wall","player_choice":"Grow","floor":4,"damage_taken":0},{"event_name":"Forgotten Altar","player_choice":"Gave Idol","floor":20,"damage_taken":0},{"event_name":"Ghosts","player_choice":"Ignored","floor":21,"damage_taken":0}],"is_beta":true,"boss_relics":[{"not_picked":["Sozu","Philosopher\u0027s Stone"],"picked":"Cursed Key"}],"items_purged_floors":[],"is_endless":false,"potions_floor_spawned":[5,13,22],"killed_by":"Slavers","ascension_level":11}