{"gold_per_floor":[116,132,132,132,155,155,170,170],"floor_reached":8,"playtime":259,"items_purged":[],"score":77,"play_id":"318493a2-04f1-47ad-93af-3189d53dc68e","local_time":"20190518174621","is_ascension_mode":true,"campfire_choices":[{"floor":6.0,"key":"REST"}],"neow_cost":"PERCENT_DAMAGE","seed_source_timestamp":0,"circlet_count":0,"master_deck":["AscendersBane","Strike_B","Strike_B","Strike_B","Strike_B","Defend_B","Defend_B","Defend_B","Defend_B","Zap","Dualcast","Biased Cognition","Sweeping Beam","Loop","Darkness","Go for the Eyes"],"special_seed":0,"relics":["Cracked Core","Boot","Golden Idol"],"potions_floor_usage":[],"damage_taken":[{"damage":6.0,"enemies":"Cultist","floor":1.0,"turns":3.0},{"damage":0.0,"enemies":"Small Slimes","floor":2.0,"turns":2.0},{"damage":0.0,"enemies":"2 Louse","floor":5.0,"turns":1.0},{"damage":16.0,"enemies":"Looter","floor":7.0,"turns":5.0},{"damage":0,"enemies":"3 Sentries","floor":8,"turns":1}],"seed_played":"3725011193414372947","potions_obtained":[{"floor":7.0,"key":"EssenceOfSteel"}],"is_trial":false,"path_per_floor":["M","M","?","?","M","R","M","E"],"character_chosen":"DEFECT","items_purchased":[],"campfire_rested":1,"item_purchase_floors":[],"current_hp_per_floor":[44,44,32,14,14,36,20,20],"gold":170,"neow_bonus":"THREE_RARE_CARDS","is_prod":false,"is_daily":false,"chose_seed":false,"campfire_upgraded":0,"win_rate":0,"timestamp":1558226781,"path_taken":["M","M","?","?","M","R","M","E"],"build_version":"2019-01-23","purchased_purges":0,"victory":false,"max_hp_per_floor":[75,75,75,75,75,75,75,75],"card_choices":[{"not_picked":["All For One","Core Surge"],"picked":"Biased Cognition","floor":0.0},{"not_picked":["Compile Driver","Rebound"],"picked":"Sweeping Beam","floor":1.0},{"not_picked":["Steam","Leap"],"picked":"Loop","floor":2.0},{"not_picked":["Skim","Compile Driver"],"picked":"Darkness","floor":5.0},{"not_picked":["Double Energy","Stack"],"picked":"Go for the Eyes","floor":7.0}],"player_experience":616740,"relics_obtained":[],"event_choices":[{"damage_healed":0.0,"max_hp_gain":0.0,"max_hp_loss":0.0,"gold_gain":0.0,"event_name":"Scrap Ooze","player_choice":"Success","floor":3.0,"gold_loss":0.0,"damage_taken":12.0,"relics_obtained":["Boot"]},{"damage_healed":0.0,"max_hp_gain":0.0,"max_hp_loss":0.0,"gold_gain":0.0,"event_name":"Golden Idol","player_choice":"Take Damage","floor":4.0,"gold_loss":0.0,"damage_taken":18.0,"relics_obtained":["Golden Idol"]}],"is_beta":false,"boss_relics":[],"items_purged_floors":[],"is_endless":false,"potions_floor_spawned":[7],"killed_by":"3 Sentries","ascension_level":12}