{"gold_per_floor":[110,110,121,141,160,160,180,180,230,255,65,65,65,78,78,78],"floor_reached":16,"playtime":2027,"items_purged":[],"score":173,"play_id":"4600582f-986d-4bf2-815c-876671d0e635","local_time":"20180928231604","is_ascension_mode":true,"campfire_choices":[{"data":"Beam Cell","floor":6,"key":"SMITH"},{"data":"Self Repair","floor":12,"key":"SMITH"},{"data":"Defragment","floor":15,"key":"SMITH"}],"neow_cost":"","seed_source_timestamp":51570525595260,"circlet_count":0,"master_deck":["Strike_B","Strike_B","Strike_B","Strike_B","Defend_B","Defend_B","Defend_B","Defend_B","Zap","Dualcast","AscendersBane","Gash","Scrape","Beam Cell+1","Amplify","Glacier","Double Energy","Self Repair+1","Defragment+1"],"relics":["Cracked Core","Blood Vial","Darkstone Periapt","PreservedInsect","Orichalcum"],"potions_floor_usage":[10,16],"damage_taken":[{"damage":0,"enemies":"Small Slimes","floor":1,"turns":3},{"damage":1,"enemies":"Cultist","floor":3,"turns":3},{"damage":9,"enemies":"2 Louse","floor":4,"turns":2},{"damage":12,"enemies":"Looter","floor":5,"turns":3},{"damage":0,"enemies":"Large Slime","floor":7,"turns":4},{"damage":28,"enemies":"3 Sentries","floor":10,"turns":8},{"damage":10,"enemies":"3 Louse","floor":14,"turns":4},{"damage":43,"enemies":"Slime Boss","floor":16,"turns":13}],"seed_played":"3426758358522829976","potions_obtained":[{"floor":1,"key":"Explosive Potion"},{"floor":5,"key":"PowerPotion"},{"floor":14,"key":"FairyPotion"}],"is_trial":false,"path_per_floor":["M","?","M","M","M","R","M","?","T","E","$","R","?","M","R"],"character_chosen":"DEFECT","items_purchased":["PreservedInsect","Self Repair"],"campfire_rested":0,"item_purchase_floors":[11,11],"current_hp_per_floor":[64,64,63,54,42,42,42,65,65,39,39,39,27,29,29,0],"gold":78,"neow_bonus":"","is_prod":false,"is_daily":false,"chose_seed":false,"campfire_upgraded":3,"win_rate":0,"timestamp":1538169364,"path_taken":["M","?","M","?","M","R","M","?","T","E","$","R","?","M","R","BOSS"],"build_version":"2018-09-27","purchased_purges":0,"victory":false,"max_hp_per_floor":[71,71,71,71,71,71,71,71,71,71,71,71,71,71,71,71],"card_choices":[{"not_picked":["Loop","Beam Cell"],"picked":"Gash","floor":1},{"not_picked":["Compile Driver","Coolheaded"],"picked":"Scrape","floor":3},{"not_picked":["Fusion","Auto Shields"],"picked":"Beam Cell","floor":4},{"not_picked":["Steam","Hologram"],"picked":"Amplify","floor":5},{"not_picked":["Streamline","Defragment"],"picked":"Glacier","floor":7},{"not_picked":["Cold Snap","Barrage"],"picked":"Double Energy","floor":10},{"not_picked":["Turbo","Darkness"],"picked":"Defragment","floor":14}],"player_experience":553823,"relics_obtained":[{"floor":9,"key":"Blood Vial"},{"floor":10,"key":"Darkstone Periapt"}],"event_choices":[{"event_name":"Liars Game","player_choice":"disagreed","floor":2,"damage_taken":0},{"event_name":"Big Fish","player_choice":"Banana","floor":8,"damage_taken":0},{"event_name":"Scrap Ooze","player_choice":"success","floor":13,"damage_taken":12}],"is_beta":true,"boss_relics":[],"items_purged_floors":[],"is_endless":false,"potions_floor_spawned":[1,5,7,14],"killed_by":"Slime Boss","ascension_level":14}