{"gold_per_floor":[113,113,123,136,186,186,199,230,284,294,323,60,13,46,46,121,121,121,36,36,36,36,36,36,36,36,36,36,36,36,36,36,36,36,36,36,36,36],"floor_reached":38,"playtime":1642,"items_purged":["Strike_B"],"score":910,"play_id":"7177bd8b-ad97-42d0-96db-2438978c4bd6","local_time":"20190703152624","is_ascension_mode":true,"campfire_choices":[{"data":"Reinforced Body","floor":6.0,"key":"SMITH"},{"floor":15.0,"key":"REST"},{"data":"Fission","floor":23.0,"key":"SMITH"},{"data":"Coolheaded","floor":25.0,"key":"SMITH"},{"floor":32.0,"key":"REST"}],"neow_cost":"TEN_PERCENT_HP_LOSS","seed_source_timestamp":0,"circlet_count":0,"master_deck":["AscendersBane","Strike_B+1","Strike_B+1","Strike_B+1","Defend_B+1","Defend_B+1","Defend_B+1","Defend_B+1","Zap+1","Dualcast","Rebound","Ball Lightning","Reinforced Body+1","Cold Snap","Darkness","Consume+1","Apotheosis+1","Leap","Fission+1","Coolheaded+1","Redo","Biased Cognition","Decay","Compile Driver","Fission+1","Coolheaded+1","Multi-Cast"],"special_seed":0,"relics":["Cracked Core","Pocketwatch","PreservedInsect","Tiny Chest","Juzu Bracelet","War Paint","Ectoplasm","Ancient Tea Set","Happy Flower","Bag of Preparation","DataDisk","Bag of Marbles","Black Star"],"potions_floor_usage":[38,38],"damage_taken":[{"damage":8.0,"enemies":"2 Louse","floor":1.0,"turns":2.0},{"damage":0.0,"enemies":"Cultist","floor":3.0,"turns":3.0},{"damage":0.0,"enemies":"Jaw Worm","floor":4.0,"turns":2.0},{"damage":0.0,"enemies":"3 Louse","floor":7.0,"turns":4.0},{"damage":6.0,"enemies":"Gremlin Nob","floor":8.0,"turns":3.0},{"damage":3.0,"enemies":"Blue Slaver","floor":10.0,"turns":3.0},{"damage":0.0,"enemies":"Lagavulin","floor":11.0,"turns":4.0},{"damage":13.0,"enemies":"3 Sentries","floor":14.0,"turns":5.0},{"damage":8.0,"enemies":"Slime Boss","floor":16.0,"turns":6.0},{"damage":1.0,"enemies":"Spheric Guardian","floor":18.0,"turns":3.0},{"damage":7.0,"enemies":"3 Byrds","floor":22.0,"turns":6.0},{"damage":8.0,"enemies":"Snake Plant","floor":27.0,"turns":3.0},{"damage":2.0,"enemies":"Gremlin Leader","floor":29.0,"turns":6.0},{"damage":8.0,"enemies":"Slavers","floor":31.0,"turns":3.0},{"damage":28.0,"enemies":"Collector","floor":33.0,"turns":12.0},{"damage":30,"enemies":"3 Darklings","floor":35,"turns":7},{"damage":0,"enemies":"3 Shapes","floor":36,"turns":6},{"damage":31,"enemies":"Transient","floor":38,"turns":5}],"seed_played":"-349384223230290599","potions_obtained":[{"floor":4.0,"key":"SkillPotion"},{"floor":7.0,"key":"Energy Potion"},{"floor":11.0,"key":"Weak Potion"},{"floor":18.0,"key":"LiquidBronze"},{"floor":35,"key":"Block Potion"}],"is_trial":false,"path_per_floor":["M","?","M","M","?","R","M","E","T","M","E","$","?","E","R","B",null,"M","?","?","?","M","R","$","R","T","M","T","E","?","E","R","B",null,"M","M","?","M"],"character_chosen":"DEFECT","items_purchased":["Apotheosis"],"campfire_rested":2,"item_purchase_floors":[12],"current_hp_per_floor":[56,37,37,37,37,37,37,31,31,28,28,28,28,15,34,26,55,54,54,54,54,47,47,47,47,47,39,39,37,37,29,48,20,53,23,23,23,0],"gold":36,"neow_bonus":"ONE_RARE_RELIC","is_prod":false,"is_daily":false,"chose_seed":false,"campfire_upgraded":3,"win_rate":0,"timestamp":1562160384,"path_taken":["M","?","M","M","?","R","M","E","T","?","E","$","?","E","R","BOSS","M","?","?","?","M","R","$","R","T","M","?","E","?","E","R","BOSS","M","M","?","M"],"build_version":"2019-07-01","purchased_purges":1,"victory":false,"max_hp_per_floor":[64,64,64,64,64,64,64,64,64,64,64,64,64,64,64,64,64,64,64,64,64,64,64,64,64,64,64,64,64,64,64,64,64,64,64,64,64,64],"card_choices":[{"not_picked":["Gash","Hologram"],"picked":"Rebound","floor":1.0},{"not_picked":["Recycle","Melter"],"picked":"Ball Lightning","floor":3.0},{"not_picked":["Redo","Tempest"],"picked":"Reinforced Body","floor":4.0},{"not_picked":["Hologram","Go for the Eyes"],"picked":"Cold Snap","floor":7.0},{"not_picked":["Compile Driver","Cold Snap"],"picked":"Darkness","floor":8.0},{"not_picked":["Tempest","Beam Cell","Reinforced Body"],"picked":"SKIP","floor":10.0},{"not_picked":["Force Field","Meteor Strike"],"picked":"Consume","floor":11.0},{"not_picked":["Barrage","Scrape"],"picked":"Leap","floor":14.0},{"not_picked":["Hyperbeam","Rainbow"],"picked":"Fission","floor":16.0},{"not_picked":["Barrage","Gash","Steam"],"picked":"SKIP","floor":18.0},{"not_picked":["Turbo","Go for the Eyes"],"picked":"Coolheaded","floor":22.0},{"not_picked":["Stack","Double Energy"],"picked":"Redo","floor":27.0},{"not_picked":["Sweeping Beam","Go for the Eyes"],"picked":"Biased Cognition","floor":29.0},{"not_picked":["Steam","Leap"],"picked":"Compile Driver","floor":31.0},{"not_picked":["Hyperbeam","Thunder Strike"],"picked":"Fission","floor":33.0},{"not_picked":["Rebound","Doom and Gloom"],"picked":"Coolheaded+1","floor":35},{"not_picked":["Chaos","Stack+1"],"picked":"Multi-Cast","floor":36}],"player_experience":1768300,"relics_obtained":[{"floor":8.0,"key":"PreservedInsect"},{"floor":9.0,"key":"Tiny Chest"},{"floor":11.0,"key":"Juzu Bracelet"},{"floor":14.0,"key":"War Paint"},{"floor":26.0,"key":"Happy Flower"},{"floor":28.0,"key":"Bag of Preparation"},{"floor":29.0,"key":"DataDisk"},{"floor":31.0,"key":"Bag of Marbles"}],"event_choices":[{"damage_healed":0.0,"max_hp_gain":0.0,"max_hp_loss":0.0,"gold_gain":0.0,"event_name":"Shining Light","player_choice":"Entered Light","floor":2.0,"gold_loss":0.0,"damage_taken":19.0,"cards_upgraded":["Zap","Defend_B"]},{"damage_healed":0.0,"max_hp_gain":0.0,"max_hp_loss":0.0,"gold_gain":50.0,"event_name":"Golden Shrine","player_choice":"Pray","floor":5.0,"gold_loss":0.0,"damage_taken":0.0},{"damage_healed":0.0,"max_hp_gain":0.0,"max_hp_loss":0.0,"gold_gain":0.0,"event_name":"World of Goop","player_choice":"Left Gold","floor":13.0,"gold_loss":47.0,"damage_taken":0.0},{"damage_healed":0.0,"max_hp_gain":0.0,"max_hp_loss":0.0,"gold_gain":0.0,"event_name":"Addict","player_choice":"Obtained Relic","floor":19.0,"gold_loss":85.0,"damage_taken":0.0,"relics_obtained":["Ancient Tea Set"]},{"damage_healed":0.0,"max_hp_gain":0.0,"max_hp_loss":0.0,"gold_gain":0.0,"event_name":"Back to Basics","player_choice":"Simplicity","floor":20.0,"gold_loss":0.0,"damage_taken":0.0,"cards_upgraded":["Strike_B","Strike_B","Strike_B","Defend_B","Defend_B","Defend_B"]},{"damage_healed":0.0,"max_hp_gain":0.0,"max_hp_loss":0.0,"gold_gain":0.0,"event_name":"Vampires","player_choice":"Ignored","floor":21.0,"gold_loss":0.0,"damage_taken":0.0},{"damage_healed":0.0,"max_hp_gain":0.0,"max_hp_loss":0.0,"gold_gain":0.0,"event_name":"Forgotten Altar","player_choice":"Smashed Altar","floor":30.0,"gold_loss":0.0,"damage_taken":0.0,"cards_obtained":["Decay"]},{"damage_healed":0,"gold_gain":0,"player_choice":"Upgraded","damage_taken":0,"max_hp_gain":0,"max_hp_loss":0,"event_name":"Upgrade Shrine","floor":37,"gold_loss":0,"cards_upgraded":["Fission"]}],"is_beta":false,"boss_relics":[{"not_picked":["Calling Bell","Coffee Dripper"],"picked":"Ectoplasm"},{"not_picked":["Tiny House","Philosopher\u0027s Stone"],"picked":"Black Star"}],"items_purged_floors":[12],"is_endless":false,"potions_floor_spawned":[4,7,8,11,18,27,31,35,36],"killed_by":"Transient","ascension_level":20}