{"gold_per_floor":[15,15,90,35,35,35,49,84,109,136,136,155,183,193,193,193],"floor_reached":16,"playtime":469,"items_purged":[],"score":236,"play_id":"89b66019-4b23-4b9d-92eb-25066833ef8c","local_time":"20190617105304","is_ascension_mode":true,"campfire_choices":[{"data":"Bash","floor":6.0,"key":"SMITH"},{"data":"Pommel Strike","floor":11.0,"key":"SMITH"},{"data":"Demon Form","floor":15,"key":"SMITH"}],"neow_cost":"NO_GOLD","seed_source_timestamp":7149323727634,"circlet_count":0,"master_deck":["AscendersBane","Strike_R","Strike_R","Strike_R","Strike_R","Defend_R","Defend_R","Defend_R","Defend_R","Bash+1","Pommel Strike+1","Cleave","Feel No Pain","Burning Pact","Demon Form+1","True Grit","Anger","Corruption"],"special_seed":0,"relics":["Burning Blood","Question Card","Red Skull","Dream Catcher","Oddly Smooth Stone","Bottled Lightning"],"potions_floor_usage":[16],"damage_taken":[{"damage":2.0,"enemies":"2 Louse","floor":1.0,"turns":3.0},{"damage":4.0,"enemies":"Small Slimes","floor":7.0,"turns":3.0},{"damage":37.0,"enemies":"Gremlin Nob","floor":8.0,"turns":5.0},{"damage":15.0,"enemies":"3 Sentries","floor":10.0,"turns":6.0},{"damage":0.0,"enemies":"Jaw Worm","floor":12.0,"turns":3.0},{"damage":25.0,"enemies":"Gremlin Nob","floor":13.0,"turns":4.0},{"damage":8,"enemies":"Blue Slaver","floor":14,"turns":2},{"damage":37,"enemies":"The Guardian","floor":16,"turns":7}],"seed_played":"-5607127838625022028","potions_obtained":[{"floor":1.0,"key":"Ancient Potion"},{"floor":12.0,"key":"SpeedPotion"},{"floor":14,"key":"Poison Potion"}],"is_trial":false,"path_per_floor":["M","?","?","$","T","R","M","E","T","E","R","M","E","M","R","B"],"character_chosen":"IRONCLAD","items_purchased":["Cleave"],"campfire_rested":0,"item_purchase_floors":[4],"current_hp_per_floor":[86,79,68,68,68,68,70,39,39,30,30,36,17,15,15,0],"gold":193,"neow_bonus":"TWENTY_PERCENT_HP_BONUS","is_prod":false,"is_daily":false,"chose_seed":false,"campfire_upgraded":3,"win_rate":0,"timestamp":1560761584,"path_taken":["M","?","?","?","?","R","M","E","T","E","R","M","E","M","R","BOSS"],"build_version":"2019-01-23","purchased_purges":0,"victory":false,"max_hp_per_floor":[89,89,89,89,89,89,89,89,89,89,89,89,89,89,89,89],"card_choices":[{"not_picked":["Flex","Dual Wield"],"picked":"Pommel Strike","floor":1.0},{"not_picked":["Armaments","Evolve","Searing Blow"],"picked":"Feel No Pain","floor":7.0},{"not_picked":["Reckless Charge","Havoc","Warcry"],"picked":"Burning Pact","floor":8.0},{"not_picked":["Perfected Strike","Warcry","Havoc"],"picked":"Demon Form","floor":10.0},{"not_picked":["Dual Wield","Sword Boomerang","Entrench"],"picked":"True Grit","floor":12.0},{"not_picked":["Demon Form","Reckless Charge","Bloodletting"],"picked":"Anger","floor":13},{"not_picked":["Whirlwind","Pommel Strike","Headbutt"],"picked":"Corruption","floor":14}],"player_experience":1744634,"relics_obtained":[{"floor":5.0,"key":"Question Card"},{"floor":8.0,"key":"Red Skull"},{"floor":9.0,"key":"Dream Catcher"},{"floor":10.0,"key":"Oddly Smooth Stone"},{"floor":13,"key":"Bottled Lightning"}],"event_choices":[{"cards_removed":["Strike_R"],"damage_healed":0.0,"max_hp_gain":0.0,"max_hp_loss":0.0,"gold_gain":0.0,"event_name":"Golden Wing","player_choice":"Card Removal","floor":2.0,"gold_loss":0.0,"damage_taken":7.0},{"damage_healed":0.0,"max_hp_gain":0.0,"max_hp_loss":0.0,"gold_gain":75.0,"event_name":"World of Goop","player_choice":"Gather Gold","floor":3.0,"gold_loss":0.0,"damage_taken":11.0}],"is_beta":false,"boss_relics":[],"items_purged_floors":[],"is_endless":false,"potions_floor_spawned":[1,12,14],"killed_by":"The Guardian","ascension_level":20}