{"gold_per_floor":[112,128,142,158,158,193,193,21,21,54,72,72,88,99,99,173,173,188,113,113,113,163,163,177,227,251,277,277,292,292,307,307,381,381,393,216,216,234,22,22,48,48,75,87,87,87,0,18,18,18],"floor_reached":50,"playtime":2737,"items_purged":["Strike_B"],"score":1150,"play_id":"f59e69bb-0b31-418d-8f11-96fddd73f2f6","local_time":"20190619214424","is_ascension_mode":true,"campfire_choices":[{"data":"Zap","floor":7.0,"key":"SMITH"},{"data":"Buffer","floor":12.0,"key":"SMITH"},{"data":"Sunder","floor":15.0,"key":"SMITH"},{"data":"Machine Learning","floor":23.0,"key":"SMITH"},{"data":"1","floor":28.0,"key":"LIFT"},{"data":"2","floor":30.0,"key":"LIFT"},{"data":"3","floor":32.0,"key":"LIFT"},{"data":"Defragment","floor":40.0,"key":"SMITH"},{"floor":42.0,"key":"RECALL"},{"data":"Loop","floor":45.0,"key":"SMITH"},{"data":"BootSequence","floor":49.0,"key":"SMITH"}],"neow_cost":"TEN_PERCENT_HP_LOSS","seed_source_timestamp":0,"circlet_count":0,"master_deck":["AscendersBane","Strike_B+1","Strike_B+1","Strike_B+1","Defend_B+1","Defend_B+1","Defend_B+1","Defend_B+1","Zap+1","Dualcast","Hyperbeam+1","Compile Driver","Coolheaded","Glacier","Ball Lightning","FTL","Buffer+1","Sunder+1","Loop+1","Machine Learning+1","Ball Lightning","Glacier","Echo Form","BootSequence+1","Self Repair+1","Creative AI","Defragment+1","Glacier","Mind Blast"],"special_seed":0,"relics":["Cracked Core","Blue Candle","Orichalcum","Matryoshka","Pantograph","Coffee Dripper","Dodecahedron","Anchor","Girya","Snecko Eye","ClockworkSouvenir","Gremlin Horn","PreservedInsect","Red Mask"],"potions_floor_usage":[50,50,50],"damage_taken":[{"damage":1.0,"enemies":"Cultist","floor":1.0,"turns":3.0},{"damage":4.0,"enemies":"Small Slimes","floor":2.0,"turns":3.0},{"damage":5.0,"enemies":"2 Louse","floor":3.0,"turns":2.0},{"damage":1.0,"enemies":"Blue Slaver","floor":4.0,"turns":6.0},{"damage":26.0,"enemies":"Gremlin Nob","floor":6.0,"turns":4.0},{"damage":0.0,"enemies":"3 Sentries","floor":10.0,"turns":2.0},{"damage":0.0,"enemies":"3 Louse","floor":11.0,"turns":3.0},{"damage":0.0,"enemies":"Gremlin Gang","floor":13.0,"turns":2.0},{"damage":0.0,"enemies":"Lots of Slimes","floor":14.0,"turns":1.0},{"damage":0.0,"enemies":"Slime Boss","floor":16.0,"turns":6.0},{"damage":33.0,"enemies":"3 Byrds","floor":18.0,"turns":5.0},{"damage":5.0,"enemies":"2 Thieves","floor":24.0,"turns":2.0},{"damage":9.0,"enemies":"Book of Stabbing","floor":27.0,"turns":5.0},{"damage":4.0,"enemies":"Snake Plant","floor":29.0,"turns":5.0},{"damage":1.0,"enemies":"3 Cultists","floor":31.0,"turns":3.0},{"damage":15.0,"enemies":"Champ","floor":33.0,"turns":15.0},{"damage":5.0,"enemies":"3 Shapes","floor":35.0,"turns":4.0},{"damage":3.0,"enemies":"Orb Walker","floor":38.0,"turns":3.0},{"damage":19.0,"enemies":"Reptomancer","floor":41.0,"turns":7.0},{"damage":0.0,"enemies":"Maw","floor":44.0,"turns":9.0},{"damage":0.0,"enemies":"Sphere and 2 Shapes","floor":48.0,"turns":8.0},{"damage":69,"enemies":"Awakened One","floor":50,"turns":28}],"seed_played":"-2050678558587910083","potions_obtained":[{"floor":3.0,"key":"SteroidPotion"},{"floor":10.0,"key":"Explosive Potion"},{"floor":16.0,"key":"Block Potion"},{"floor":18.0,"key":"FocusPotion"},{"floor":29.0,"key":"Strength Potion"},{"floor":38.0,"key":"SkillPotion"},{"floor":41.0,"key":"Ancient Potion"},{"floor":48.0,"key":"EntropicBrew"}],"is_trial":false,"path_per_floor":["M","M","M","M","?","E","R","$","T","E","M","R","M","M","R","B",null,"M","$","?","?","?","R","M","?","T","E","R","M","R","M","R","B",null,"M","$","?","M","$","R","E","R","T","M","R","?","?","M","R","B"],"character_chosen":"DEFECT","items_purchased":["Orichalcum","Defragment","Glacier","ClockworkSouvenir"],"campfire_rested":0,"item_purchase_floors":[8,36,36,39],"current_hp_per_floor":[63,59,54,53,53,27,27,27,27,27,27,27,27,27,27,52,61,28,28,28,28,28,28,23,23,23,14,14,10,10,9,9,29,55,60,60,50,57,57,57,48,48,48,58,58,58,58,61,61,0],"gold":18,"neow_bonus":"THREE_RARE_CARDS","is_prod":false,"is_daily":false,"chose_seed":false,"campfire_upgraded":7,"win_rate":0,"timestamp":1560973464,"path_taken":["M","?","?","M","?","E","R","$","T","E","M","R","?","M","R","BOSS","M","$","?","?","?","R","M","?","T","E","R","?","R","M","R","BOSS","M","?","?","M","$","R","E","R","T","M","R","?","?","M","R","BOSS"],"build_version":"2019-01-23","purchased_purges":1,"victory":false,"max_hp_per_floor":[64,64,64,64,64,64,64,64,64,64,64,64,64,64,64,64,64,64,64,64,64,64,64,64,64,64,64,64,64,64,64,64,64,64,64,64,64,64,64,64,64,64,64,64,64,61,61,61,61,61],"card_choices":[{"not_picked":["Fission","Amplify"],"picked":"Hyperbeam","floor":0.0},{"not_picked":["Steam","Auto Shields"],"picked":"Compile Driver","floor":1.0},{"not_picked":["Redo","Barrage"],"picked":"Coolheaded","floor":2.0},{"not_picked":["Sweeping Beam","Rebound"],"picked":"Glacier","floor":3.0},{"not_picked":["Redo","Chill"],"picked":"Ball Lightning","floor":4.0},{"not_picked":["Turbo","Hello World"],"picked":"FTL","floor":6.0},{"not_picked":["Reinforced Body","Storm"],"picked":"Buffer","floor":10.0},{"not_picked":["Hologram","Storm","Tempest"],"picked":"SKIP","floor":11.0},{"not_picked":["Beam Cell","Sweeping Beam"],"picked":"Sunder","floor":13.0},{"not_picked":["Compile Driver","Stack"],"picked":"Loop","floor":14.0},{"not_picked":["Thunder Strike","All For One"],"picked":"Machine Learning","floor":16.0},{"not_picked":["Leap","Turbo"],"picked":"Ball Lightning","floor":18.0},{"not_picked":["Hologram","Compile Driver+1"],"picked":"Glacier","floor":24.0},{"not_picked":["Recycle","Steam Power"],"picked":"Echo Form","floor":27.0},{"not_picked":["Hello World","Steam"],"picked":"BootSequence","floor":29.0},{"not_picked":["Gash","Conserve Battery"],"picked":"Self Repair+1","floor":31.0},{"not_picked":["Thunder Strike","Buffer"],"picked":"Creative AI","floor":33.0},{"not_picked":["Blizzard","Beam Cell+1","Gash"],"picked":"SKIP","floor":35.0},{"not_picked":["Sadistic Nature","Panacea"],"picked":"Mind Blast","floor":37.0},{"not_picked":["Steam+1","Gash+1","Hologram"],"picked":"SKIP","floor":38.0},{"not_picked":["Streamline","Leap+1","Gash+1"],"picked":"SKIP","floor":41.0},{"not_picked":["Leap+1","FTL+1","Stack"],"picked":"SKIP","floor":44.0},{"not_picked":["Rebound","Hologram","Sweeping Beam"],"picked":"SKIP","floor":48.0}],"player_experience":1752843,"relics_obtained":[{"floor":6.0,"key":"Blue Candle"},{"floor":9.0,"key":"Matryoshka"},{"floor":10.0,"key":"Pantograph"},{"floor":26.0,"key":"Dodecahedron"},{"floor":26.0,"key":"Anchor"},{"floor":27.0,"key":"Girya"},{"floor":41.0,"key":"Gremlin Horn"},{"floor":43.0,"key":"PreservedInsect"}],"event_choices":[{"damage_healed":0.0,"max_hp_gain":0.0,"max_hp_loss":0.0,"gold_gain":0.0,"event_name":"Upgrade Shrine","player_choice":"Upgraded","floor":5.0,"gold_loss":0.0,"damage_taken":0.0,"cards_upgraded":["Hyperbeam"]},{"damage_healed":0.0,"max_hp_gain":0.0,"max_hp_loss":0.0,"gold_gain":0.0,"event_name":"Back to Basics","player_choice":"Simplicity","floor":20.0,"gold_loss":0.0,"damage_taken":0.0,"cards_upgraded":["Strike_B","Strike_B","Strike_B","Defend_B","Defend_B","Defend_B","Defend_B"]},{"damage_healed":0.0,"max_hp_gain":0.0,"max_hp_loss":0.0,"gold_gain":0.0,"event_name":"Vampires","player_choice":"Ignored","floor":21.0,"gold_loss":0.0,"damage_taken":0.0},{"damage_healed":0.0,"max_hp_gain":0.0,"max_hp_loss":0.0,"gold_gain":50.0,"event_name":"Nest","player_choice":"Stole From Cult","floor":22.0,"gold_loss":0.0,"damage_taken":0.0},{"damage_healed":0.0,"max_hp_gain":0.0,"max_hp_loss":0.0,"gold_gain":50.0,"event_name":"Golden Shrine","player_choice":"Pray","floor":25.0,"gold_loss":0.0,"damage_taken":0.0},{"damage_healed":0.0,"max_hp_gain":0.0,"max_hp_loss":0.0,"gold_gain":0.0,"event_name":"SensoryStone","player_choice":"Memory 3","floor":37.0,"gold_loss":0.0,"damage_taken":10.0},{"damage_healed":0.0,"max_hp_gain":0.0,"max_hp_loss":3.0,"gold_gain":0.0,"event_name":"Winding Halls","player_choice":"Max HP","floor":46.0,"gold_loss":0.0,"damage_taken":0.0},{"damage_healed":0.0,"max_hp_gain":0.0,"max_hp_loss":0.0,"gold_gain":0.0,"event_name":"Tomb of Lord Red Mask","player_choice":"Paid","floor":47.0,"gold_loss":87.0,"damage_taken":0.0,"relics_obtained":["Red Mask"]}],"is_beta":false,"boss_relics":[{"not_picked":["Nuclear Battery","Lizard Tail"],"picked":"Coffee Dripper"},{"not_picked":["Inserter","White Beast Statue"],"picked":"Snecko Eye"}],"items_purged_floors":[19],"is_endless":false,"potions_floor_spawned":[3,10,14,16,18,29,38,41,48],"killed_by":"Awakened One","ascension_level":20}