{"gold_per_floor":[369,383,533,543,560,246,246,206,206,206],"floor_reached":10,"playtime":280,"items_purged":["Doubt"],"score":120,"play_id":"1b0e9837-de59-45f5-81ac-eca985bf96d5","local_time":"20190811175032","is_ascension_mode":true,"campfire_choices":[{"data":"Defragment","floor":7,"key":"SMITH"}],"neow_cost":"TEN_PERCENT_HP_LOSS","seed_source_timestamp":7719267713829,"circlet_count":0,"master_deck":["AscendersBane","Strike_B","Strike_B","Strike_B","Strike_B","Defend_B","Defend_B","Defend_B","Defend_B","Zap","Dualcast","Steam","Consume","Chill","Self Repair","Defragment+1","Echo Form"],"relics":["Cracked Core","Orichalcum","StoneCalendar"],"potions_floor_usage":[10],"damage_taken":[{"damage":8,"enemies":"2 Louse","floor":1,"turns":4},{"damage":2,"enemies":"Jaw Worm","floor":2,"turns":3},{"damage":6,"enemies":"Small Slimes","floor":4,"turns":3},{"damage":13,"enemies":"2 Fungi Beasts","floor":5,"turns":4},{"damage":26,"enemies":"Exordium Thugs","floor":8,"turns":7},{"damage":17,"enemies":"Gremlin Nob","floor":10,"turns":3}],"seed_played":"4425493173503796402","potions_obtained":[{"floor":2,"key":"Regen Potion"},{"floor":4,"key":"Explosive Potion"},{"floor":5,"key":"PowerPotion"}],"is_trial":false,"path_per_floor":["M","M","?","M","M","$","R","M","T","E"],"character_chosen":"DEFECT","items_purchased":["Defragment","Orichalcum"],"campfire_rested":0,"item_purchase_floors":[6,6],"current_hp_per_floor":[56,54,54,48,35,35,35,16,16,0],"gold":206,"neow_bonus":"TWO_FIFTY_GOLD","is_prod":false,"is_daily":false,"chose_seed":false,"campfire_upgraded":1,"win_rate":0,"timestamp":1565538632,"path_taken":["M","M","?","M","M","$","R","M","T","E"],"build_version":"2019-07-17","purchased_purges":1,"victory":false,"max_hp_per_floor":[64,64,64,64,64,64,64,64,64,64],"card_choices":[{"not_picked":["Stack","Turbo"],"picked":"Steam","floor":1},{"not_picked":["Redo","Go for the Eyes"],"picked":"Consume","floor":2},{"not_picked":["Turbo","Recycle"],"picked":"Chill","floor":4},{"not_picked":["Go for the Eyes","Beam Cell"],"picked":"Self Repair","floor":5},{"not_picked":["Conserve Battery","Streamline"],"picked":"Echo Form","floor":8}],"player_experience":1901518,"relics_obtained":[{"floor":9,"key":"StoneCalendar"}],"event_choices":[{"damage_healed":0,"gold_gain":150,"player_choice":"AGREE","damage_taken":0,"max_hp_gain":0,"max_hp_loss":0,"event_name":"Liars Game","floor":3,"gold_loss":0,"cards_obtained":["Doubt"]}],"is_beta":false,"boss_relics":[],"items_purged_floors":[6],"is_endless":false,"potions_floor_spawned":[2,4,5],"killed_by":"Gremlin Nob","ascension_level":20}