{"gold_per_floor":[116,129,139,156,175,175,206,225,248,248],"floor_reached":10,"playtime":322,"items_purged":[],"score":144,"play_id":"9de7d7ac-2148-47c6-b571-54355049875a","local_time":"20190817134230","is_ascension_mode":true,"campfire_choices":[{"floor":6,"key":"REST"}],"neow_cost":"NONE","seed_source_timestamp":8462512510318,"circlet_count":0,"master_deck":["AscendersBane","Strike_R","Strike_R","Strike_R","Strike_R","Strike_R+1","Defend_R","Defend_R","Defend_R","Defend_R","Bash+1","Pommel Strike+1","Perfected Strike","Reaper","infinitespire:OneForAll","Shrug It Off","Inflame","Ghostly Armor"],"relics":["Burning Blood","Anchor","Whetstone"],"potions_floor_usage":[7,10],"damage_taken":[{"damage":12,"enemies":"Cultist","floor":1,"turns":4},{"damage":9,"enemies":"2 Louse","floor":2,"turns":2},{"damage":7,"enemies":"Jaw Worm","floor":3,"turns":2},{"damage":46,"enemies":"Exordium Wildlife","floor":4,"turns":5},{"damage":25,"enemies":"Large Slime","floor":5,"turns":6},{"damage":32,"enemies":"Gremlin Nob","floor":7,"turns":4},{"damage":1,"enemies":"Looter","floor":8,"turns":4},{"damage":40,"enemies":"Lagavulin","floor":10,"turns":5}],"seed_played":"-7032388246062032472","potions_obtained":[{"floor":5,"key":"Energy Potion"},{"floor":7,"key":"Fire Potion"}],"is_trial":false,"path_per_floor":["M","M","M","M","M","R","E","M","T","E"],"character_chosen":"IRONCLAD","items_purchased":[],"campfire_rested":1,"item_purchase_floors":[],"current_hp_per_floor":[62,59,58,26,7,29,7,12,12,0],"gold":248,"neow_bonus":"UPGRADE_CARD","is_prod":false,"is_daily":false,"chose_seed":false,"campfire_upgraded":0,"win_rate":0,"timestamp":1566042150,"path_taken":["M","M","?","M","M","R","E","M","T","E"],"build_version":"2019-07-17","purchased_purges":0,"victory":false,"max_hp_per_floor":[75,75,75,75,75,75,75,75,75,75],"card_choices":[{"not_picked":["Shrug It Off","Warcry"],"picked":"Pommel Strike","floor":1},{"not_picked":["Rupture","Evolve"],"picked":"Perfected Strike","floor":2},{"not_picked":["Searing Blow","Entrench"],"picked":"Reaper","floor":3},{"not_picked":["Cleave","Armaments"],"picked":"infinitespire:OneForAll","floor":4},{"not_picked":["Ghostly Armor","Clothesline"],"picked":"Shrug It Off","floor":5},{"not_picked":["Clothesline","Iron Wave"],"picked":"Inflame","floor":7},{"not_picked":["Thunderclap","Headbutt"],"picked":"Ghostly Armor","floor":8}],"player_experience":1932687,"relics_obtained":[{"floor":7,"key":"Anchor"},{"floor":9,"key":"Whetstone"}],"event_choices":[],"is_beta":false,"boss_relics":[],"items_purged_floors":[],"is_endless":false,"potions_floor_spawned":[5,7],"killed_by":"Lagavulin","ascension_level":20}