{"gold_per_floor":[116,28,28,42,42,42,74,74,74,74,109,127,191,241,241,332,332,353,403,418,30,48,48,86,110,136,36,49,126,126,146,146,242,242,265,54,229,612,630,630],"floor_reached":40,"playtime":1833,"items_purged":["Strike_G","Shame","Regret"],"score":1028,"play_id":"3f8aec45-cf97-425c-a49e-427843920640","local_time":"20190916105320","is_ascension_mode":true,"campfire_choices":[{"data":"Noxious Fumes","floor":6.0,"key":"SMITH"},{"data":"Neutralize","floor":8.0,"key":"SMITH"},{"data":"Dodge and Roll","floor":10.0,"key":"SMITH"},{"data":"Footwork","floor":15,"key":"SMITH"},{"data":"Crippling Poison","floor":23,"key":"SMITH"},{"data":"Night Terror","floor":30,"key":"SMITH"},{"data":"Well Laid Plans","floor":32,"key":"SMITH"}],"neow_cost":"NONE","seed_source_timestamp":1284121273878,"circlet_count":0,"master_deck":["AscendersBane","Strike_G","Strike_G+1","Strike_G","Strike_G","Defend_G","Defend_G","Defend_G","Defend_G","Defend_G","Survivor","Neutralize+1","Deadly Poison+1","Noxious Fumes+1","PiercingWail","Dodge and Roll+1","Footwork+1","Poisoned Stab","Night Terror+1","Die Die Die","PiercingWail","Crippling Poison+1","Backflip+1","Well Laid Plans+1","Backflip","Backflip","PiercingWail","Backflip","Bullet Time","CurseOfTheBell","Leg Sweep","Acrobatics"],"special_seed":0,"relics":["Ring of the Snake","NeowsBlessing","SsserpentHead","Potion Belt","Paper Crane","Unceasing Top","Cursed Key","Lee\u0027s Waffle","Juzu Bracelet","Snake Skull","Ancient Tea Set","Calling Bell","Orichalcum","Singing Bowl","Calipers","Prayer Wheel"],"potions_floor_usage":[33,40],"damage_taken":[{"damage":0.0,"enemies":"Small Slimes","floor":1.0,"turns":1.0},{"damage":0.0,"enemies":"Cultist","floor":4.0,"turns":1.0},{"damage":0.0,"enemies":"3 Sentries","floor":7.0,"turns":2.0},{"damage":33.0,"enemies":"Gremlin Nob","floor":11.0,"turns":4.0},{"damage":0.0,"enemies":"2 Louse","floor":12.0,"turns":3.0},{"damage":0,"enemies":"Exordium Thugs","floor":13,"turns":5},{"damage":0,"enemies":"Hexaghost","floor":16,"turns":11},{"damage":20,"enemies":"Chosen","floor":18,"turns":6},{"damage":13,"enemies":"2 Thieves","floor":20,"turns":4},{"damage":0,"enemies":"Centurion and Healer","floor":22,"turns":11},{"damage":13,"enemies":"Gremlin Leader","floor":24,"turns":6},{"damage":15,"enemies":"3 Cultists","floor":25,"turns":5},{"damage":14,"enemies":"Snecko","floor":28,"turns":5},{"damage":9,"enemies":"Centurion and Healer","floor":31,"turns":7},{"damage":9,"enemies":"Champ","floor":33,"turns":16},{"damage":26,"enemies":"3 Shapes","floor":35,"turns":7},{"damage":0,"enemies":"Mind Bloom Boss Battle","floor":37,"turns":8},{"damage":1,"enemies":"3 Darklings","floor":39,"turns":10},{"damage":45,"enemies":"Reptomancer","floor":40,"turns":2}],"seed_played":"-2249292920284291378","potions_obtained":[{"floor":4.0,"key":"SpeedPotion"},{"floor":7.0,"key":"SteroidPotion"},{"floor":13,"key":"PowerPotion"},{"floor":18,"key":"Poison Potion"},{"floor":22,"key":"GamblersBrew"},{"floor":24,"key":"GhostInAJar"},{"floor":35,"key":"Dexterity Potion"}],"is_trial":false,"path_per_floor":["M","$","?","M","?","R","E","R","T","R","E","M","M","?","R","B",null,"M","?","M","$","M","R","E","M","T","$","M","T","R","M","R","B",null,"M","$","?","?","M","E"],"character_chosen":"THE_SILENT","items_purchased":["Noxious Fumes","Lee\u0027s Waffle","Well Laid Plans","Backflip","Leg Sweep"],"campfire_rested":0,"item_purchase_floors":[2,21,21,21,36],"current_hp_per_floor":[59,59,39,39,39,39,39,39,39,39,6,6,6,6,6,6,47,27,27,14,67,67,67,54,39,39,39,25,25,25,16,16,7,52,28,28,28,28,31,0],"gold":630,"neow_bonus":"THREE_ENEMY_KILL","is_prod":false,"is_daily":false,"chose_seed":false,"campfire_upgraded":7,"win_rate":0,"timestamp":1568624000,"path_taken":["M","$","?","M","?","R","E","R","T","R","E","M","?","?","R","BOSS","M","?","M","$","M","R","E","M","T","$","M","?","R","M","R","BOSS","M","$","?","?","M","E"],"build_version":"2019-09-12","purchased_purges":3,"victory":false,"max_hp_per_floor":[66,66,66,66,66,66,66,66,66,66,66,66,66,60,60,60,60,60,60,60,67,67,67,67,67,67,67,67,67,67,67,67,67,67,69,69,69,69,73,73],"card_choices":[{"not_picked":["PiercingWail","Dagger Throw"],"picked":"Deadly Poison","floor":1.0},{"not_picked":["Acrobatics","Flying Knee"],"picked":"PiercingWail","floor":4.0},{"not_picked":["Terror","Accuracy"],"picked":"Dodge and Roll","floor":7.0},{"not_picked":["Cloak And Dagger","Predator"],"picked":"Footwork","floor":11.0},{"not_picked":["Underhanded Strike","Tactician"],"picked":"Poisoned Stab","floor":12.0},{"not_picked":["Skewer","Distraction"],"picked":"Night Terror","floor":13},{"not_picked":["Unload","Storm of Steel"],"picked":"Die Die Die","floor":16},{"not_picked":["Poisoned Stab","Calculated Gamble"],"picked":"PiercingWail","floor":18},{"not_picked":["Expertise","Cloak And Dagger+1"],"picked":"Backflip+1","floor":20},{"not_picked":["PiercingWail","Heel Hook"],"picked":"Backflip","floor":22},{"not_picked":["Flying Knee","Skewer","Infinite Blades"],"picked":"SKIP","floor":24},{"not_picked":["Prepared","Terror"],"picked":"PiercingWail","floor":25},{"not_picked":["Accuracy","Deflect"],"picked":"Backflip","floor":28},{"not_picked":["Bane","Terror+1","Grand Finale"],"picked":"SKIP","floor":31},{"not_picked":["Glass Knife","Unload"],"picked":"Bullet Time","floor":33},{"not_picked":["Slice+1","Distraction","Riddle With Holes"],"picked":"Singing Bowl","floor":35},{"not_picked":["Quick Slash+1","Bane"],"picked":"Acrobatics","floor":37},{"not_picked":["Flechettes","Well Laid Plans","Dodge and Roll+1"],"picked":"Singing Bowl","floor":39},{"not_picked":["PiercingWail","Acrobatics+1","Setup"],"picked":"Singing Bowl","floor":39}],"player_experience":2053339,"relics_obtained":[{"floor":7.0,"key":"Potion Belt"},{"floor":9.0,"key":"Paper Crane"},{"floor":11.0,"key":"Unceasing Top"},{"floor":24,"key":"Juzu Bracelet"},{"floor":26,"key":"Snake Skull"},{"floor":29,"key":"Ancient Tea Set"},{"floor":34,"key":"Orichalcum"},{"floor":34,"key":"Singing Bowl"},{"floor":34,"key":"Calipers"},{"floor":37,"key":"Prayer Wheel"}],"event_choices":[{"damage_healed":0.0,"max_hp_gain":0.0,"max_hp_loss":0.0,"gold_gain":0.0,"event_name":"Shining Light","player_choice":"Entered Light","floor":3.0,"gold_loss":0.0,"damage_taken":20.0,"cards_upgraded":["Deadly Poison","Strike_G"]},{"damage_healed":0.0,"max_hp_gain":0.0,"max_hp_loss":0.0,"gold_gain":0.0,"event_name":"FaceTrader","player_choice":"Trade","floor":5.0,"gold_loss":0.0,"damage_taken":0.0,"relics_obtained":["SsserpentHead"]},{"damage_healed":0,"gold_gain":0,"player_choice":"Lose Max HP","damage_taken":0,"relics_obtained":["Golden Idol"],"max_hp_gain":0,"max_hp_loss":6,"event_name":"Golden Idol","floor":14,"gold_loss":0},{"damage_healed":0,"gold_gain":0,"player_choice":"Read","damage_taken":0,"max_hp_gain":0,"max_hp_loss":0,"event_name":"The Library","floor":19,"gold_loss":0,"cards_obtained":["Crippling Poison"]},{"damage_healed":0,"gold_gain":0,"player_choice":"Fight","damage_taken":0,"max_hp_gain":0,"max_hp_loss":0,"event_name":"MindBloom","floor":37,"gold_loss":0},{"damage_healed":0,"gold_gain":333,"player_choice":"Gave Idol","damage_taken":0,"max_hp_gain":0,"max_hp_loss":0,"event_name":"The Moai Head","floor":38,"relics_lost":["Golden Idol"],"gold_loss":0}],"is_beta":true,"boss_relics":[{"not_picked":["SlaversCollar","Black Star"],"picked":"Cursed Key"},{"not_picked":["HoveringKite","Ring of the Serpent"],"picked":"Calling Bell"}],"items_purged_floors":[21,27,36],"is_endless":false,"potions_floor_spawned":[4,7,13,18,22,24,31,35,37,39],"killed_by":"Reptomancer","ascension_level":20}