{"gold_per_floor":[119,119,134,134,134,134,58,58,58,83,99,133,133,168,168,247,247,257,328,378,11,29,29,39,39,39,39,58,83,100,134,134,205,205,223,223,237,16,29,62,162,191,191,191],"floor_reached":44,"playtime":2361,"items_purged":["Strike_G"],"score":1119,"play_id":"562d8af0-8be6-436b-a51f-74e24eb3b0c2","local_time":"20190909121920","is_ascension_mode":true,"campfire_choices":[{"floor":6.0,"key":"REST"},{"floor":13.0,"key":"REST"},{"data":"Dash","floor":15.0,"key":"SMITH"},{"data":"Wraith Form v2","floor":23.0,"key":"SMITH"},{"floor":25.0,"key":"REST"},{"floor":32.0,"key":"REST"}],"neow_cost":"NONE","seed_source_timestamp":0,"circlet_count":0,"master_deck":["AscendersBane","Strike_G","Strike_G+1","Strike_G","Strike_G","Defend_G","Defend_G","Defend_G","Defend_G","Defend_G","Survivor","Neutralize+1","PiercingWail","Terror+1","Flying Knee","Well Laid Plans","Cloak And Dagger","Sucker Punch","Dash+1","Dodge and Roll","Wraith Form v2+1","PiercingWail","Footwork","Blur","Predator+1","Catalyst+1","After Image","Noxious Fumes","Night Terror+1","Footwork","Poisoned Stab","Cloak And Dagger+1","Noxious Fumes","Acrobatics+1","Blur+1","Crippling Poison+1","Acrobatics+1"],"special_seed":0,"relics":["Ring of the Snake","Snake Skull","Bottled Lightning","Whetstone","Centennial Puzzle","StoneCalendar","Sozu","Mummified Hand","TwistedFunnel","Toxic Egg 2","Calipers","Art of War","Orrery","OrangePellets","Bottled Tornado","Gambling Chip","Pantograph"],"potions_floor_usage":[],"damage_taken":[{"damage":0.0,"enemies":"Small Slimes","floor":1.0,"turns":4.0},{"damage":0.0,"enemies":"2 Louse","floor":3.0,"turns":4.0},{"damage":22.0,"enemies":"Gremlin Nob","floor":10.0,"turns":4.0},{"damage":0.0,"enemies":"Jaw Worm","floor":11.0,"turns":3.0},{"damage":9.0,"enemies":"3 Sentries","floor":12.0,"turns":10.0},{"damage":1.0,"enemies":"Lagavulin","floor":14.0,"turns":6.0},{"damage":2.0,"enemies":"The Guardian","floor":16.0,"turns":9.0},{"damage":6.0,"enemies":"3 Byrds","floor":18.0,"turns":7.0},{"damage":22.0,"enemies":"Spheric Guardian","floor":22.0,"turns":6.0},{"damage":6.0,"enemies":"Shelled Parasite and Fungi","floor":24.0,"turns":7.0},{"damage":0.0,"enemies":"Centurion and Healer","floor":28.0,"turns":7.0},{"damage":23.0,"enemies":"Slavers","floor":29.0,"turns":7.0},{"damage":1.0,"enemies":"Snake Plant","floor":30.0,"turns":3.0},{"damage":1.0,"enemies":"Gremlin Leader","floor":31.0,"turns":6.0},{"damage":13.0,"enemies":"Collector","floor":33.0,"turns":9.0},{"damage":4.0,"enemies":"3 Shapes","floor":35.0,"turns":4.0},{"damage":31.0,"enemies":"3 Darklings","floor":37.0,"turns":4.0},{"damage":0.0,"enemies":"Jaw Worm Horde","floor":39.0,"turns":5.0},{"damage":9.0,"enemies":"Nemesis","floor":40.0,"turns":7.0},{"damage":0.0,"enemies":"Mind Bloom Boss Battle","floor":41.0,"turns":7.0},{"damage":0.0,"enemies":"Giant Head","floor":42.0,"turns":8.0},{"damage":23,"enemies":"Reptomancer","floor":44,"turns":2}],"seed_played":"-2750097390482424875","potions_obtained":[{"floor":1.0,"key":"PowerPotion"},{"floor":11.0,"key":"Fire Potion"},{"floor":16.0,"key":"Explosive Potion"}],"is_trial":false,"path_per_floor":["M","?","M","?","?","R","$","?","T","E","M","E","R","E","R","B",null,"M","T","?","$","M","R","M","R","T","$","M","E","M","E","R","B",null,"M","?","M","$","M","E","?","E","T","E"],"character_chosen":"THE_SILENT","items_purchased":["Well Laid Plans","TwistedFunnel","Footwork","OrangePellets"],"campfire_rested":4,"item_purchase_floors":[7,21,21,38],"current_hp_per_floor":[59,59,59,14,14,33,33,33,33,11,11,2,21,20,20,18,54,48,48,42,42,20,20,14,33,33,33,33,10,9,8,27,14,53,49,49,18,18,18,9,9,9,9,0],"gold":191,"neow_bonus":"THREE_CARDS","is_prod":false,"is_daily":false,"chose_seed":false,"campfire_upgraded":2,"win_rate":0,"timestamp":1568024360,"path_taken":["M","?","M","?","?","R","$","?","T","E","M","E","R","E","R","BOSS","M","?","?","$","M","R","?","R","T","$","M","E","M","E","R","BOSS","M","?","M","$","M","E","?","E","T","E"],"build_version":"2019-07-17","purchased_purges":1,"victory":false,"max_hp_per_floor":[66,66,66,66,66,66,66,66,66,66,66,66,66,66,66,66,66,66,66,66,66,66,66,66,66,66,66,66,66,66,66,66,66,66,66,66,66,66,66,66,66,66,66,66],"card_choices":[{"not_picked":["Slice","Bane"],"picked":"PiercingWail","floor":0.0},{"not_picked":["Blade Dance","PiercingWail"],"picked":"Terror","floor":1.0},{"not_picked":["Bane","Dodge and Roll"],"picked":"Flying Knee","floor":3.0},{"not_picked":["Venomology","Infinite Blades"],"picked":"Cloak And Dagger","floor":10.0},{"not_picked":["Flechettes","Bane"],"picked":"Sucker Punch","floor":11.0},{"not_picked":["Flying Knee","Expertise"],"picked":"Dash","floor":12.0},{"not_picked":["Underhanded Strike","Masterful Stab"],"picked":"Dodge and Roll","floor":14.0},{"not_picked":["Storm of Steel","Malaise"],"picked":"Wraith Form v2","floor":16.0},{"not_picked":["Dagger Throw","Sucker Punch"],"picked":"PiercingWail","floor":18.0},{"not_picked":["Prepared","Slice+1"],"picked":"Blur","floor":22.0},{"not_picked":["Doppelganger","Poisoned Stab"],"picked":"Predator+1","floor":24.0},{"not_picked":["Deflect+1","PiercingWail+1"],"picked":"Catalyst+1","floor":28.0},{"not_picked":["Calculated Gamble+1","Endless Agony"],"picked":"After Image","floor":29.0},{"not_picked":["All Out Attack","Underhanded Strike","Outmaneuver+1"],"picked":"SKIP","floor":30.0},{"not_picked":["Blade Dance+1","Underhanded Strike"],"picked":"Noxious Fumes","floor":31.0},{"not_picked":["Tools of the Trade","Unload"],"picked":"Night Terror+1","floor":33.0},{"not_picked":["Tactician+1","Riddle With Holes"],"picked":"Footwork","floor":34.0},{"not_picked":["Accuracy","Distraction+1"],"picked":"Poisoned Stab","floor":34.0},{"not_picked":["Quick Slash","Masterful Stab"],"picked":"Cloak And Dagger+1","floor":34.0},{"not_picked":["Dodge and Roll+1","Predator"],"picked":"Noxious Fumes","floor":35.0},{"not_picked":["Quick Slash+1","Prepared+1"],"picked":"Acrobatics+1","floor":37.0},{"not_picked":["Backstab","Blade Dance+1","Masterful Stab+1"],"picked":"SKIP","floor":39.0},{"not_picked":["Backstab","Blade Dance+1","Masterful Stab+1"],"picked":"SKIP","floor":39.0},{"not_picked":["Expertise+1","Flechettes"],"picked":"Blur+1","floor":40.0},{"not_picked":["Venomology+1","Skewer+1"],"picked":"Crippling Poison+1","floor":41.0},{"not_picked":["Unload","PiercingWail+1"],"picked":"Acrobatics+1","floor":42.0}],"player_experience":2011433,"relics_obtained":[{"floor":9.0,"key":"Bottled Lightning"},{"floor":10.0,"key":"Whetstone"},{"floor":12.0,"key":"Centennial Puzzle"},{"floor":14.0,"key":"StoneCalendar"},{"floor":19.0,"key":"Mummified Hand"},{"floor":26.0,"key":"Toxic Egg 2"},{"floor":29.0,"key":"Calipers"},{"floor":31.0,"key":"Art of War"},{"floor":40.0,"key":"Bottled Tornado"},{"floor":41.0,"key":"Gambling Chip"},{"floor":42.0,"key":"Pantograph"}],"event_choices":[{"damage_healed":0.0,"max_hp_gain":0.0,"max_hp_loss":0.0,"gold_gain":0.0,"event_name":"The Cleric","player_choice":"Leave","floor":2.0,"gold_loss":0.0,"damage_taken":0.0},{"damage_healed":0.0,"max_hp_gain":0.0,"max_hp_loss":0.0,"gold_gain":0.0,"event_name":"Scrap Ooze","player_choice":"Success","floor":4.0,"gold_loss":0.0,"damage_taken":45.0,"relics_obtained":["Snake Skull"]},{"damage_healed":0.0,"max_hp_gain":0.0,"max_hp_loss":0.0,"gold_gain":0.0,"event_name":"Shining Light","player_choice":"Ignored","floor":5.0,"gold_loss":0.0,"damage_taken":0.0},{"damage_healed":0.0,"max_hp_gain":0.0,"max_hp_loss":0.0,"gold_gain":0.0,"event_name":"Upgrade Shrine","player_choice":"Upgraded","floor":8.0,"gold_loss":0.0,"damage_taken":0.0,"cards_upgraded":["Terror"]},{"damage_healed":0.0,"max_hp_gain":0.0,"max_hp_loss":0.0,"gold_gain":50.0,"event_name":"FaceTrader","player_choice":"Touch","floor":20.0,"gold_loss":0.0,"damage_taken":6.0},{"damage_healed":0.0,"max_hp_gain":0.0,"max_hp_loss":0.0,"gold_gain":0.0,"event_name":"Mysterious Sphere","player_choice":"Ignored","floor":36.0,"gold_loss":0.0,"damage_taken":0.0},{"damage_healed":0.0,"max_hp_gain":0.0,"max_hp_loss":0.0,"gold_gain":0.0,"event_name":"MindBloom","player_choice":"Fight","floor":41.0,"gold_loss":0.0,"damage_taken":0.0}],"is_beta":false,"boss_relics":[{"not_picked":["Fusion Hammer","Tiny House"],"picked":"Sozu"},{"not_picked":["HoveringKite","Eternal Feather"],"picked":"Orrery"}],"items_purged_floors":[21],"is_endless":false,"potions_floor_spawned":[1,11,16,22,28,31,33,35,39,42],"killed_by":"Reptomancer","ascension_level":20}