{"path_per_floor":["M","M","M","?","M","R","E","R","T","R","E","$","R","$","R","B",null,"M","?","$","M","M","R","E","M","T","R","T","R","M","?","R","B",null,"M","M","?","M","M","E","R"],"character_chosen":"DEFECT","items_purchased":["Defragment"],"gold_per_floor":[110,125,142,142,156,156,191,191,191,191,222,76,76,76,76,177,177,197,197,97,108,118,118,147,162,162,162,192,192,206,206,206,309,309,322,340,340,360,374,406,406,406],"floor_reached":42,"campfire_rested":4,"playtime":3650,"item_purchase_floors":[12],"current_hp_per_floor":[74,67,67,60,43,43,34,34,34,34,14,14,14,14,36,29,75,55,55,55,57,26,48,41,40,40,40,40,65,60,60,60,19,85,74,71,71,48,48,32,72,0],"items_purged":["Defend_B","Strike_B"],"gold":406,"score":479,"play_id":"a56415a0-08c0-4812-9702-cd39b0e4a3ac","local_time":"20180612131730","is_prod":false,"is_daily":false,"chose_seed":false,"is_ascension_mode":true,"campfire_upgraded":6,"win_rate":0.0,"timestamp":1528780650,"campfire_choices":[{"data":"Static Discharge","floor":6,"key":"SMITH"},{"data":"Sweeping Beam","floor":8,"key":"SMITH"},{"data":"Double Energy","floor":10,"key":"SMITH"},{"data":"Defragment","floor":13,"key":"SMITH"},{"floor":15,"key":"REST"},{"floor":23,"key":"REST"},{"data":"Multi-Cast","floor":27,"key":"SMITH"},{"floor":29,"key":"REST"},{"data":"Dualcast","floor":32,"key":"SMITH"},{"floor":41,"key":"REST"}],"path_taken":["M","M","M","?","M","R","E","R","T","R","E","?","R","$","R","BOSS","M","?","$","M","M","R","E","M","T","R","?","R","M","?","R","BOSS","M","M","?","?","M","E","R","E"],"build_version":"2018-06-07v3","seed_source_timestamp":87979171075937,"purchased_purges":2,"victory":false,"master_deck":["Strike_B","Strike_B","Defend_B","Defend_B","Defend_B","Zap+1","Dualcast+1","Static Discharge+1","Double Energy+1","Sweeping Beam+1","FTL","Glacier","Defragment+1","Amplify","Capacitor+1","Doom and Gloom+1","Cold Snap","Multi-Cast+1","Barrage+1","Reboot","Reinforced Body","White Noise","Aggregate","Conserve Battery+1"],"max_hp_per_floor":[75,75,75,75,75,75,75,75,75,75,75,75,75,75,75,75,75,75,75,75,75,75,75,85,85,85,85,85,85,85,85,85,85,85,85,85,85,85,85,85,85,85],"relics":["Cracked Core","Toolbox","Bottled Lightning","Kunai","Black Star","Pear","Mercury Hourglass","Calipers","Tiny Chest","Runic Pyramid","Regal Pillow","Ancient Tea Set"],"card_choices":[{"not_picked":["Consume","Chaos"],"picked":"Static Discharge","floor":1},{"not_picked":["Barrage","Streamline"],"picked":"Double Energy","floor":2},{"not_picked":["Redo","Force Field"],"picked":"Sweeping Beam","floor":3},{"not_picked":["Beam Cell","Glacier"],"picked":"FTL","floor":5},{"not_picked":["Loop","Steam Power"],"picked":"Glacier","floor":7},{"not_picked":["Consume","Steam Power","Aggregate"],"picked":"SKIP","floor":11},{"not_picked":["Reboot","Rainbow"],"picked":"Amplify","floor":16},{"not_picked":["Hello World","Cold Snap"],"picked":"Capacitor+1","floor":18},{"not_picked":["Fusion+1","Stack+1"],"picked":"Doom and Gloom+1","floor":21},{"not_picked":["Leap","Fusion"],"picked":"Cold Snap","floor":22},{"not_picked":["Hologram","Compile Driver","Streamline"],"picked":"SKIP","floor":24},{"not_picked":["Capacitor+1","Steam Power"],"picked":"Multi-Cast","floor":25},{"not_picked":["Ball Lightning","Streamline"],"picked":"Barrage+1","floor":30},{"not_picked":["Multi-Cast","Amplify"],"picked":"Reboot","floor":33},{"not_picked":["Darkness","Ball Lightning+1"],"picked":"Reinforced Body","floor":35},{"not_picked":["Stack","Capacitor+1","Hologram"],"picked":"SKIP","floor":36},{"not_picked":["Steam+1","Beam Cell"],"picked":"White Noise","floor":38},{"not_picked":["Double Energy","Skim+1"],"picked":"Aggregate","floor":39},{"not_picked":["Stack+1","Auto Shields"],"picked":"Conserve Battery+1","floor":40}],"player_experience":226246,"potions_floor_usage":[21],"damage_taken":[{"damage":1,"enemies":"Jaw Worm","floor":1,"turns":2},{"damage":7,"enemies":"Small Slimes","floor":2,"turns":2},{"damage":0,"enemies":"Cultist","floor":3,"turns":3},{"damage":17,"enemies":"Exordium Thugs","floor":5,"turns":4},{"damage":9,"enemies":"3 Sentries","floor":7,"turns":5},{"damage":20,"enemies":"Gremlin Nob","floor":11,"turns":4},{"damage":7,"enemies":"The Guardian","floor":16,"turns":11},{"damage":20,"enemies":"2 Thieves","floor":18,"turns":4},{"damage":13,"enemies":"Shell Parasite","floor":21,"turns":8},{"damage":31,"enemies":"Cultist and Chosen","floor":22,"turns":4},{"damage":17,"enemies":"Gremlin Leader","floor":24,"turns":9},{"damage":1,"enemies":"Snecko","floor":25,"turns":5},{"damage":5,"enemies":"Sentry and Sphere","floor":30,"turns":3},{"damage":41,"enemies":"Collector","floor":33,"turns":9},{"damage":11,"enemies":"3 Shapes","floor":35,"turns":4},{"damage":3,"enemies":"Orb Walker","floor":36,"turns":3},{"damage":23,"enemies":"4 Shapes","floor":38,"turns":3},{"damage":0,"enemies":"Maw","floor":39,"turns":8},{"damage":16,"enemies":"Nemesis","floor":40,"turns":7},{"damage":75,"enemies":"Giant Head","floor":42,"turns":11}],"relics_obtained":[{"floor":7,"key":"Toolbox"},{"floor":9,"key":"Bottled Lightning"},{"floor":11,"key":"Kunai"},{"floor":24,"key":"Pear"},{"floor":24,"key":"Mercury Hourglass"},{"floor":26,"key":"Calipers"},{"floor":28,"key":"Tiny Chest"},{"floor":40,"key":"Regal Pillow"},{"floor":40,"key":"Ancient Tea Set"}],"event_choices":[{"event_name":"Golden Wing","player_choice":"Card Removal","floor":4,"damage_taken":0},{"event_name":"Ghosts","player_choice":"Ignored","floor":19,"damage_taken":0},{"event_name":"Drug Dealer","player_choice":"Ignored","floor":31,"damage_taken":0},{"event_name":"Mysterious Sphere","player_choice":"Ignore","floor":37,"damage_taken":0}],"boss_relics":[{"not_picked":["Tiny House","Philosopher\u0027s Stone"],"picked":"Black Star"},{"not_picked":["Astrolabe","Lizard Tail"],"picked":"Runic Pyramid"}],"items_purged_floors":[12,20],"potions_floor_spawned":[1,3,16,18,22,30,33,35,39],"seed_played":"4306332298761418905","killed_by":"Giant Head","ascension_level":1,"potions_obtained":[{"floor":1,"key":"SneckoOil"},{"floor":3,"key":"Regen Potion"},{"floor":16,"key":"GamblersBrew"},{"floor":18,"key":"SkillPotion"},{"floor":22,"key":"Strength Potion"},{"floor":30,"key":"Ancient Potion"}],"is_trial":false}