{"gold_per_floor":[211,261,277,288,248,248,274,294,318,329,42,42,69,83,83,83],"floor_reached":16,"playtime":507,"items_purged":["Strike_R"],"score":224,"play_id":"863d15db-8159-499f-98d8-5b02c2da4c00","local_time":"20190731191619","is_ascension_mode":true,"campfire_choices":[{"data":"Bash","floor":6,"key":"SMITH"},{"floor":12,"key":"REST"},{"data":"Flame Barrier","floor":15,"key":"SMITH"}],"neow_cost":"NONE","seed_source_timestamp":36190017755638,"circlet_count":0,"master_deck":["AscendersBane","Strike_R","Strike_R","Strike_R","Strike_R","Defend_R","Defend_R","Defend_R","Defend_R","Bash+1","Thunderclap","Wild Strike","Flame Barrier+1","Carnage","Shrug It Off","Pommel Strike","Sword Boomerang","Pommel Strike"],"relics":["Burning Blood","PreservedInsect","Potion Belt","Sling","Dream Catcher"],"potions_floor_usage":[16,16,16,16,16],"damage_taken":[{"damage":12,"enemies":"Small Slimes","floor":1,"turns":3},{"damage":6,"enemies":"Cultist","floor":3,"turns":3},{"damage":4,"enemies":"2 Louse","floor":4,"turns":4},{"damage":43,"enemies":"Lagavulin","floor":7,"turns":6},{"damage":20,"enemies":"Red Slaver","floor":8,"turns":5},{"damage":0,"enemies":"Exordium Wildlife","floor":10,"turns":3},{"damage":8,"enemies":"Gremlin Nob","floor":13,"turns":3},{"damage":11,"enemies":"Exordium Thugs","floor":14,"turns":4},{"damage":38,"enemies":"Hexaghost","floor":16,"turns":9}],"seed_played":"5194119151857992265","potions_obtained":[{"floor":4,"key":"EssenceOfSteel"},{"floor":5,"key":"EntropicBrew"},{"floor":5,"key":"SteroidPotion"},{"floor":14,"key":"FearPotion"}],"is_trial":false,"path_per_floor":["M","?","M","M","?","R","E","M","T","M","$","R","E","M","R","B"],"character_chosen":"IRONCLAD","items_purchased":["Sling"],"campfire_rested":1,"item_purchase_floors":[11],"current_hp_per_floor":[62,62,62,64,64,64,27,13,13,19,19,41,39,34,34,0],"gold":83,"neow_bonus":"HUNDRED_GOLD","is_prod":false,"is_daily":false,"chose_seed":false,"campfire_upgraded":2,"win_rate":0,"timestamp":1564593379,"path_taken":["M","?","?","M","?","R","E","M","T","?","$","R","E","M","R","BOSS"],"build_version":"2019-07-17","purchased_purges":1,"victory":false,"max_hp_per_floor":[75,75,75,75,75,75,75,75,75,75,75,75,75,75,75,75],"card_choices":[{"not_picked":["Clash","Havoc"],"picked":"Thunderclap","floor":1},{"not_picked":["Flex","Body Slam"],"picked":"Wild Strike","floor":3},{"not_picked":["Evolve","Twin Strike"],"picked":"Flame Barrier","floor":4},{"not_picked":["Cleave","Wild Strike"],"picked":"Carnage","floor":7},{"not_picked":["Sword Boomerang","Flame Barrier"],"picked":"Shrug It Off","floor":8},{"not_picked":["True Grit","Bloodletting"],"picked":"Pommel Strike","floor":10},{"not_picked":["Rupture","Pummel"],"picked":"Sword Boomerang","floor":13},{"not_picked":["Flex","Body Slam"],"picked":"Pommel Strike","floor":14}],"player_experience":1866857,"relics_obtained":[{"floor":7,"key":"PreservedInsect"},{"floor":9,"key":"Potion Belt"},{"floor":13,"key":"Dream Catcher"}],"event_choices":[{"damage_healed":0,"gold_gain":50,"player_choice":"Pray","damage_taken":0,"max_hp_gain":0,"max_hp_loss":0,"event_name":"Golden Shrine","floor":2,"gold_loss":0},{"damage_healed":0,"gold_gain":0,"player_choice":"Bought 3 Potions","damage_taken":0,"max_hp_gain":0,"max_hp_loss":0,"event_name":"The Woman in Blue","floor":5,"gold_loss":0}],"is_beta":false,"boss_relics":[],"items_purged_floors":[11],"is_endless":false,"potions_floor_spawned":[4,8,14],"killed_by":"Hexaghost","ascension_level":20}