{"gold_per_floor":[118,130,130,141,40,68,68,101,154,167,77,105,124,139,139,239,239,254,116,116,31,31,31,62,62,62,76,88,88,118,118],"floor_reached":31,"playtime":1780,"items_purged":["Strike_B","Strike_B"],"score":425,"play_id":"809a09a1-f704-412d-99ce-556834d09b91","local_time":"20190415123204","is_ascension_mode":true,"campfire_choices":[{"data":"Zap","floor":7,"key":"SMITH"},{"floor":15,"key":"REST"},{"data":"Creative AI","floor":23,"key":"SMITH"},{"data":"Defragment","floor":25,"key":"SMITH"},{"data":"Buffer","floor":29,"key":"SMITH"}],"neow_cost":"NONE","seed_source_timestamp":130330419145639,"circlet_count":0,"master_deck":["Strike_B","Strike_B","Defend_B","Defend_B","Defend_B","Defend_B","Zap+1","Dualcast","Conserve Battery","Auto Shields","Sweeping Beam","Cold Snap","Loop","Reboot","Ball Lightning","Defragment+1","Heatsinks","Buffer+1","Beam Cell","Go for the Eyes","Creative AI+1","Steam","Sunder","Heatsinks","Self Repair+1","Leap"],"relics":["Cracked Core","The Courier","Centennial Puzzle","Art of War","Blood Vial","Black Star","Pen Nib","Sundial","Gremlin Horn","Bag of Marbles","Calipers","Juzu Bracelet"],"potions_floor_usage":[6,6,12,14,24,24,24],"damage_taken":[{"damage":7,"enemies":"Jaw Worm","floor":1,"turns":4},{"damage":0,"enemies":"Cultist","floor":2,"turns":3},{"damage":0,"enemies":"2 Louse","floor":4,"turns":2},{"damage":13,"enemies":"3 Sentries","floor":6,"turns":7},{"damage":32,"enemies":"Lagavulin","floor":8,"turns":9},{"damage":16,"enemies":"Large Slime","floor":10,"turns":3},{"damage":18,"enemies":"Gremlin Nob","floor":12,"turns":4},{"damage":1,"enemies":"3 Louse","floor":13,"turns":3},{"damage":2,"enemies":"2 Fungi Beasts","floor":14,"turns":3},{"damage":37,"enemies":"Slime Boss","floor":16,"turns":13},{"damage":4,"enemies":"3 Byrds","floor":18,"turns":4},{"damage":12,"enemies":"Book of Stabbing","floor":24,"turns":5},{"damage":11,"enemies":"Spheric Guardian","floor":27,"turns":4},{"damage":27,"enemies":"Centurion and Healer","floor":28,"turns":7},{"damage":43,"enemies":"Slavers","floor":30,"turns":5},{"damage":5,"enemies":"Snake Plant","floor":31,"turns":1}],"seed_played":"7892499926567072187","potions_obtained":[{"floor":2,"key":"LiquidBronze"},{"floor":3,"key":"Regen Potion"},{"floor":3,"key":"Fruit Juice"},{"floor":10,"key":"Poison Potion"},{"floor":16,"key":"PowerPotion"},{"floor":18,"key":"LiquidBronze"}],"is_trial":false,"path_per_floor":["M","M","?","M","$","E","R","E","T","M","$","E","M","M","R","B",null,"M","$","?","?","?","R","E","R","T","M","M","R","E","M"],"character_chosen":"DEFECT","items_purchased":["Cold Snap","Loop","Heatsinks","Regen Potion"],"campfire_rested":1,"item_purchase_floors":[5,5,11,19],"current_hp_per_floor":[68,68,68,68,68,75,75,43,43,27,27,9,10,10,36,1,66,64,64,64,64,64,64,68,68,68,59,44,44,3,0],"gold":118,"neow_bonus":"TEN_PERCENT_HP_BONUS","is_prod":false,"is_daily":false,"chose_seed":false,"campfire_upgraded":4,"win_rate":0,"timestamp":1555356724,"path_taken":["M","M","?","M","$","E","R","E","T","?","$","E","M","M","R","BOSS","M","$","?","?","?","R","E","R","T","M","M","R","E","M"],"build_version":"2019-01-23","purchased_purges":2,"victory":false,"max_hp_per_floor":[82,82,82,82,82,87,87,87,87,87,87,87,87,87,87,87,87,87,87,87,87,87,87,87,87,87,87,87,87,87,87],"card_choices":[{"not_picked":["Streamline","Leap"],"picked":"Conserve Battery","floor":1},{"not_picked":["Cold Snap","Barrage"],"picked":"Auto Shields","floor":2},{"not_picked":["Melter","Hologram"],"picked":"Sweeping Beam","floor":4},{"not_picked":["Hologram","Barrage"],"picked":"Reboot","floor":6},{"not_picked":["Gash","Consume"],"picked":"Ball Lightning","floor":8},{"not_picked":["Conserve Battery","Leap"],"picked":"Defragment","floor":10},{"not_picked":["Ball Lightning","Turbo"],"picked":"Buffer","floor":12},{"not_picked":["Compile Driver","Genetic Algorithm"],"picked":"Beam Cell","floor":13},{"not_picked":["Blizzard","Fusion"],"picked":"Go for the Eyes","floor":14},{"not_picked":["Seek","Multi-Cast"],"picked":"Creative AI","floor":16},{"not_picked":["Rebound","Streamline"],"picked":"Steam","floor":18},{"not_picked":["Cold Snap","Turbo"],"picked":"Heatsinks","floor":24},{"not_picked":["Stack+1","Hello World"],"picked":"Self Repair+1","floor":27},{"not_picked":["Darkness","Beam Cell"],"picked":"Leap","floor":28},{"not_picked":["Steam Power","Double Energy+1","Scrape+1"],"picked":"SKIP","floor":30}],"player_experience":580357,"relics_obtained":[{"floor":6,"key":"The Courier"},{"floor":8,"key":"Centennial Puzzle"},{"floor":9,"key":"Art of War"},{"floor":12,"key":"Blood Vial"},{"floor":24,"key":"Sundial"},{"floor":24,"key":"Gremlin Horn"},{"floor":26,"key":"Bag of Marbles"},{"floor":30,"key":"Calipers"},{"floor":30,"key":"Juzu Bracelet"}],"event_choices":[{"damage_healed":0,"gold_gain":0,"player_choice":"Got Potions","damage_taken":0,"max_hp_gain":0,"max_hp_loss":0,"event_name":"Lab","floor":3,"gold_loss":0},{"damage_healed":0,"gold_gain":0,"player_choice":"Read","damage_taken":0,"max_hp_gain":0,"max_hp_loss":0,"event_name":"The Library","floor":20,"gold_loss":0,"cards_obtained":["Sunder"]},{"damage_healed":0,"gold_gain":0,"player_choice":"Obtained Relic","damage_taken":0,"relics_obtained":["Pen Nib"],"max_hp_gain":0,"max_hp_loss":0,"event_name":"Addict","floor":21,"gold_loss":85},{"damage_healed":0,"gold_gain":0,"player_choice":"Ignored","damage_taken":0,"max_hp_gain":0,"max_hp_loss":0,"event_name":"Vampires","floor":22,"gold_loss":0}],"is_beta":false,"boss_relics":[{"not_picked":["Runic Dome","White Beast Statue"],"picked":"Black Star"}],"items_purged_floors":[11,19],"is_endless":false,"potions_floor_spawned":[2,10,16,18],"killed_by":"Snake Plant","ascension_level":9}