{"gold_per_floor":[115,115,128,141,29,57,57,84,84,84,100,116,116,146,146,251,251,267,252,88,88,105,130,130,130,180,205,215,215],"floor_reached":29,"playtime":2056,"items_purged":["Strike_B"],"score":437,"play_id":"643e9d49-389a-401f-9763-db5cef361945","local_time":"20190603064054","is_ascension_mode":true,"campfire_choices":[{"data":"Zap","floor":7,"key":"SMITH"},{"data":"Dualcast","floor":10,"key":"SMITH"},{"data":"Lockon","floor":15,"key":"SMITH"},{"data":"Seek","floor":24,"key":"SMITH"}],"neow_cost":"NONE","seed_source_timestamp":1046869599419037,"circlet_count":0,"master_deck":["AscendersBane","Strike_B","Strike_B","Strike_B","Defend_B","Defend_B","Defend_B","Defend_B","Zap+1","Dualcast+1","Rip and Tear","Sweeping Beam","Steam","Auto Shields","Loop","Lockon+1","Reinforced Body","Genetic Algorithm","Seek+1","Conserve Battery","White Noise","Storm","Conserve Battery","Leap+1","Multi-Cast","Defragment+1"],"relics":["Cracked Core","Vajra","Mummified Hand","Oddly Smooth Stone","Symbiotic Virus","Snecko Eye","Incense Burner","Letter Opener","Lantern","Darkstone Periapt"],"potions_floor_usage":[8,12,22],"damage_taken":[{"damage":1,"enemies":"Cultist","floor":1,"turns":3},{"damage":2,"enemies":"Jaw Worm","floor":3,"turns":3},{"damage":2,"enemies":"2 Louse","floor":4,"turns":2},{"damage":19,"enemies":"3 Sentries","floor":6,"turns":7},{"damage":7,"enemies":"Gremlin Nob","floor":8,"turns":3},{"damage":0,"enemies":"2 Fungi Beasts","floor":11,"turns":3},{"damage":4,"enemies":"Exordium Thugs","floor":12,"turns":3},{"damage":19,"enemies":"Slime Boss","floor":16,"turns":8},{"damage":8,"enemies":"Shell Parasite","floor":18,"turns":4},{"damage":9,"enemies":"2 Thieves","floor":19,"turns":4},{"damage":0,"enemies":"Cultist and Chosen","floor":22,"turns":4},{"damage":24,"enemies":"Gremlin Leader","floor":23,"turns":6},{"damage":50,"enemies":"Slavers","floor":27,"turns":7},{"damage":3,"enemies":"Sentry and Sphere","floor":28,"turns":5},{"damage":15,"enemies":"Snake Plant","floor":29,"turns":2}],"seed_played":"-1548876151542371924","potions_obtained":[{"floor":1,"key":"Ancient Potion"},{"floor":4,"key":"FearPotion"},{"floor":12,"key":"Energy Potion"},{"floor":27,"key":"SpeedPotion"}],"is_trial":false,"path_per_floor":["M","?","M","M","$","E","R","E","T","R","M","M","?","?","R","B",null,"M","M","$","?","M","E","R","T","T","E","M","M"],"character_chosen":"DEFECT","items_purchased":["Auto Shields","Loop","Storm","Conserve Battery"],"campfire_rested":0,"item_purchase_floors":[5,5,20,20],"current_hp_per_floor":[74,82,80,78,78,59,59,52,52,52,52,48,53,53,53,34,74,66,57,57,86,86,62,62,62,62,12,9,0],"gold":215,"neow_bonus":"TEN_PERCENT_HP_BONUS","is_prod":false,"is_daily":false,"chose_seed":false,"campfire_upgraded":4,"win_rate":0,"timestamp":1559569254,"path_taken":["M","?","M","?","$","E","R","E","T","R","?","M","?","?","R","BOSS","M","M","$","?","M","E","R","?","T","E","M","?"],"build_version":"2019-01-23","purchased_purges":1,"victory":false,"max_hp_per_floor":[82,82,82,82,82,82,82,82,82,82,82,82,87,87,87,87,87,87,87,87,87,87,87,87,87,87,87,87,87],"card_choices":[{"not_picked":["Melter","Steam"],"picked":"Rip and Tear","floor":1},{"not_picked":["Hologram","Rebound"],"picked":"Sweeping Beam","floor":3},{"not_picked":["Aggregate","BootSequence"],"picked":"Steam","floor":4},{"not_picked":["Double Energy","Sweeping Beam","Rebound"],"picked":"SKIP","floor":6},{"not_picked":["Rebound","Aggregate"],"picked":"Lockon","floor":8},{"not_picked":["Recycle","Conserve Battery"],"picked":"Reinforced Body","floor":11},{"not_picked":["Leap","Doom and Gloom"],"picked":"Genetic Algorithm","floor":12},{"not_picked":["Thunder Strike","Hyperbeam"],"picked":"Seek","floor":16},{"not_picked":["Barrage","Hologram+1"],"picked":"Conserve Battery","floor":18},{"not_picked":["Gash+1","Lockon"],"picked":"White Noise","floor":19},{"not_picked":["Static Discharge","Hologram"],"picked":"Leap+1","floor":22},{"not_picked":["Go for the Eyes","Beam Cell"],"picked":"Multi-Cast","floor":23},{"not_picked":["Conserve Battery","Undo","Steam"],"picked":"SKIP","floor":27},{"not_picked":["Go for the Eyes","Beam Cell+1"],"picked":"Defragment+1","floor":28}],"player_experience":618642,"relics_obtained":[{"floor":6,"key":"Vajra"},{"floor":8,"key":"Mummified Hand"},{"floor":9,"key":"Oddly Smooth Stone"},{"floor":23,"key":"Incense Burner"},{"floor":25,"key":"Letter Opener"},{"floor":26,"key":"Lantern"},{"floor":27,"key":"Darkstone Periapt"}],"event_choices":[{"damage_healed":8,"gold_gain":0,"player_choice":"Full Heal","damage_taken":0,"max_hp_gain":0,"max_hp_loss":0,"event_name":"Wheel of Change","floor":2,"gold_loss":0},{"damage_healed":0,"gold_gain":0,"player_choice":"Donut","damage_taken":0,"max_hp_gain":5,"max_hp_loss":0,"event_name":"Big Fish","floor":13,"gold_loss":0},{"damage_healed":0,"gold_gain":30,"player_choice":"Searched \u00273\u0027 times","damage_taken":0,"relics_obtained":["Symbiotic Virus"],"max_hp_gain":0,"max_hp_loss":0,"event_name":"Dead Adventurer","floor":14,"gold_loss":0},{"damage_healed":29,"gold_gain":0,"player_choice":"Heal","damage_taken":0,"max_hp_gain":0,"max_hp_loss":0,"event_name":"The Library","floor":21,"gold_loss":0}],"is_beta":false,"boss_relics":[{"not_picked":["Fusion Hammer","Runic Pyramid"],"picked":"Snecko Eye"}],"items_purged_floors":[20],"is_endless":false,"potions_floor_spawned":[1,4,12,27],"killed_by":"Snake Plant","ascension_level":12}