{"gold_per_floor":[111,121,135,146,34,34,63,28,28,28,39,67,67,87,87,87],"floor_reached":16,"playtime":2173,"items_purged":["Strike_R"],"score":263,"play_id":"09b94c3e-d3cf-418a-bca3-f47cbc15a38e","local_time":"20181215153505","is_ascension_mode":true,"campfire_choices":[{"data":"Body Slam","floor":6.0,"key":"SMITH"},{"data":"Corruption","floor":10.0,"key":"SMITH"},{"data":"Flame Barrier","floor":15.0,"key":"SMITH"}],"neow_cost":"NONE","seed_source_timestamp":0,"circlet_count":0,"master_deck":["AscendersBane","Strike_R","Strike_R","Strike_R","Strike_R","Defend_R+1","Defend_R","Defend_R","Defend_R+1","Bash","Body Slam+1","Flame Barrier+1","Corruption+1","Whirlwind","Spot Weakness","Shrug It Off","Second Wind"],"special_seed":0,"relics":["Burning Blood","NeowsBlessing","Omamori","War Paint","Bottled Flame","Odd Mushroom"],"potions_floor_usage":[],"damage_taken":[{"damage":0.0,"enemies":"Cultist","floor":1.0,"turns":1.0},{"damage":0.0,"enemies":"Jaw Worm","floor":2.0,"turns":1.0},{"damage":0.0,"enemies":"2 Louse","floor":3.0,"turns":2.0},{"damage":18.0,"enemies":"2 Fungi Beasts","floor":4.0,"turns":5.0},{"damage":40.0,"enemies":"3 Sentries","floor":7.0,"turns":8.0},{"damage":11.0,"enemies":"Looter","floor":11.0,"turns":4.0},{"damage":0.0,"enemies":"Gremlin Nob","floor":12.0,"turns":3.0},{"damage":18.0,"enemies":"The Mushroom Lair","floor":14.0,"turns":4.0},{"damage":20,"enemies":"The Guardian","floor":16,"turns":3}],"seed_played":"730981695112966078","potions_obtained":[{"floor":2.0,"key":"Energy Potion"},{"floor":3.0,"key":"FearPotion"},{"floor":7.0,"key":"AttackPotion"},{"floor":12.0,"key":"FearPotion"}],"is_trial":false,"path_per_floor":["M","M","M","M","$","R","E","?","T","R","M","E","?","?","R","B"],"character_chosen":"IRONCLAD","items_purchased":["Whirlwind"],"campfire_rested":0,"item_purchase_floors":[5],"current_hp_per_floor":[74,75,75,63,63,63,29,47,47,47,42,48,53,41,41,21],"gold":87,"neow_bonus":"THREE_ENEMY_KILL","is_prod":false,"is_daily":false,"chose_seed":false,"campfire_upgraded":3,"win_rate":0,"timestamp":1544884505,"path_taken":["M","?","M","M","$","R","E","?","T","R","M","E","?","?","R","BOSS"],"build_version":"2018-12-13","purchased_purges":1,"victory":false,"max_hp_per_floor":[75,75,75,75,75,75,75,75,75,75,75,75,80,80,80,80],"card_choices":[{"not_picked":["Thunderclap","Ghostly Armor"],"picked":"Body Slam","floor":1.0},{"not_picked":["Rupture","Iron Wave"],"picked":"Flame Barrier","floor":2.0},{"not_picked":["Searing Blow","Blood for Blood"],"picked":"Corruption","floor":3.0},{"not_picked":["Sword Boomerang","Rage","Thunderclap"],"picked":"SKIP","floor":4.0},{"not_picked":["Hemokinesis","True Grit"],"picked":"Spot Weakness","floor":7.0},{"not_picked":["Heavy Blade","True Grit"],"picked":"Shrug It Off","floor":11.0},{"not_picked":["Clothesline","Iron Wave"],"picked":"Second Wind","floor":12.0}],"player_experience":1022874,"relics_obtained":[{"floor":7.0,"key":"Omamori"},{"floor":9.0,"key":"War Paint"},{"floor":12.0,"key":"Bottled Flame"},{"floor":14.0,"key":"Odd Mushroom"}],"event_choices":[{"damage_healed":18.0,"max_hp_gain":0.0,"max_hp_loss":0.0,"gold_gain":0.0,"event_name":"The Cleric","player_choice":"Healed","floor":8.0,"gold_loss":35.0,"damage_taken":0.0},{"damage_healed":0.0,"max_hp_gain":5.0,"max_hp_loss":0.0,"gold_gain":0.0,"event_name":"Big Fish","player_choice":"Donut","floor":13.0,"gold_loss":0.0,"damage_taken":0.0},{"damage_healed":0.0,"max_hp_gain":0.0,"max_hp_loss":0.0,"gold_gain":0.0,"event_name":"Mushrooms","player_choice":"Fought Mushrooms","floor":14.0,"gold_loss":0.0,"damage_taken":0.0}],"is_beta":true,"boss_relics":[],"items_purged_floors":[5],"is_endless":false,"potions_floor_spawned":[2,3,7,11,12],"killed_by":"The Guardian","ascension_level":19}