{"gold_per_floor":[110,12,25,45,45,45,59,59,111,146,146,159,79,90,90,166,166,176,176],"floor_reached":19,"playtime":1182,"items_purged":["Regret"],"score":372,"play_id":"63615e18-ed69-4793-9011-7a10f64b3fce","local_time":"20180927215448","is_ascension_mode":true,"campfire_choices":[{"data":"Buffer","floor":6,"key":"SMITH"},{"data":"Hyperbeam","floor":8,"key":"SMITH"},{"floor":11,"key":"REST"},{"data":"Double Energy","floor":15,"key":"SMITH"}],"neow_cost":"CURSE","seed_source_timestamp":22771435601326,"circlet_count":0,"master_deck":["Strike_B","Strike_B","Strike_B","Strike_B","Defend_B","Defend_B","Defend_B","Defend_B","Zap","Dualcast","AscendersBane","Buffer+1","Double Energy+1","Gash","Steam","Beam Cell","Hyperbeam+1","Turbo","Hologram","Sunder","Electrodynamics","Creative AI","Decay","Decay","Writhe","Steam Power"],"relics":["Cracked Core","Pen Nib","Anchor","Centennial Puzzle","Calling Bell","Boot","Gremlin Horn","Prayer Wheel"],"potions_floor_usage":[18,19],"damage_taken":[{"damage":4,"enemies":"Jaw Worm","floor":1,"turns":3},{"damage":6,"enemies":"Cultist","floor":3,"turns":3},{"damage":12,"enemies":"2 Louse","floor":4,"turns":3},{"damage":10,"enemies":"Gremlin Gang","floor":7,"turns":5},{"damage":15,"enemies":"Gremlin Nob","floor":10,"turns":5},{"damage":0,"enemies":"3 Louse","floor":12,"turns":3},{"damage":3,"enemies":"Exordium Thugs","floor":14,"turns":3},{"damage":0,"enemies":"Slime Boss","floor":16,"turns":8},{"damage":14,"enemies":"Chosen","floor":18,"turns":4},{"damage":48,"enemies":"Shell Parasite","floor":19,"turns":8}],"seed_played":"-3401558604226038006","potions_obtained":[{"floor":4,"key":"GamblersBrew"},{"floor":10,"key":"Swift Potion"},{"floor":12,"key":"Energy Potion"}],"is_trial":false,"path_per_floor":["M","$","M","M","?","R","M","R","T","E","R","M","$","M","R","B",null,"M"],"character_chosen":"DEFECT","items_purchased":["Gash","Sunder"],"campfire_rested":1,"item_purchase_floors":[2,13],"current_hp_per_floor":[60,60,54,42,42,42,32,32,32,17,38,38,38,35,35,35,62,48,0],"gold":176,"neow_bonus":"THREE_RARE_CARDS","is_prod":false,"is_daily":false,"chose_seed":false,"campfire_upgraded":3,"win_rate":0,"timestamp":1538078088,"path_taken":["M","$","M","M","?","R","M","R","T","E","R","M","$","M","R","BOSS","M","?"],"build_version":"2018-09-26v2","purchased_purges":1,"victory":false,"max_hp_per_floor":[71,71,71,71,71,71,71,71,71,71,71,71,71,71,71,71,71,71,71],"card_choices":[{"not_picked":["All For One","Thunder Strike"],"picked":"Buffer","floor":0},{"not_picked":["Fusion","Compile Driver"],"picked":"Double Energy","floor":1},{"not_picked":["Stack","Conserve Battery"],"picked":"Steam","floor":3},{"not_picked":["Stack","Redo"],"picked":"Beam Cell","floor":4},{"not_picked":["Conserve Battery","Turbo"],"picked":"Hyperbeam","floor":7},{"not_picked":["Sweeping Beam","Conserve Battery"],"picked":"Turbo","floor":10},{"not_picked":["Beam Cell","Sweeping Beam"],"picked":"Hologram","floor":12},{"not_picked":["Sweeping Beam","Rebound"],"picked":"Electrodynamics","floor":14},{"not_picked":["Meteor Strike","Buffer"],"picked":"Creative AI","floor":16},{"not_picked":["Redo","Recycle"],"picked":"Steam Power","floor":18},{"not_picked":["Stack","Hologram","Sweeping Beam"],"picked":"SKIP","floor":18}],"player_experience":530935,"relics_obtained":[{"floor":9,"key":"Anchor"},{"floor":10,"key":"Centennial Puzzle"},{"floor":17,"key":"Boot"},{"floor":17,"key":"Gremlin Horn"},{"floor":17,"key":"Prayer Wheel"}],"event_choices":[{"event_name":"WeMeetAgain","player_choice":"Potion","floor":5,"damage_taken":0}],"is_beta":true,"boss_relics":[{"not_picked":["Tiny House","Velvet Choker"],"picked":"Calling Bell"}],"items_purged_floors":[2],"is_endless":false,"potions_floor_spawned":[4,10,12,14],"killed_by":"Shell Parasite","ascension_level":14}