{"gold_per_floor":[115,115,134,134,150,176,23,51,127,127,107,141,155,168,168,168],"floor_reached":16,"playtime":664,"items_purged":[],"score":240,"play_id":"66cb8c4e-4fcd-411b-9043-7a82a9d553ea","local_time":"20190812120054","is_ascension_mode":true,"campfire_choices":[{"data":"Electrodynamics","floor":10.0,"key":"SMITH"},{"data":"Go for the Eyes","floor":15.0,"key":"SMITH"}],"neow_cost":"NONE","seed_source_timestamp":9005664350815,"circlet_count":0,"master_deck":["AscendersBane","Strike_B","Strike_B","Strike_B","Strike_B","Defend_B","Defend_B","Defend_B","Defend_B","Zap+1","Dualcast","Gash","Gash","Go for the Eyes+1","Echo Form","Electrodynamics+1","Hologram+1","Turbo+1"],"special_seed":0,"relics":["Cracked Core","NeowsBlessing","Thread and Needle","Anchor","Toxic Egg 2","Matryoshka","Art of War"],"potions_floor_usage":[],"damage_taken":[{"damage":0.0,"enemies":"2 Louse","floor":1.0,"turns":1.0},{"damage":0.0,"enemies":"Cultist","floor":3.0,"turns":1.0},{"damage":0.0,"enemies":"Jaw Worm","floor":5.0,"turns":1.0},{"damage":29.0,"enemies":"Gremlin Nob","floor":6.0,"turns":4.0},{"damage":3.0,"enemies":"Lagavulin","floor":8.0,"turns":7.0},{"damage":4.0,"enemies":"Gremlin Nob","floor":12.0,"turns":3.0},{"damage":0.0,"enemies":"Red Slaver","floor":13.0,"turns":2.0},{"damage":0.0,"enemies":"2 Fungi Beasts","floor":14.0,"turns":1.0},{"damage":27,"enemies":"The Guardian","floor":16,"turns":2}],"seed_played":"-6173805239552442667","potions_obtained":[{"floor":3.0,"key":"LiquidBronze"},{"floor":8.0,"key":"AttackPotion"},{"floor":13.0,"key":"Ancient Potion"}],"is_trial":false,"path_per_floor":["M","?","M","?","M","E","$","E","T","R","?","E","M","M","R","B"],"character_chosen":"DEFECT","items_purchased":["Echo Form"],"campfire_rested":0,"item_purchase_floors":[7],"current_hp_per_floor":[64,59,59,59,59,30,30,27,27,27,27,23,23,23,23,0],"gold":168,"neow_bonus":"THREE_ENEMY_KILL","is_prod":false,"is_daily":false,"chose_seed":false,"campfire_upgraded":2,"win_rate":0,"timestamp":1565604054,"path_taken":["M","?","M","?","?","E","$","E","T","R","?","E","M","M","R","BOSS"],"build_version":"2019-07-17","purchased_purges":0,"victory":false,"max_hp_per_floor":[71,71,71,71,71,71,71,71,71,71,71,71,71,71,71,71],"card_choices":[{"not_picked":["Steam","Compile Driver"],"picked":"Gash","floor":1.0},{"not_picked":["Skim","Force Field","Recycle"],"picked":"SKIP","floor":3.0},{"not_picked":["Compile Driver","Leap"],"picked":"Gash","floor":5.0},{"not_picked":["Reprogram","Barrage"],"picked":"Go for the Eyes","floor":6.0},{"not_picked":["Stack","Ball Lightning"],"picked":"Electrodynamics","floor":8.0},{"not_picked":["Streamline","Turbo+1"],"picked":"Hologram+1","floor":12.0},{"not_picked":["Compile Driver","Sweeping Beam"],"picked":"Turbo+1","floor":13.0},{"not_picked":["Meteor Strike","Compile Driver","Double Energy+1"],"picked":"SKIP","floor":14.0}],"player_experience":1904789,"relics_obtained":[{"floor":6.0,"key":"Anchor"},{"floor":8.0,"key":"Toxic Egg 2"},{"floor":9.0,"key":"Matryoshka"},{"floor":12.0,"key":"Art of War"}],"event_choices":[{"damage_healed":0.0,"max_hp_gain":0.0,"max_hp_loss":0.0,"gold_gain":0.0,"event_name":"Scrap Ooze","player_choice":"Success","floor":2.0,"gold_loss":0.0,"damage_taken":5.0,"relics_obtained":["Thread and Needle"]},{"damage_healed":0.0,"max_hp_gain":0.0,"max_hp_loss":0.0,"gold_gain":0.0,"event_name":"Upgrade Shrine","player_choice":"Upgraded","floor":4.0,"gold_loss":0.0,"damage_taken":0.0,"cards_upgraded":["Zap"]},{"damage_healed":0.0,"max_hp_gain":0.0,"max_hp_loss":0.0,"gold_gain":0.0,"event_name":"The Woman in Blue","player_choice":"Bought 1 Potion","floor":11.0,"gold_loss":0.0,"damage_taken":0.0}],"is_beta":false,"boss_relics":[],"items_purged_floors":[],"is_endless":false,"potions_floor_spawned":[3,8,13,14],"killed_by":"The Guardian","ascension_level":20}