{"path_per_floor":["M","?","T","M","?","R","E","M","T","E","?","R","$","M","R","B",null,"M","M","?","?","$","?","R"],"character_chosen":"DEFECT","items_purchased":["Sunder","Flash of Steel","DataDisk"],"gold_per_floor":[119,119,119,135,135,135,161,180,180,215,215,215,44,68,68,199,199,222,243,168,207,63,63,63,63],"floor_reached":25,"campfire_rested":3,"playtime":879,"item_purchase_floors":[13,13,22],"current_hp_per_floor":[68,56,56,56,42,42,31,19,19,5,5,27,27,21,43,28,75,42,42,42,23,23,7,29,0],"items_purged":[],"gold":63,"score":228,"play_id":"394314d9-4ac0-460d-af66-fdf4a977e0f8","local_time":"20180528011425","is_prod":false,"is_daily":false,"chose_seed":false,"is_ascension_mode":true,"campfire_upgraded":1,"win_rate":0,"timestamp":1527462865,"campfire_choices":[{"data":"Zap","floor":6,"key":"SMITH"},{"floor":12,"key":"REST"},{"floor":15,"key":"REST"},{"floor":24,"key":"REST"}],"path_taken":["M","?","?","M","?","R","E","?","T","E","?","R","?","M","R","BOSS","M","M","?","?","$","?","R","E"],"build_version":"2018-05-25","seed_source_timestamp":47981098187920,"purchased_purges":0,"victory":false,"master_deck":["Strike_B","Strike_B","Strike_B","Strike_B+1","Defend_B","Defend_B","Defend_B","Defend_B","Zap+1","Dualcast+1","Fission","Leap","Turbo","Cold Snap","Melter","FTL","Sunder","Flash of Steel","Go for the Eyes","Buffer","Rip and Tear","Fusion+1","Reinforced Body+1","Necronomicurse"],"max_hp_per_floor":[68,68,68,68,68,68,75,75,75,75,75,75,75,75,75,75,75,75,75,75,75,75,75,75,75],"relics":["Cracked Core","Question Card","Pen Nib","Strawberry","Symbiotic Virus","Shuriken","Golden Idol","Philosopher\u0027s Stone","Red Mask","DataDisk","Necronomicon"],"card_choices":[{"not_picked":["Seek","Buffer"],"picked":"Fission","floor":0},{"not_picked":["Sweeping Beam","Redo"],"picked":"Leap","floor":1},{"not_picked":["Steam","Streamline","Storm"],"picked":"Turbo","floor":4},{"not_picked":["Steam","Rip and Tear","Leap"],"picked":"Cold Snap","floor":7},{"not_picked":["Go for the Eyes","Stack","Rip and Tear"],"picked":"Melter","floor":8},{"not_picked":["Fission","Heatsinks","Stack"],"picked":"FTL","floor":10},{"not_picked":["Gash","Rebound","Streamline"],"picked":"Go for the Eyes","floor":14},{"not_picked":["Reboot","Meteor Strike","Amplify"],"picked":"Buffer","floor":16},{"not_picked":["Coolheaded","Darkness","Go for the Eyes"],"picked":"Rip and Tear","floor":18},{"not_picked":["Heatsinks+1","Genetic Algorithm","Go for the Eyes"],"picked":"Fusion+1","floor":19},{"not_picked":["Chaos","Rebound","Go for the Eyes"],"picked":"Reinforced Body+1","floor":21}],"player_experience":227102,"potions_floor_usage":[7,16,21],"damage_taken":[{"damage":0,"enemies":"2 Louse","floor":1,"turns":2},{"damage":0,"enemies":"Small Slimes","floor":4,"turns":4},{"damage":18,"enemies":"Gremlin Nob","floor":7,"turns":4},{"damage":12,"enemies":"Jaw Worm","floor":8,"turns":2},{"damage":14,"enemies":"Lagavulin","floor":10,"turns":5},{"damage":6,"enemies":"Blue Slaver","floor":14,"turns":2},{"damage":15,"enemies":"Slime Boss","floor":16,"turns":4},{"damage":33,"enemies":"Shell Parasite","floor":18,"turns":5},{"damage":0,"enemies":"Spheric Guardian","floor":19,"turns":1},{"damage":19,"enemies":"Masked Bandits","floor":21,"turns":3},{"damage":39,"enemies":"Slavers","floor":25,"turns":3}],"relics_obtained":[{"floor":3,"key":"Pen Nib"},{"floor":7,"key":"Strawberry"},{"floor":9,"key":"Symbiotic Virus"},{"floor":10,"key":"Shuriken"},{"floor":21,"key":"Red Mask"},{"floor":23,"key":"Necronomicon"}],"event_choices":[{"event_name":"Scrap Ooze","player_choice":"success","floor":2,"damage_taken":12},{"event_name":"Shining Light","player_choice":"Entered Light","floor":5,"damage_taken":0},{"event_name":"Golden Idol","player_choice":"Take Wound","floor":11,"damage_taken":0},{"event_name":"Beggar","player_choice":"Gave Gold","floor":20,"damage_taken":0},{"event_name":"Masked Bandits","player_choice":"Fought over 168 gold","floor":21,"damage_taken":0},{"event_name":"Cursed Tome","player_choice":"Obtained Book","floor":23,"damage_taken":0}],"boss_relics":[{"not_picked":["Inserter","Eternal Feather"],"picked":"Philosopher\u0027s Stone"}],"items_purged_floors":[],"potions_floor_spawned":[4,10,19],"seed_played":"1347968699424463633","killed_by":"Slavers","ascension_level":2,"potions_obtained":[{"floor":4,"key":"Swift Potion"},{"floor":10,"key":"EssenceOfSteel"},{"floor":19,"key":"EssenceOfSteel"}],"is_trial":false}