{"gold_per_floor":[15,15,33,50,50,50,84,103,130,165,165,193,193,193,193,291,291,307,397,379,3,18,18],"floor_reached":23,"playtime":1310,"items_purged":["Strike_B"],"score":303,"play_id":"8d4ad206-b839-49c9-93f3-92025648f20a","local_time":"20190415125404","is_ascension_mode":true,"campfire_choices":[{"data":"Zap","floor":6,"key":"SMITH"},{"floor":13,"key":"REST"},{"data":"Defragment","floor":15,"key":"SMITH"}],"neow_cost":"NO_GOLD","seed_source_timestamp":132120498576782,"circlet_count":0,"master_deck":["Defend_B","Defend_B","Defend_B","Defend_B","Zap+1","Dualcast","Ball Lightning","Cold Snap","Defragment+1","Conserve Battery","FTL","Sweeping Beam","Loop","Machine Learning","Beam Cell+1","Steam Power+1","Conserve Battery","Self Repair+1"],"relics":["Cracked Core","Peace Pipe","Boot","Blood Vial","Oddly Smooth Stone","Sundial","Black Star","Kunai"],"potions_floor_usage":[10,12,23,23],"damage_taken":[{"damage":2,"enemies":"2 Louse","floor":1,"turns":2},{"damage":1,"enemies":"Cultist","floor":3,"turns":3},{"damage":6,"enemies":"Small Slimes","floor":4,"turns":3},{"damage":18,"enemies":"3 Sentries","floor":7,"turns":7},{"damage":2,"enemies":"2 Fungi Beasts","floor":8,"turns":3},{"damage":16,"enemies":"Gremlin Nob","floor":10,"turns":4},{"damage":1,"enemies":"3 Sentries","floor":12,"turns":5},{"damage":2,"enemies":"The Guardian","floor":16,"turns":10},{"damage":29,"enemies":"3 Byrds","floor":18,"turns":3},{"damage":18,"enemies":"2 Thieves","floor":20,"turns":4},{"damage":9,"enemies":"Shelled Parasite and Fungi","floor":22,"turns":7},{"damage":6,"enemies":"Slavers","floor":23,"turns":3}],"seed_played":"7074222458614630371","potions_obtained":[{"floor":8,"key":"Weak Potion"},{"floor":10,"key":"Block Potion"},{"floor":16,"key":"SpeedPotion"},{"floor":22,"key":"Block Potion"}],"is_trial":false,"path_per_floor":["M","?","M","M","$","R","E","M","T","E","?","E","R","?","R","B",null,"M","?","M","$","M","E"],"character_chosen":"DEFECT","items_purchased":["Conserve Battery","Kunai"],"campfire_rested":1,"item_purchase_floors":[21,21],"current_hp_per_floor":[66,66,65,59,59,59,41,39,39,25,18,19,41,41,41,41,67,40,26,10,10,3,0],"gold":18,"neow_bonus":"ONE_RARE_RELIC","is_prod":false,"is_daily":false,"chose_seed":false,"campfire_upgraded":2,"win_rate":0,"timestamp":1555358044,"path_taken":["M","?","?","M","?","R","E","M","T","E","?","E","R","?","R","BOSS","M","?","M","$","?","E"],"build_version":"2019-01-23","purchased_purges":1,"victory":false,"max_hp_per_floor":[75,75,75,75,75,75,75,75,75,75,75,75,75,75,75,75,75,75,75,75,75,75,75],"card_choices":[{"not_picked":["Go for the Eyes","Beam Cell"],"picked":"Ball Lightning","floor":1},{"not_picked":["Streamline","Rebound"],"picked":"Cold Snap","floor":3},{"not_picked":["Double Energy","Compile Driver"],"picked":"Defragment","floor":4},{"not_picked":["Go for the Eyes","Turbo"],"picked":"Conserve Battery","floor":7},{"not_picked":["Auto Shields","Aggregate"],"picked":"FTL","floor":8},{"not_picked":["Beam Cell","Coolheaded"],"picked":"Sweeping Beam","floor":10},{"not_picked":["Turbo","Undo"],"picked":"Loop","floor":12},{"not_picked":["Rainbow","Meteor Strike"],"picked":"Machine Learning","floor":16},{"not_picked":["Compile Driver","Turbo"],"picked":"Beam Cell+1","floor":18},{"not_picked":["Steam","Streamline"],"picked":"Steam Power+1","floor":20},{"not_picked":["Recycle","Ball Lightning"],"picked":"Self Repair+1","floor":22}],"player_experience":582137,"relics_obtained":[{"floor":7,"key":"Boot"},{"floor":9,"key":"Blood Vial"},{"floor":10,"key":"Oddly Smooth Stone"},{"floor":12,"key":"Sundial"}],"event_choices":[{"cards_removed":["Strike_B"],"damage_healed":0,"gold_gain":0,"player_choice":"Offered Basic","damage_taken":0,"max_hp_gain":0,"max_hp_loss":0,"event_name":"Bonfire Elementals","floor":2,"gold_loss":0},{"cards_removed":["Strike_B"],"damage_healed":0,"gold_gain":0,"player_choice":"Card Removal","damage_taken":7,"max_hp_gain":0,"max_hp_loss":0,"event_name":"Golden Wing","floor":11,"gold_loss":0},{"cards_removed":["Strike_B"],"damage_healed":0,"gold_gain":0,"player_choice":"Forget","damage_taken":0,"max_hp_gain":0,"max_hp_loss":0,"event_name":"Living Wall","floor":14,"gold_loss":0},{"damage_healed":0,"gold_gain":90,"player_choice":"GOLD ","damage_taken":14,"max_hp_gain":0,"max_hp_loss":0,"event_name":"Knowing Skull","floor":19,"potions_obtained":[],"gold_loss":0,"cards_obtained":[]}],"is_beta":false,"boss_relics":[{"not_picked":["Pandora\u0027s Box","Sozu"],"picked":"Black Star"}],"items_purged_floors":[21],"is_endless":false,"potions_floor_spawned":[8,10,16,22],"killed_by":"Slavers","ascension_level":9}