{"gold_per_floor":[112,122,137,212,162,193,193,193,219,219,249,249,284,304,304,304],"floor_reached":16,"playtime":984,"items_purged":[],"score":168,"play_id":"086aadb3-3c1b-48b3-9648-477edb97cf77","local_time":"20190909224712","is_ascension_mode":false,"campfire_choices":[{"floor":10,"key":"REST"},{"data":"ForeignInfluence","floor":12,"key":"SMITH"},{"data":"Protect","floor":15,"key":"SMITH"}],"neow_cost":"NONE","seed_source_timestamp":42968414434191,"circlet_count":0,"master_deck":["Strike_P+1","Strike_P+1","Strike_P","Defend_P","Defend_P","Defend_P","Defend_P","Eruption","Vigilance","SandsOfTime","BowlingBash","CutThroughFate","ForeignInfluence+1","Protect+1","EmptyBody","EmptyFist+1"],"relics":["PureWater","Potion Belt","Lantern","Pen Nib","Boot"],"potions_floor_usage":[16,16],"damage_taken":[{"damage":4,"enemies":"Small Slimes","floor":1,"turns":4},{"damage":6,"enemies":"Jaw Worm","floor":2,"turns":3},{"damage":0,"enemies":"2 Louse","floor":3,"turns":2},{"damage":33,"enemies":"3 Sentries","floor":6,"turns":7},{"damage":16,"enemies":"Lagavulin","floor":11,"turns":6},{"damage":7,"enemies":"3 Sentries","floor":13,"turns":7},{"damage":0,"enemies":"Large Slime","floor":14,"turns":3}],"seed_played":"-938491099967469605","potions_obtained":[{"floor":2,"key":"Explosive Potion"},{"floor":3,"key":"Explosive Potion"},{"floor":14,"key":"AttackPotion"}],"is_trial":false,"path_per_floor":["M","M","M","?","?","E","?","?","T","R","E","R","E","M","R","B"],"character_chosen":"WATCHER","items_purchased":[],"campfire_rested":1,"item_purchase_floors":[],"current_hp_per_floor":[67,61,61,50,50,17,3,8,8,30,14,14,7,7,7,0],"gold":304,"neow_bonus":"TEN_PERCENT_HP_BONUS","is_prod":false,"is_daily":false,"chose_seed":false,"campfire_upgraded":2,"win_rate":0.0,"timestamp":1568062032,"path_taken":["M","M","M","?","?","E","?","?","T","R","E","R","E","M","R","BOSS"],"build_version":"2019-09-09","purchased_purges":0,"victory":false,"max_hp_per_floor":[71,71,71,71,71,71,71,76,76,76,76,76,76,76,76,76],"card_choices":[{"not_picked":["JustLucky","FlyingSleeves"],"picked":"SandsOfTime","floor":1},{"not_picked":["SpiritShield","Crescendo"],"picked":"BowlingBash","floor":2},{"not_picked":["Scrawl","ClearTheMind"],"picked":"CutThroughFate","floor":3},{"not_picked":["FlyingSleeves","Protect"],"picked":"ForeignInfluence","floor":6},{"not_picked":["PathToVictory","CleanseEvil"],"picked":"Protect","floor":11},{"not_picked":["Crescendo","InnerPeace"],"picked":"EmptyBody","floor":13},{"not_picked":["Halt","SpiritShield"],"picked":"EmptyFist","floor":14}],"player_experience":2011433,"relics_obtained":[{"floor":6,"key":"Potion Belt"},{"floor":9,"key":"Lantern"},{"floor":11,"key":"Pen Nib"},{"floor":13,"key":"Boot"}],"event_choices":[{"damage_healed":0,"gold_gain":75,"player_choice":"Gather Gold","damage_taken":11,"max_hp_gain":0,"max_hp_loss":0,"event_name":"World of Goop","floor":4,"gold_loss":0},{"cards_removed":["Strike_P"],"damage_healed":0,"gold_gain":0,"player_choice":"Card Removal","damage_taken":0,"max_hp_gain":0,"max_hp_loss":0,"event_name":"The Cleric","floor":5,"gold_loss":50},{"damage_healed":0,"gold_gain":0,"player_choice":"Entered Light","damage_taken":14,"max_hp_gain":0,"max_hp_loss":0,"event_name":"Shining Light","floor":7,"gold_loss":0,"cards_upgraded":["Strike_P","Strike_P"]},{"damage_healed":0,"gold_gain":0,"player_choice":"Donut","damage_taken":0,"max_hp_gain":5,"max_hp_loss":0,"event_name":"Big Fish","floor":8,"gold_loss":0}],"is_beta":true,"boss_relics":[],"items_purged_floors":[],"is_endless":false,"potions_floor_spawned":[2,3,14],"killed_by":"The Guardian","ascension_level":0}