{"gold_per_floor":[110,130,305,305,317,317,344,344,370,401,416,416,266,292,292,388,388,404,31,31,43,69,69,95,109,132,154,166,212,235,274,286,399,461,485,262,484,533,548,548],"floor_reached":40,"playtime":4140,"items_purged":["Doubt","Anger"],"score":684,"play_id":"92a6dbfe-0e4b-42db-bd1d-61d0f0a3faf6","local_time":"20190327112954","is_ascension_mode":true,"campfire_choices":[{"data":"Pommel Strike","floor":6.0,"key":"SMITH"},{"data":"Metallicize","floor":8.0,"key":"SMITH"},{"data":"Bash","floor":12.0,"key":"SMITH"},{"floor":15.0,"key":"REST"},{"data":"Barricade","floor":23.0,"key":"SMITH"},{"floor":28.0,"key":"REST"},{"floor":32.0,"key":"REST"}],"neow_cost":"NONE","seed_source_timestamp":0,"circlet_count":0,"master_deck":["Strike_R","Strike_R","Strike_R","Strike_R","Strike_R","Defend_R","Defend_R","Defend_R","Defend_R+1","Bash+1","Pommel Strike+1","Offering+1","Metallicize+1","Battle Trance","Evolve","Shrug It Off","Flex","Clothesline","Barricade+1","Infernal Blade+1","Armaments","Juggernaut+1","Seeing Red","Inflame+1","Clash","Pommel Strike+1","Exhume+1","Rage","Impervious","Rage","Combust+1","Barricade+1","Infernal Blade","Seeing Red","Entrench"],"special_seed":0,"relics":["Burning Blood","War Paint","Oddly Smooth Stone","Bottled Flame","Gremlin Horn","Black Star","Frozen Egg 2","Red Mask","Smiling Mask","Mummified Hand","MawBank","Potion Belt","Vajra","Ornamental Fan","Happy Flower","Tiny House","Turnip"],"potions_floor_usage":[38,38,39,40],"damage_taken":[{"damage":0.0,"enemies":"Small Slimes","floor":1.0,"turns":3.0},{"damage":7.0,"enemies":"Jaw Worm","floor":2.0,"turns":2.0},{"damage":8.0,"enemies":"2 Louse","floor":5.0,"turns":3.0},{"damage":31.0,"enemies":"Lagavulin","floor":7.0,"turns":6.0},{"damage":43.0,"enemies":"Gremlin Nob","floor":10.0,"turns":4.0},{"damage":6.0,"enemies":"Blue Slaver","floor":11.0,"turns":3.0},{"damage":6.0,"enemies":"3 Sentries","floor":14.0,"turns":8.0},{"damage":27.0,"enemies":"Slime Boss","floor":16.0,"turns":9.0},{"damage":6.0,"enemies":"Chosen","floor":18.0,"turns":4.0},{"damage":15.0,"enemies":"Shell Parasite","floor":21.0,"turns":4.0},{"damage":38.0,"enemies":"Masked Bandits","floor":22.0,"turns":5.0},{"damage":6.0,"enemies":"Gremlin Leader","floor":24.0,"turns":7.0},{"damage":12.0,"enemies":"Snake Plant","floor":25.0,"turns":5.0},{"damage":6.0,"enemies":"Cultist and Chosen","floor":27.0,"turns":4.0},{"damage":19.0,"enemies":"Slavers","floor":29.0,"turns":4.0},{"damage":22.0,"enemies":"Centurion and Healer","floor":30.0,"turns":6.0},{"damage":28.0,"enemies":"Book of Stabbing","floor":31.0,"turns":6.0},{"damage":36.0,"enemies":"Champ","floor":33.0,"turns":9.0},{"damage":3.0,"enemies":"Orb Walker","floor":35.0,"turns":4.0},{"damage":36,"enemies":"2 Orb Walkers","floor":38,"turns":5},{"damage":29,"enemies":"3 Darklings","floor":39,"turns":5},{"damage":31,"enemies":"Reptomancer","floor":40,"turns":3}],"seed_played":"-3267041910827276761","potions_obtained":[{"floor":1.0,"key":"Block Potion"},{"floor":5.0,"key":"Poison Potion"},{"floor":10.0,"key":"Poison Potion"},{"floor":18.0,"key":"Poison Potion"},{"floor":25.0,"key":"Dexterity Potion"},{"floor":27.0,"key":"FairyPotion"},{"floor":31.0,"key":"Swift Potion"},{"floor":33.0,"key":"Fire Potion"},{"floor":34.0,"key":"AttackPotion"},{"floor":39,"key":"Dexterity Potion"}],"is_trial":false,"path_per_floor":["M","M","?","?","M","R","E","R","T","E","M","R","$","E","R","B",null,"M","$","?","M","?","R","E","M","T","M","R","E","M","E","R","B",null,"M","$","?","?","M","E"],"character_chosen":"IRONCLAD","items_purchased":["Shrug It Off","Flex","Frozen Egg 2","Armaments","Juggernaut+1","Barricade+1","Infernal Blade"],"campfire_rested":3,"item_purchase_floors":[13,13,19,19,19,36,36],"current_hp_per_floor":[88,87,87,92,90,90,65,65,65,28,28,28,28,28,55,34,78,78,78,78,69,37,37,37,31,31,31,58,45,29,7,34,15,79,82,82,82,52,29,0],"gold":548,"neow_bonus":"TEN_PERCENT_HP_BONUS","is_prod":false,"is_daily":false,"chose_seed":false,"campfire_upgraded":4,"win_rate":0,"timestamp":1553711394,"path_taken":["M","M","?","?","M","R","E","R","T","E","M","R","$","E","R","BOSS","M","$","?","M","?","R","E","M","T","M","R","E","M","E","R","BOSS","M","$","?","?","M","E"],"build_version":"2019-01-23","purchased_purges":2,"victory":false,"max_hp_per_floor":[88,88,88,93,93,93,93,93,93,93,93,93,93,93,93,93,93,93,93,93,93,93,93,93,93,93,93,93,93,93,93,93,93,98,98,98,98,98,98,98],"card_choices":[{"not_picked":["Corruption","Disarm"],"picked":"Anger","floor":1.0},{"not_picked":["Feel No Pain","Iron Wave"],"picked":"Pommel Strike","floor":2.0},{"not_picked":["Armaments","Cleave"],"picked":"Offering","floor":5.0},{"not_picked":["Perfected Strike","Pommel Strike"],"picked":"Metallicize","floor":7.0},{"not_picked":["Shrug It Off","Pummel"],"picked":"Battle Trance","floor":10.0},{"not_picked":["Feel No Pain","Heavy Blade"],"picked":"Evolve","floor":11.0},{"not_picked":["Havoc","Iron Wave"],"picked":"Clothesline","floor":14.0},{"not_picked":["Reaper","Immolate"],"picked":"Barricade","floor":16.0},{"not_picked":["Burning Pact","Perfected Strike+1"],"picked":"Infernal Blade+1","floor":18.0},{"not_picked":["Carnage","Warcry"],"picked":"Seeing Red","floor":21.0},{"not_picked":["Uppercut","Sword Boomerang"],"picked":"Inflame+1","floor":22.0},{"not_picked":["Warcry","True Grit","Sentinel"],"picked":"SKIP","floor":24.0},{"not_picked":["Disarm","Clothesline","Flex"],"picked":"SKIP","floor":25.0},{"not_picked":["Perfected Strike+1","Wild Strike"],"picked":"Clash","floor":27.0},{"not_picked":["Thunderclap","Pummel"],"picked":"Pommel Strike+1","floor":29.0},{"not_picked":["Warcry+1","Sword Boomerang+1"],"picked":"Exhume","floor":30.0},{"not_picked":["Rampage","Sword Boomerang"],"picked":"Rage","floor":31.0},{"not_picked":["Barricade+1","Fiend Fire"],"picked":"Impervious","floor":33.0},{"not_picked":["Wild Strike","Warcry"],"picked":"Rage","floor":34.0},{"not_picked":["Warcry+1","Shockwave+1"],"picked":"Combust+1","floor":35.0},{"not_picked":["Body Slam","Iron Wave+1"],"picked":"Seeing Red","floor":38},{"not_picked":["Anger","Sever Soul+1"],"picked":"Entrench","floor":39}],"player_experience":440566,"relics_obtained":[{"floor":7.0,"key":"War Paint"},{"floor":9.0,"key":"Oddly Smooth Stone"},{"floor":10.0,"key":"Bottled Flame"},{"floor":14.0,"key":"Gremlin Horn"},{"floor":22.0,"key":"Red Mask"},{"floor":24.0,"key":"Smiling Mask"},{"floor":24.0,"key":"Mummified Hand"},{"floor":26.0,"key":"MawBank"},{"floor":29.0,"key":"Potion Belt"},{"floor":29.0,"key":"Vajra"},{"floor":31.0,"key":"Ornamental Fan"},{"floor":31.0,"key":"Happy Flower"},{"floor":38,"key":"Turnip"}],"event_choices":[{"damage_healed":0.0,"max_hp_gain":0.0,"max_hp_loss":0.0,"gold_gain":175.0,"event_name":"Liars Game","player_choice":"AGREE","floor":3.0,"gold_loss":0.0,"damage_taken":0.0,"cards_obtained":["Doubt"]},{"damage_healed":0.0,"max_hp_gain":5.0,"max_hp_loss":0.0,"gold_gain":0.0,"event_name":"Big Fish","player_choice":"Donut","floor":4.0,"gold_loss":0.0,"damage_taken":0.0},{"damage_healed":0.0,"max_hp_gain":0.0,"max_hp_loss":0.0,"gold_gain":0.0,"event_name":"Ghosts","player_choice":"Ignored","floor":20.0,"gold_loss":0.0,"damage_taken":0.0},{"damage_healed":0.0,"max_hp_gain":0.0,"max_hp_loss":0.0,"gold_gain":0.0,"event_name":"Masked Bandits","player_choice":"Fought Bandits","floor":22.0,"gold_loss":0.0,"damage_taken":0.0},{"damage_healed":0,"gold_gain":222,"player_choice":"Wore Mask","damage_taken":0,"max_hp_gain":0,"max_hp_loss":0,"event_name":"Tomb of Lord Red Mask","floor":37,"gold_loss":0},{"damage_healed":0,"gold_gain":0,"player_choice":"Fight","damage_taken":0,"max_hp_gain":0,"max_hp_loss":0,"event_name":"Mysterious Sphere","floor":38,"gold_loss":0}],"is_beta":false,"boss_relics":[{"not_picked":["Orrery","Coffee Dripper"],"picked":"Black Star"},{"not_picked":["Eternal Feather","Runic Cube"],"picked":"Tiny House"}],"items_purged_floors":[13,36],"is_endless":false,"potions_floor_spawned":[1,5,10,18,25,27,31,33,39],"killed_by":"Reptomancer","ascension_level":5}