{"path_per_floor":["M","?","$","M","?","E","R","E","T","?","M","M","R","$","R","B",null,"M","M","$","?","M","R"],"character_chosen":"DEFECT","items_purchased":["Toy Ornithopter","Matryoshka","Mind Blast","Capacitor","Self Repair","FTL","Energy Potion"],"gold_per_floor":[117,117,42,53,228,553,553,584,584,613,627,647,647,63,63,162,162,179,198,40,40,59,59,59],"floor_reached":24,"campfire_rested":3,"playtime":925,"item_purchase_floors":[14,14,14,14,20,20,20],"current_hp_per_floor":[75,75,75,75,75,75,75,25,25,4,4,4,26,26,48,10,75,46,18,18,18,23,45,0],"items_purged":["Strike_B"],"gold":59,"score":252,"play_id":"2ff85be8-3d95-42d1-8c44-2b4948d062c1","local_time":"20180528194822","is_prod":false,"is_daily":false,"chose_seed":false,"is_ascension_mode":true,"campfire_upgraded":1,"win_rate":0,"timestamp":1527529702,"campfire_choices":[{"data":"Zap","floor":7,"key":"SMITH"},{"floor":13,"key":"REST"},{"floor":15,"key":"REST"},{"floor":23,"key":"REST"}],"path_taken":["M","?","$","?","?","E","R","E","T","?","M","?","R","$","R","BOSS","M","M","$","?","M","R","E"],"build_version":"2018-05-27","seed_source_timestamp":34675032239907,"purchased_purges":1,"victory":false,"master_deck":["Strike_B+1","Strike_B+1","Strike_B+1","Defend_B+1","Defend_B+1","Defend_B+1","Zap+1","Dualcast","Doom and Gloom","Conserve Battery","Doubt","Storm","Thunder Strike","Hologram","Leap","Steam","Mind Blast","Capacitor","Rainbow","Loop","Glacier+1","Self Repair","FTL","Static Discharge+1"],"max_hp_per_floor":[75,75,75,75,75,75,75,75,75,75,75,75,75,75,75,75,75,75,75,75,75,75,75,75],"relics":["Cracked Core","NeowsBlessing","Old Coin","Symbiotic Virus","Bottled Lightning","Odd Mushroom","Toy Ornithopter","Matryoshka","Philosopher\u0027s Stone"],"card_choices":[{"not_picked":["Cold Snap","Sweeping Beam"],"picked":"Doom and Gloom","floor":1},{"not_picked":["Sweeping Beam","Compile Driver"],"picked":"Conserve Battery","floor":4},{"not_picked":["Rebound","Coolheaded"],"picked":"Storm","floor":6},{"not_picked":["Coolheaded","Sweeping Beam"],"picked":"Thunder Strike","floor":8},{"not_picked":["Streamline","Sweeping Beam"],"picked":"Hologram","floor":10},{"not_picked":["Redo","Compile Driver"],"picked":"Leap","floor":11},{"not_picked":["Recycle","Hologram"],"picked":"Steam","floor":12},{"not_picked":["Machine Learning","Meteor Strike"],"picked":"Rainbow","floor":16},{"not_picked":["Go for the Eyes+1","Leap"],"picked":"Loop","floor":18},{"not_picked":["Steam","White Noise"],"picked":"Glacier+1","floor":19},{"not_picked":["Beam Cell","Leap"],"picked":"Static Discharge+1","floor":22}],"player_experience":238693,"potions_floor_usage":[10,11,22],"damage_taken":[{"damage":0,"enemies":"Small Slimes","floor":1,"turns":1},{"damage":0,"enemies":"Cultist","floor":4,"turns":1},{"damage":0,"enemies":"Lagavulin","floor":6,"turns":1},{"damage":50,"enemies":"Gremlin Nob","floor":8,"turns":5},{"damage":21,"enemies":"The Mushroom Lair","floor":10,"turns":3},{"damage":0,"enemies":"2 Louse","floor":11,"turns":1},{"damage":0,"enemies":"Looter","floor":12,"turns":3},{"damage":38,"enemies":"Hexaghost","floor":16,"turns":9},{"damage":29,"enemies":"Shell Parasite","floor":18,"turns":6},{"damage":28,"enemies":"3 Byrds","floor":19,"turns":3},{"damage":5,"enemies":"Sentry and Sphere","floor":22,"turns":5},{"damage":48,"enemies":"Book of Stabbing","floor":24,"turns":4}],"relics_obtained":[{"floor":6,"key":"Old Coin"},{"floor":8,"key":"Symbiotic Virus"},{"floor":9,"key":"Bottled Lightning"},{"floor":10,"key":"Odd Mushroom"}],"event_choices":[{"event_name":"Purifier","player_choice":"One Purge","floor":2,"damage_taken":0},{"event_name":"Liars Game","player_choice":"agreed","floor":5,"damage_taken":0},{"event_name":"Mushrooms","player_choice":"Fought Mushrooms","floor":10,"damage_taken":0},{"event_name":"Back to Basics","player_choice":"Simplicity","floor":21,"damage_taken":0}],"boss_relics":[{"not_picked":["Astrolabe","Runic Dome"],"picked":"Philosopher\u0027s Stone"}],"items_purged_floors":[3],"potions_floor_spawned":[8,10,16],"seed_played":"8729318858696587119","killed_by":"Book of Stabbing","ascension_level":2,"potions_obtained":[{"floor":8,"key":"SpeedPotion"},{"floor":10,"key":"Fire Potion"},{"floor":16,"key":"SteroidPotion"}],"is_trial":false}