{"gold_per_floor":[113,129,129,148,159,159,185,185,185,220,231,244,255,124,124,124],"floor_reached":16,"playtime":754,"items_purged":["Strike_G"],"score":228,"play_id":"d4b11893-926f-4da9-a214-39f05e9642ce","local_time":"20190515095916","is_ascension_mode":true,"campfire_choices":[{"floor":6.0,"key":"REST"},{"floor":8.0,"key":"REST"},{"floor":15.0,"key":"REST"}],"neow_cost":"NONE","seed_source_timestamp":0,"circlet_count":0,"master_deck":["AscendersBane","Defend_G","Defend_G","Defend_G","Defend_G","Defend_G","Strike_G","Strike_G","Strike_G","Strike_G","Survivor","Neutralize","Skewer+1","Dagger Spray","After Image","Backflip","Backflip","Footwork","PiercingWail","Dodge and Roll"],"special_seed":0,"relics":["Ring of the Snake","Potion Belt","Snake Skull","Matryoshka","Ginger"],"potions_floor_usage":[],"damage_taken":[{"damage":7.0,"enemies":"Cultist","floor":1.0,"turns":6.0},{"damage":9.0,"enemies":"2 Louse","floor":2.0,"turns":5.0},{"damage":2.0,"enemies":"Jaw Worm","floor":4.0,"turns":4.0},{"damage":33.0,"enemies":"Gremlin Gang","floor":5.0,"turns":6.0},{"damage":24.0,"enemies":"3 Sentries","floor":7.0,"turns":8.0},{"damage":6.0,"enemies":"Gremlin Nob","floor":10.0,"turns":3.0},{"damage":4.0,"enemies":"Lots of Slimes","floor":11.0,"turns":3.0},{"damage":1.0,"enemies":"3 Louse","floor":12.0,"turns":4.0},{"damage":4.0,"enemies":"Looter","floor":13.0,"turns":4.0},{"damage":0,"enemies":"Hexaghost","floor":16,"turns":1}],"seed_played":"-4856277207087399643","potions_obtained":[{"floor":5.0,"key":"AttackPotion"},{"floor":10.0,"key":"EssenceOfSteel"},{"floor":11.0,"key":"SmokeBomb"},{"floor":12.0,"key":"EssenceOfSteel"}],"is_trial":false,"path_per_floor":["M","M","?","M","M","R","E","R","T","E","M","M","M","$","R","B"],"character_chosen":"THE_SILENT","items_purchased":["Poison Potion"],"campfire_rested":3,"item_purchase_floors":[14],"current_hp_per_floor":[52,43,43,41,8,27,3,22,22,16,12,11,7,7,26,26],"gold":124,"neow_bonus":"RANDOM_COMMON_RELIC","is_prod":false,"is_daily":false,"chose_seed":false,"campfire_upgraded":0,"win_rate":0,"timestamp":1557907156,"path_taken":["M","M","?","?","M","R","E","R","T","E","M","M","M","$","R","BOSS"],"build_version":"2019-01-23","purchased_purges":1,"victory":false,"max_hp_per_floor":[66,66,66,66,66,66,66,66,66,66,66,66,66,66,66,66],"card_choices":[{"not_picked":["Prepared","Slice","Reflex"],"picked":"SKIP","floor":1.0},{"not_picked":["Slice","PiercingWail"],"picked":"Skewer","floor":2.0},{"not_picked":["Quick Slash","Flying Knee"],"picked":"Dagger Spray","floor":4.0},{"not_picked":["Outmaneuver","Dagger Spray"],"picked":"After Image","floor":5.0},{"not_picked":["Dagger Spray","Outmaneuver"],"picked":"Backflip","floor":7.0},{"not_picked":["Deflect","Dodge and Roll"],"picked":"Backflip","floor":10.0},{"not_picked":["Outmaneuver","Dodge and Roll"],"picked":"Footwork","floor":11.0},{"not_picked":["Backstab","Dagger Throw"],"picked":"PiercingWail","floor":12.0},{"not_picked":["Prepared","Doppelganger"],"picked":"Dodge and Roll","floor":13.0}],"player_experience":1688995,"relics_obtained":[{"floor":7.0,"key":"Snake Skull"},{"floor":9.0,"key":"Matryoshka"},{"floor":10.0,"key":"Ginger"}],"event_choices":[{"damage_healed":0.0,"max_hp_gain":0.0,"max_hp_loss":0.0,"gold_gain":0.0,"event_name":"Upgrade Shrine","player_choice":"Upgraded","floor":3.0,"gold_loss":0.0,"damage_taken":0.0,"cards_upgraded":["Skewer"]}],"is_beta":false,"boss_relics":[],"items_purged_floors":[14],"is_endless":false,"potions_floor_spawned":[5,10,11,12],"killed_by":"Hexaghost","ascension_level":20}