{"gold_per_floor":[113,113,113,123,134,134,148,148,203,203,236,209,260,45,45,122,122,137,137,58,70,0,0,0,0,0,11,23,23,37,37],"floor_reached":31,"playtime":1275,"items_purged":[],"score":384,"play_id":"b4abde7e-e2c4-4c0f-8db3-2ee19ab5062c","local_time":"20181002220806","is_ascension_mode":true,"campfire_choices":[{"data":"Neutralize","floor":6,"key":"SMITH"},{"data":"Burst","floor":8,"key":"SMITH"},{"data":"Dash","floor":10,"key":"SMITH"},{"data":"Infinite Blades","floor":15,"key":"SMITH"},{"data":"Accuracy","floor":23,"key":"SMITH"},{"floor":29,"key":"REST"}],"neow_cost":"PERCENT_DAMAGE","seed_source_timestamp":44041959331939,"circlet_count":0,"master_deck":["Defend_G+1","Defend_G+1","Defend_G+1","Defend_G+1","Strike_G+1","Strike_G+1","Strike_G+1","Strike_G+1","Survivor","Neutralize+1","AscendersBane","Burst+1","Dash+1","Backstab","Sucker Punch","Dagger Spray","Cloak And Dagger","Infinite Blades+1","Malaise","Deadly Poison","Accuracy+1","Distraction","Well Laid Plans","Night Terror"],"relics":["Ring of the Snake","Vajra","PreservedInsect","Omamori","Eternal Feather","Ninja Scroll"],"potions_floor_usage":[11,28,31],"damage_taken":[{"damage":0,"enemies":"Small Slimes","floor":1,"turns":5},{"damage":0,"enemies":"Cultist","floor":4,"turns":4},{"damage":0,"enemies":"2 Louse","floor":5,"turns":3},{"damage":0,"enemies":"Red Slaver","floor":7,"turns":3},{"damage":10,"enemies":"Lagavulin","floor":11,"turns":5},{"damage":24,"enemies":"Hexaghost","floor":16,"turns":14},{"damage":6,"enemies":"3 Byrds","floor":18,"turns":5},{"damage":21,"enemies":"Colosseum Slavers","floor":19,"turns":6},{"damage":18,"enemies":"Spheric Guardian","floor":21,"turns":4},{"damage":6,"enemies":"Snecko","floor":27,"turns":5},{"damage":4,"enemies":"Cultist and Chosen","floor":28,"turns":5},{"damage":20,"enemies":"Centurion and Healer","floor":30,"turns":5},{"damage":27,"enemies":"Book of Stabbing","floor":31,"turns":4}],"seed_played":"7044785480397643398","potions_obtained":[{"floor":1,"key":"SteroidPotion"},{"floor":5,"key":"Strength Potion"},{"floor":21,"key":"GamblersBrew"},{"floor":30,"key":"GamblersBrew"}],"is_trial":false,"path_per_floor":["M","?","?","M","M","R","M","R","T","R","E","?","?","$","R","B",null,"M","?","$","M","?","R","$","?","T","M","M","R","M"],"character_chosen":"THE_SILENT","items_purchased":["Omamori","Infinite Blades","Accuracy"],"campfire_rested":1,"item_purchase_floors":[14,14,20],"current_hp_per_floor":[45,45,45,45,45,45,45,45,45,45,35,35,35,35,35,11,55,49,28,28,10,10,22,22,22,22,16,12,45,25,0],"gold":37,"neow_bonus":"THREE_RARE_CARDS","is_prod":false,"is_daily":false,"chose_seed":false,"campfire_upgraded":5,"win_rate":0,"timestamp":1538510886,"path_taken":["M","?","?","M","M","R","M","R","T","R","E","?","?","$","R","BOSS","M","?","$","M","?","R","?","?","T","?","M","R","M","E"],"build_version":"2018-10-01","purchased_purges":0,"victory":false,"max_hp_per_floor":[70,70,70,70,70,70,70,70,70,70,70,70,70,70,70,70,70,70,70,70,70,70,70,70,70,70,70,70,70,70,70],"card_choices":[{"not_picked":["Wraith Form v2","Doppelganger"],"picked":"Burst","floor":0},{"not_picked":["Slice","Deadly Poison"],"picked":"Dash","floor":1},{"not_picked":["Backstab","Acrobatics","Bane"],"picked":"SKIP","floor":4},{"not_picked":["Acrobatics","Bane"],"picked":"Backstab","floor":4},{"not_picked":["Underhanded Strike","Dagger Spray"],"picked":"Sucker Punch","floor":5},{"not_picked":["Poisoned Stab","PiercingWail"],"picked":"Dagger Spray","floor":7},{"not_picked":["Tools of the Trade","Setup"],"picked":"Cloak And Dagger","floor":11},{"not_picked":["After Image","Burst"],"picked":"Malaise","floor":16},{"not_picked":["Sucker Punch","Underhanded Strike"],"picked":"Deadly Poison","floor":18},{"not_picked":["Slice+1","Sucker Punch"],"picked":"Distraction","floor":21},{"not_picked":["Bane","Crippling Poison"],"picked":"Well Laid Plans","floor":27},{"not_picked":["Deadly Poison","Setup","Sucker Punch"],"picked":"SKIP","floor":28},{"not_picked":["Deadly Poison","Dodge and Roll"],"picked":"Night Terror","floor":30}],"player_experience":577838,"relics_obtained":[{"floor":9,"key":"Vajra"},{"floor":11,"key":"PreservedInsect"},{"floor":26,"key":"Ninja Scroll"}],"event_choices":[{"event_name":"Bonfire Elementals","player_choice":"BASIC","floor":2,"damage_taken":0},{"event_name":"Purifier","player_choice":"One Purge","floor":3,"damage_taken":0},{"event_name":"World of Goop","player_choice":"Left","floor":12,"damage_taken":0},{"event_name":"Golden Wing","player_choice":"Gained Gold","floor":13,"damage_taken":0},{"event_name":"Colosseum","player_choice":"Fight","floor":19,"damage_taken":0},{"event_name":"Colosseum","player_choice":"Fled From Nobs","floor":19,"damage_taken":0},{"event_name":"Masked Bandits","player_choice":"Paid Fearfully","floor":22,"damage_taken":0},{"event_name":"Back to Basics","player_choice":"Simplicity","floor":25,"damage_taken":0}],"is_beta":true,"boss_relics":[{"not_picked":["Black Star","Coffee Dripper"],"picked":"Eternal Feather"}],"items_purged_floors":[],"is_endless":false,"potions_floor_spawned":[1,5,21,30],"killed_by":"Book of Stabbing","ascension_level":13}