{"gold_per_floor":[114,25,25,42,61,61,94,106,173,185,215,262,293,331,343,431,443,405,417,185,185,202,227,227,252,278,278,303,303,314,614,614,690,690,709,709,722,822,458,458,492,28,78,78,78,78,109,124,124,124,124,124,80,113,113],"floor_reached":56,"playtime":2244,"items_purged":["Strike_G","Strike_G"],"score":2571,"play_id":"36f4ccf6-6ef0-4718-a119-5d0be9ca7ae2","local_time":"20181212210647","is_ascension_mode":true,"campfire_choices":[{"data":"Noxious Fumes","floor":6.0,"key":"SMITH"},{"data":"Neutralize","floor":8.0,"key":"SMITH"},{"floor":15.0,"key":"REST"},{"data":"After Image","floor":24.0,"key":"SMITH"},{"data":"Leg Sweep","floor":27.0,"key":"SMITH"},{"data":"Blur","floor":32.0,"key":"SMITH"},{"data":"Bullet Time","floor":40.0,"key":"SMITH"},{"floor":45,"key":"REST"},{"floor":49,"key":"RECALL"},{"data":"Dash","floor":52,"key":"SMITH"}],"neow_cost":"NONE","seed_source_timestamp":0,"circlet_count":0,"master_deck":["AscendersBane","Defend_G","Defend_G","Defend_G","Defend_G","Strike_G","Survivor","Neutralize+1","Escape Plan+1","Malaise+1","Deadly Poison+1","Blur+1","Noxious Fumes+1","Dash+1","Leg Sweep+1","After Image+1","Bullet Time+1","Necronomicurse","Dash+1","Bouncing Flask+1","Blur","Dodge and Roll+1","Dodge and Roll+1","Deadly Poison+1","Noxious Fumes","Dark Shackles+1","Dash+1","Caltrops"],"special_seed":0,"relics":["Astrolabe","MawBank","Tiny Chest","Lantern","Du-Vu Doll","Runic Pyramid","Necronomicon","PreservedInsect","Ancient Tea Set","Happy Flower","Question Card","Old Coin","Black Star","Nunchaku","PrismaticShard","Regal Pillow","Shuriken","Potion Belt","Cauldron","Snake Skull","War Paint","Bag of Preparation","Strawberry"],"potions_floor_usage":[41,55,55,55,55,55],"damage_taken":[{"damage":0.0,"enemies":"Cultist","floor":1.0,"turns":4.0},{"damage":0.0,"enemies":"2 Louse","floor":4.0,"turns":3.0},{"damage":4.0,"enemies":"Small Slimes","floor":5.0,"turns":5.0},{"damage":0.0,"enemies":"Lagavulin","floor":7.0,"turns":8.0},{"damage":0.0,"enemies":"Blue Slaver","floor":11.0,"turns":5.0},{"damage":32.0,"enemies":"Gremlin Nob","floor":12.0,"turns":6.0},{"damage":0.0,"enemies":"2 Fungi Beasts","floor":13.0,"turns":4.0},{"damage":21.0,"enemies":"3 Sentries","floor":14.0,"turns":10.0},{"damage":0.0,"enemies":"Hexaghost","floor":16.0,"turns":10.0},{"damage":2.0,"enemies":"2 Thieves","floor":18.0,"turns":5.0},{"damage":0.0,"enemies":"Chosen","floor":22.0,"turns":7.0},{"damage":0.0,"enemies":"Slavers","floor":23.0,"turns":7.0},{"damage":7.0,"enemies":"Book of Stabbing","floor":25.0,"turns":5.0},{"damage":0.0,"enemies":"Slavers","floor":28.0,"turns":5.0},{"damage":0.0,"enemies":"Snake Plant","floor":30.0,"turns":4.0},{"damage":0.0,"enemies":"Collector","floor":33.0,"turns":10.0},{"damage":6.0,"enemies":"3 Shapes","floor":35.0,"turns":4.0},{"damage":0.0,"enemies":"Orb Walker","floor":37.0,"turns":5.0},{"damage":0.0,"enemies":"Mind Bloom Boss Battle","floor":38.0,"turns":9.0},{"damage":43,"enemies":"Reptomancer","floor":41,"turns":9},{"damage":0,"enemies":"Giant Head","floor":47,"turns":8},{"damage":7,"enemies":"3 Darklings","floor":48,"turns":6},{"damage":13,"enemies":"Awakened One","floor":50,"turns":15},{"damage":42,"enemies":"Shield and Spear","floor":54,"turns":8},{"damage":16,"enemies":"The Heart","floor":55,"turns":11}],"seed_played":"-7215030040266811780","potions_obtained":[{"floor":1.0,"key":"Weak Potion"},{"floor":7.0,"key":"FairyPotion"},{"floor":18.0,"key":"Dexterity Potion"},{"floor":28.0,"key":"SteroidPotion"},{"floor":42,"key":"Weak Potion"},{"floor":42,"key":"EntropicBrew"},{"floor":42,"key":"LiquidBronze"},{"floor":48,"key":"Dexterity Potion"}],"is_trial":false,"path_per_floor":["M","$","?","M","M","R","E","R","T","?","M","E","M","E","R","B",null,"M","?","$","?","M","E","R","E","T","R","E","?","M","T","R","B",null,"M","?","M","?","$","R","E","$","T","$","R","?","E","M","R","B",null,"R","$","E","B",null],"character_chosen":"THE_SILENT","items_purchased":["Noxious Fumes","PreservedInsect","PrismaticShard","Noxious Fumes","Dash","Potion Belt","Cauldron","Caltrops"],"campfire_rested":2,"item_purchase_floors":[2,20,39,39,42,42,42,53],"current_hp_per_floor":[59,59,59,59,55,55,55,55,55,55,55,23,23,2,21,21,55,53,32,32,32,32,32,32,25,25,25,25,38,38,38,38,38,59,53,53,53,53,53,53,10,10,10,10,44,44,44,37,37,24,56,56,56,21,5],"gold":113,"neow_bonus":"BOSS_RELIC","is_prod":false,"is_daily":false,"chose_seed":false,"campfire_upgraded":7,"win_rate":0,"timestamp":1544645207,"path_taken":["M","?","?","M","M","R","E","R","T","?","M","E","M","E","R","BOSS","M","?","$","?","M","E","R","E","T","R","E","?","M","?","R","BOSS","M","?","M","?","?","R","E","?","T","$","R","?","E","M","R","BOSS","R","$","E","BOSS"],"build_version":"2018-12-11","purchased_purges":2,"victory":true,"max_hp_per_floor":[66,66,66,66,66,66,66,66,66,66,66,66,66,66,66,66,66,66,66,66,66,66,66,66,66,66,66,66,66,66,66,66,66,66,66,66,66,66,66,66,66,66,66,66,66,66,66,66,66,66,66,66,66,73,73],"card_choices":[{"not_picked":["Dodge and Roll","Endless Agony"],"picked":"Blur","floor":1.0},{"not_picked":["Outmaneuver","Flying Knee","Sucker Punch"],"picked":"SKIP","floor":4.0},{"not_picked":["Prepared","Accuracy","Slice"],"picked":"SKIP","floor":5.0},{"not_picked":["Cloak And Dagger","Well Laid Plans"],"picked":"Dash","floor":7.0},{"not_picked":["Blade Dance","Bane"],"picked":"Quick Slash","floor":11.0},{"not_picked":["Riddle With Holes","Flechettes"],"picked":"Leg Sweep","floor":12.0},{"not_picked":["All Out Attack","Bane","Blade Dance"],"picked":"SKIP","floor":13.0},{"not_picked":["Slice","Terror"],"picked":"After Image","floor":14.0},{"not_picked":["Storm of Steel","Venomology"],"picked":"Bullet Time","floor":16.0},{"not_picked":["Deflect","Outmaneuver","Acrobatics"],"picked":"SKIP","floor":18.0},{"not_picked":["Dagger Spray","Prepared"],"picked":"Dash+1","floor":22.0},{"not_picked":["Quick Slash","Prepared","Finisher"],"picked":"SKIP","floor":23.0},{"not_picked":["Outmaneuver","Phantasmal Killer"],"picked":"Bouncing Flask+1","floor":25.0},{"not_picked":["Prepared","Underhanded Strike","Bouncing Flask"],"picked":"SKIP","floor":28.0},{"not_picked":["Escape Plan","Deadly Poison","PiercingWail"],"picked":"Blur","floor":30.0},{"not_picked":["Underhanded Strike","Deflect","Tactician"],"picked":"Dodge and Roll","floor":35.0},{"not_picked":["Flying Knee","Deflect","Blade Dance"],"picked":"Dodge and Roll+1","floor":37.0},{"not_picked":["Accuracy+1","Sucker Punch","Leg Sweep+1"],"picked":"Deadly Poison+1","floor":38.0},{"not_picked":["Cleave","Backflip","Doom and Gloom+1"],"picked":"Dark Shackles","floor":41},{"not_picked":["Infinite Blades+1","Seeing Red","Uppercut","Deadly Poison"],"picked":"SKIP","floor":47},{"not_picked":["Blade Dance","Clothesline","Thunderclap+1","Headbutt"],"picked":"SKIP","floor":48},{"not_picked":["Twin Strike","Dodge and Roll","Distraction","Skewer+1"],"picked":"SKIP","floor":54}],"player_experience":1012749,"relics_obtained":[{"floor":7.0,"key":"MawBank"},{"floor":9.0,"key":"Tiny Chest"},{"floor":12.0,"key":"Lantern"},{"floor":14.0,"key":"Du-Vu Doll"},{"floor":19.0,"key":"Necronomicon"},{"floor":25.0,"key":"Ancient Tea Set"},{"floor":26.0,"key":"Happy Flower"},{"floor":28.0,"key":"Question Card"},{"floor":31.0,"key":"Old Coin"},{"floor":38.0,"key":"Nunchaku"},{"floor":41,"key":"Regal Pillow"},{"floor":41,"key":"Shuriken"},{"floor":47,"key":"Snake Skull"},{"floor":47,"key":"War Paint"},{"floor":54,"key":"Bag of Preparation"},{"floor":54,"key":"Strawberry"}],"event_choices":[{"damage_healed":0.0,"max_hp_gain":0.0,"max_hp_loss":0.0,"gold_gain":0.0,"event_name":"The Cleric","player_choice":"Leave","floor":3.0,"gold_loss":0.0,"damage_taken":0.0},{"damage_healed":0.0,"max_hp_gain":0.0,"max_hp_loss":0.0,"gold_gain":0.0,"event_name":"Living Wall","player_choice":"Grow","floor":10.0,"gold_loss":0.0,"damage_taken":0.0,"cards_upgraded":["Dash"]},{"damage_healed":0.0,"max_hp_gain":0.0,"max_hp_loss":0.0,"gold_gain":0.0,"event_name":"Cursed Tome","player_choice":"Obtained Book","floor":19.0,"gold_loss":0.0,"damage_taken":21.0},{"damage_healed":0.0,"max_hp_gain":0.0,"max_hp_loss":0.0,"gold_gain":0.0,"event_name":"Ghosts","player_choice":"Ignored","floor":21.0,"gold_loss":0.0,"damage_taken":0.0},{"damage_healed":13.0,"max_hp_gain":0.0,"max_hp_loss":0.0,"gold_gain":0.0,"event_name":"The Library","player_choice":"Heal","floor":29.0,"gold_loss":0.0,"damage_taken":0.0},{"damage_healed":0.0,"max_hp_gain":0.0,"max_hp_loss":0.0,"gold_gain":0.0,"event_name":"Tomb of Lord Red Mask","player_choice":"Ignored","floor":36.0,"gold_loss":0.0,"damage_taken":0.0},{"damage_healed":0.0,"max_hp_gain":0.0,"max_hp_loss":0.0,"gold_gain":0.0,"event_name":"MindBloom","player_choice":"Fight","floor":38.0,"gold_loss":0.0,"damage_taken":0.0},{"cards_removed":["Quick Slash"],"damage_healed":0,"gold_gain":0,"player_choice":"Removed Attack","damage_taken":0,"max_hp_gain":0,"max_hp_loss":0,"event_name":"Falling","floor":46,"gold_loss":0}],"is_beta":true,"boss_relics":[{"not_picked":["Coffee Dripper","Cursed Key"],"picked":"Runic Pyramid"},{"not_picked":["Tiny House","Velvet Choker"],"picked":"Black Star"}],"items_purged_floors":[20,39],"is_endless":false,"potions_floor_spawned":[1,7,14,18,28,33,37,48],"ascension_level":18}