{"gold_per_floor":[111,131,146,146,160,160,195,210,258,278,278,294,305,318,318,417,717,733,733,733,250,217,217,217,217,243,262,177,177,187,218,218,218],"floor_reached":33,"playtime":7724,"items_purged":[],"score":420,"play_id":"aabb8df5-122b-4a0a-9ba9-67071f94cb35","local_time":"20180927213049","is_ascension_mode":true,"campfire_choices":[{"data":"Terror","floor":6,"key":"SMITH"},{"floor":11,"key":"REST"},{"floor":15,"key":"REST"},{"data":"Footwork","floor":23,"key":"SMITH"},{"data":"Leg Sweep","floor":25,"key":"SMITH"},{"floor":29,"key":"REST"},{"floor":32,"key":"REST"}],"neow_cost":"NONE","seed_source_timestamp":14741325701645,"circlet_count":0,"master_deck":["Defend_G+1","Defend_G+1","Defend_G+1","Defend_G+1","Defend_G+1","Strike_G+1","Strike_G+1","Strike_G+1","Strike_G+1","Strike_G+1","Survivor","Neutralize","AscendersBane","Terror+1","Cloak And Dagger","Cloak And Dagger","Blade Dance","Dagger Spray","Leg Sweep+1","Poisoned Stab","Escape Plan","Underhanded Strike","Dagger Throw","Burst+1","Shame","Decay","Clumsy","Cloak And Dagger","Footwork+1","Bane","Quick Slash+1","Noxious Fumes","All Out Attack+1","Distraction"],"relics":["Lizard Tail","Anchor","Vajra","Calling Bell","Happy Flower","Meat on the Bone","Old Coin","Bag of Marbles","Mummified Hand","Bag of Preparation","Sundial","PreservedInsect"],"potions_floor_usage":[7,16,22,31],"damage_taken":[{"damage":12,"enemies":"Cultist","floor":1,"turns":6},{"damage":4,"enemies":"Jaw Worm","floor":2,"turns":4},{"damage":0,"enemies":"Small Slimes","floor":3,"turns":3},{"damage":15,"enemies":"3 Louse","floor":5,"turns":5},{"damage":28,"enemies":"3 Sentries","floor":7,"turns":13},{"damage":33,"enemies":"Gremlin Gang","floor":8,"turns":6},{"damage":0,"enemies":"Looter","floor":10,"turns":3},{"damage":9,"enemies":"Lots of Slimes","floor":12,"turns":4},{"damage":0,"enemies":"Blue Slaver","floor":13,"turns":3},{"damage":0,"enemies":"Exordium Wildlife","floor":14,"turns":4},{"damage":39,"enemies":"Slime Boss","floor":16,"turns":12},{"damage":7,"enemies":"3 Byrds","floor":18,"turns":7},{"damage":27,"enemies":"2 Thieves","floor":22,"turns":5},{"damage":19,"enemies":"Snake Plant","floor":27,"turns":6},{"damage":16,"enemies":"Sentry and Sphere","floor":30,"turns":6},{"damage":19,"enemies":"Slavers","floor":31,"turns":7},{"damage":81,"enemies":"Automaton","floor":33,"turns":6}],"seed_played":"5393993587358761123","potions_obtained":[{"floor":2,"key":"Ancient Potion"},{"floor":5,"key":"GamblersBrew"},{"floor":13,"key":"Explosive Potion"},{"floor":30,"key":"Strength Potion"}],"is_trial":false,"path_per_floor":["M","M","M","?","M","R","E","M","T","M","R","M","M","M","R","B",null,"M","?","?","$","M","R","?","R","T","M","?","R","M","E","R"],"character_chosen":"THE_SILENT","items_purchased":["Bag of Marbles","Footwork","Mummified Hand","Bane"],"campfire_rested":4,"item_purchase_floors":[21,21,21,21],"current_hp_per_floor":[51,47,47,47,32,32,4,7,7,7,28,19,19,19,40,1,53,46,46,39,39,24,24,24,24,24,17,17,38,34,27,48,0],"gold":218,"neow_bonus":"BOSS_RELIC","is_prod":false,"is_daily":false,"chose_seed":false,"campfire_upgraded":3,"win_rate":0,"timestamp":1538076649,"path_taken":["M","M","?","?","M","R","E","M","T","M","R","?","M","M","R","BOSS","M","?","?","$","M","R","?","R","T","?","?","R","M","E","R","BOSS"],"build_version":"2018-09-26v2","purchased_purges":0,"victory":false,"max_hp_per_floor":[70,70,70,70,70,70,70,70,70,70,70,70,70,70,70,70,70,70,70,70,70,70,70,70,70,70,70,70,70,70,70,70,70],"card_choices":[{"not_picked":["Deflect","Cloak And Dagger"],"picked":"Terror","floor":1},{"not_picked":["Dagger Throw","Finisher"],"picked":"Cloak And Dagger","floor":2},{"not_picked":["Acrobatics","Poisoned Stab"],"picked":"Cloak And Dagger","floor":3},{"not_picked":["Backflip","Poisoned Stab"],"picked":"Blade Dance","floor":5},{"not_picked":["Caltrops","Footwork"],"picked":"Dagger Spray","floor":7},{"not_picked":["Slice","Venomology"],"picked":"Leg Sweep","floor":8},{"not_picked":["Terror","Prepared"],"picked":"Poisoned Stab","floor":10},{"not_picked":["Acrobatics","Cloak And Dagger"],"picked":"Escape Plan","floor":12},{"not_picked":["Setup","Finisher"],"picked":"Underhanded Strike","floor":13},{"not_picked":["Prepared","Cloak And Dagger"],"picked":"Dagger Throw","floor":14},{"not_picked":["Phantasmal Killer","A Thousand Cuts"],"picked":"Burst","floor":16},{"not_picked":["Expertise","Poisoned Stab"],"picked":"Cloak And Dagger","floor":18},{"not_picked":["Flechettes","Poisoned Stab"],"picked":"Quick Slash+1","floor":22},{"not_picked":["Acrobatics+1","Slice"],"picked":"Noxious Fumes","floor":27},{"not_picked":["Predator+1","Setup"],"picked":"All Out Attack+1","floor":30},{"not_picked":["Bane","Riddle With Holes"],"picked":"Distraction","floor":31}],"player_experience":523211,"relics_obtained":[{"floor":7,"key":"Anchor"},{"floor":9,"key":"Vajra"},{"floor":17,"key":"Happy Flower"},{"floor":17,"key":"Meat on the Bone"},{"floor":17,"key":"Old Coin"},{"floor":26,"key":"Bag of Preparation"},{"floor":31,"key":"PreservedInsect"}],"event_choices":[{"event_name":"Liars Game","player_choice":"disagreed","floor":4,"damage_taken":0},{"event_name":"Accursed Blacksmith","player_choice":"Forge","floor":19,"damage_taken":0},{"event_name":"Knowing Skull","player_choice":"","floor":20,"damage_taken":0},{"event_name":"Back to Basics","player_choice":"Simplicity","floor":24,"damage_taken":0},{"event_name":"Addict","player_choice":"Obtained Relic","floor":28,"damage_taken":0}],"is_beta":true,"boss_relics":[{"not_picked":["Orrery","Philosopher\u0027s Stone"],"picked":"Calling Bell"}],"items_purged_floors":[],"is_endless":false,"potions_floor_spawned":[2,5,13,14,30],"killed_by":"Automaton","ascension_level":11}