{"gold_per_floor":[118,135,24,39,39,39,53,83,155,169,169],"floor_reached":11,"playtime":502,"items_purged":[],"score":79,"play_id":"d51b669e-0b8d-4c85-9fc9-32a321c00c0d","local_time":"20190912125430","is_ascension_mode":true,"campfire_choices":[{"data":"Eruption","floor":6,"key":"SMITH"}],"neow_cost":"NONE","seed_source_timestamp":1256826380244,"circlet_count":0,"master_deck":["Strike_P","Strike_P","Strike_P","Strike_P","Defend_P","Defend_P","Defend_P","Defend_P","Eruption+1","Vigilance","CrushJoints","StepAndStrike","TalkToTheHand","MentalFortress","CutThroughFate","InnerPeace","WindmillStrike","CutThroughFate"],"relics":["Black Star","CaptainsWheel","Juzu Bracelet","Frozen Egg 2"],"potions_floor_usage":[8,11],"damage_taken":[{"damage":1,"enemies":"2 Louse","floor":1,"turns":4},{"damage":3,"enemies":"Jaw Worm","floor":2,"turns":4},{"damage":2,"enemies":"Cultist","floor":4,"turns":5},{"damage":3,"enemies":"Exordium Wildlife","floor":7,"turns":4},{"damage":22,"enemies":"Gremlin Nob","floor":8,"turns":3},{"damage":7,"enemies":"Looter","floor":10,"turns":4},{"damage":41,"enemies":"3 Sentries","floor":11,"turns":7}],"seed_played":"-8179888864971578303","potions_obtained":[{"floor":4,"key":"DuplicationPotion"},{"floor":8,"key":"Weak Potion"},{"floor":10,"key":"Regen Potion"}],"is_trial":false,"path_per_floor":["M","M","$","M","?","R","M","E","T","M","E"],"character_chosen":"WATCHER","items_purchased":["TalkToTheHand","MentalFortress"],"campfire_rested":0,"item_purchase_floors":[3,3],"current_hp_per_floor":[64,61,61,59,59,59,56,34,34,27,0],"gold":169,"neow_bonus":"BOSS_RELIC","is_prod":false,"is_daily":false,"chose_seed":false,"campfire_upgraded":1,"win_rate":0,"timestamp":1568285670,"path_taken":["M","M","$","M","?","R","M","E","T","M","E"],"build_version":"2019-09-11v2","purchased_purges":0,"victory":false,"max_hp_per_floor":[65,65,65,65,65,65,65,65,65,65,65],"card_choices":[{"not_picked":["Crescendo","Sanctity"],"picked":"CrushJoints","floor":1},{"not_picked":["FollowUp","Evaluate"],"picked":"StepAndStrike","floor":2},{"not_picked":["WaveOfTheHand","Meditate"],"picked":"CutThroughFate","floor":4},{"not_picked":["Clarity","Crescendo"],"picked":"InnerPeace","floor":7},{"not_picked":["Consecrate","WaveOfTheHand"],"picked":"WindmillStrike","floor":8},{"not_picked":["Weave","Pray"],"picked":"CutThroughFate","floor":10}],"player_experience":2028122,"relics_obtained":[{"floor":8,"key":"CaptainsWheel"},{"floor":8,"key":"Juzu Bracelet"},{"floor":9,"key":"Frozen Egg 2"}],"event_choices":[{"damage_healed":0,"gold_gain":0,"player_choice":"Leave","damage_taken":0,"max_hp_gain":0,"max_hp_loss":0,"event_name":"The Cleric","floor":5,"gold_loss":0}],"is_beta":true,"boss_relics":[],"items_purged_floors":[],"is_endless":false,"potions_floor_spawned":[4,8,10],"killed_by":"3 Sentries","ascension_level":1}