{"path_per_floor":["M","?","M","M","?","E","R","E","T","R","M","?","?","M","R","B",null,"M","T","?","M","?","R","E","R","T","E","M","R","E","?","R","B",null,"M","?","$","?","M","E","R","E","T","M","E","?","$","M","R","B"],"character_chosen":"THE_SILENT","items_purchased":["Magnetism","Distraction+1","Panacea+1","Transmutation+1","Apotheosis+1"],"gold_per_floor":[114,64,82,92,92,127,127,159,159,159,172,172,172,187,187,282,282,298,298,298,318,318,318,348,348,374,402,414,414,442,442,442,541,541,556,556,301,353,370,403,403,438,438,451,485,485,106,119,119,119],"floor_reached":51,"campfire_rested":2,"playtime":2535,"item_purchase_floors":[37,37,47,47,47],"current_hp_per_floor":[63,63,62,62,62,44,44,29,29,50,50,17,17,15,36,16,57,57,57,49,49,49,49,49,49,49,35,35,35,43,43,43,23,43,45,45,45,42,49,41,41,18,18,28,38,38,38,49,49,49],"items_purged":[],"gold":119,"score":1163,"play_id":"2f1c8d5e-5eb1-4b17-805a-a941859ff4ef","local_time":"20180601161630","is_prod":false,"is_daily":false,"chose_seed":false,"is_ascension_mode":true,"campfire_upgraded":7,"win_rate":0,"timestamp":1527862590,"campfire_choices":[{"data":"Catalyst","floor":7,"key":"SMITH"},{"floor":10,"key":"REST"},{"floor":15,"key":"REST"},{"data":"Noxious Fumes","floor":23,"key":"SMITH"},{"data":"Footwork","floor":25,"key":"SMITH"},{"data":"Deadly Poison","floor":29,"key":"SMITH"},{"data":"Dagger Spray","floor":32,"key":"SMITH"},{"data":"Magnetism","floor":41,"key":"SMITH"},{"data":"After Image","floor":49,"key":"SMITH"}],"path_taken":["M","?","M","?","?","E","R","E","T","R","M","?","?","M","R","BOSS","M","?","?","?","?","R","E","R","T","E","M","R","E","?","R","BOSS","M","?","?","?","M","E","R","E","T","?","E","?","$","M","R","BOSS"],"build_version":"2018-05-30v2","seed_source_timestamp":23048298627273,"purchased_purges":0,"victory":true,"master_deck":["Defend_G","Defend_G","Defend_G","Survivor","Neutralize+1","Bouncing Flask+1","Die Die Die+1","Choke+1","Dagger Spray+1","Leg Sweep","Catalyst+1","Deadly Poison+1","Footwork+1","Poisoned Stab","Adrenaline+1","PiercingWail+1","Bite","Bite","Bite","Bite","Bite","Noxious Fumes+1","Deadly Poison+1","Footwork+1","Deflect+1","Distraction+1","Bullet Time+1","Backflip+1","Magnetism+1","Distraction+1","Malaise+1","Predator","Dagger Spray+1","Crippling Poison+1","Quick Slash+1","After Image+1","Panacea+1","Transmutation+1","Apotheosis+1"],"max_hp_per_floor":[70,70,70,70,70,70,70,70,70,70,70,70,70,70,70,70,70,70,70,49,49,49,49,49,49,49,49,49,49,49,49,49,49,49,49,49,49,49,49,49,49,49,49,49,49,49,49,49,49,49],"relics":["Astrolabe","Boot","Kunai","Anchor","Toxic Egg 2","Sozu","Sundial","Dream Catcher","Happy Flower","Ornamental Fan","Thread and Needle","The Specimen","Black Star","Ginger","Smiling Mask","Paper Crane","Shuriken","Mummified Hand","The Courier","Blood Vial","Bag of Marbles","Spirit Poop"],"card_choices":[{"not_picked":["Finisher","Prepared"],"picked":"Underhanded Strike","floor":1},{"not_picked":["Cloak And Dagger","Prepared"],"picked":"Dagger Spray","floor":3},{"not_picked":["All Out Attack","Blur"],"picked":"Leg Sweep","floor":4},{"not_picked":["Expertise","Footwork"],"picked":"Catalyst","floor":6},{"not_picked":["Slice","Quick Slash"],"picked":"Deadly Poison","floor":8},{"not_picked":["Slice","Choke"],"picked":"Footwork","floor":11},{"not_picked":["Masterful Stab","Calculated Gamble+1"],"picked":"Poisoned Stab","floor":14},{"not_picked":["Unload","Bullet Time+1"],"picked":"Adrenaline+1","floor":16},{"not_picked":["Dagger Throw","Expertise+1"],"picked":"PiercingWail+1","floor":18},{"not_picked":["Prepared+1","Outmaneuver+1"],"picked":"Noxious Fumes","floor":21},{"not_picked":["Caltrops","Riddle With Holes"],"picked":"Deadly Poison+1","floor":24},{"not_picked":["All Out Attack","Eviscerate"],"picked":"Footwork+1","floor":27},{"not_picked":["Finisher","Eviscerate+1"],"picked":"Deflect+1","floor":28},{"not_picked":["Predator","Bouncing Flask+1"],"picked":"Distraction+1","floor":30},{"not_picked":["Grand Finale","Unload"],"picked":"Bullet Time+1","floor":33},{"not_picked":["Infinite Blades","Masterful Stab"],"picked":"Backflip+1","floor":35},{"not_picked":["Escape Plan+1","Prepared+1"],"picked":"Malaise+1","floor":38},{"not_picked":["Choke","Bane"],"picked":"Predator","floor":39},{"not_picked":["Dagger Throw+1","Prepared+1"],"picked":"Dagger Spray+1","floor":40},{"not_picked":["Sucker Punch","Glass Knife"],"picked":"Crippling Poison+1","floor":42},{"not_picked":["Skewer+1","Accuracy"],"picked":"Quick Slash+1","floor":44},{"not_picked":["Prepared+1","Expertise+1"],"picked":"After Image","floor":45},{"not_picked":["Acrobatics+1","Prepared+1","Flying Knee"],"picked":"SKIP","floor":48}],"player_experience":256208,"potions_floor_usage":[6,16,33],"damage_taken":[{"damage":0,"enemies":"Cultist","floor":1,"turns":2},{"damage":1,"enemies":"Jaw Worm","floor":3,"turns":2},{"damage":0,"enemies":"2 Louse","floor":4,"turns":2},{"damage":18,"enemies":"Lagavulin","floor":6,"turns":5},{"damage":15,"enemies":"3 Sentries","floor":8,"turns":5},{"damage":0,"enemies":"Lots of Slimes","floor":11,"turns":1},{"damage":2,"enemies":"Exordium Wildlife","floor":14,"turns":3},{"damage":20,"enemies":"Hexaghost","floor":16,"turns":6},{"damage":0,"enemies":"Chosen","floor":18,"turns":3},{"damage":0,"enemies":"Shell Parasite","floor":21,"turns":3},{"damage":3,"enemies":"Gremlin Leader","floor":24,"turns":5},{"damage":20,"enemies":"Slavers","floor":27,"turns":4},{"damage":4,"enemies":"Chosen and Byrds","floor":28,"turns":4},{"damage":0,"enemies":"Gremlin Leader","floor":30,"turns":4},{"damage":32,"enemies":"Champ","floor":33,"turns":10},{"damage":0,"enemies":"Orb Walker","floor":35,"turns":3},{"damage":9,"enemies":"Mysterious Sphere","floor":38,"turns":5},{"damage":1,"enemies":"Flame Bruiser 1 Orb","floor":39,"turns":5},{"damage":14,"enemies":"Nemesis","floor":40,"turns":7},{"damage":23,"enemies":"2 Orb Walkers","floor":42,"turns":4},{"damage":0,"enemies":"Transient","floor":44,"turns":5},{"damage":0,"enemies":"Giant Head","floor":45,"turns":5},{"damage":0,"enemies":"Sphere and 2 Shapes","floor":48,"turns":3},{"damage":7,"enemies":"Time Eater","floor":50,"turns":13}],"relics_obtained":[{"floor":6,"key":"Boot"},{"floor":8,"key":"Kunai"},{"floor":9,"key":"Anchor"},{"floor":19,"key":"Sundial"},{"floor":24,"key":"Dream Catcher"},{"floor":26,"key":"Happy Flower"},{"floor":27,"key":"Ornamental Fan"},{"floor":30,"key":"Thread and Needle"},{"floor":38,"key":"Ginger"},{"floor":40,"key":"Smiling Mask"},{"floor":40,"key":"Paper Crane"},{"floor":42,"key":"Shuriken"},{"floor":42,"key":"Mummified Hand"},{"floor":43,"key":"The Courier"},{"floor":45,"key":"Blood Vial"},{"floor":45,"key":"Bag of Marbles"}],"event_choices":[{"event_name":"The Cleric","player_choice":"Card Removal","floor":2,"damage_taken":0},{"event_name":"Purifier","player_choice":"One Purge","floor":5,"damage_taken":0},{"event_name":"Scrap Ooze","player_choice":"success","floor":12,"damage_taken":33},{"event_name":"Upgrade Shrine","player_choice":"Upgraded","floor":13,"damage_taken":0},{"event_name":"Vampires","player_choice":"Became a vampire","floor":20,"damage_taken":0},{"event_name":"Ghosts","player_choice":"Ignored","floor":22,"damage_taken":0},{"event_name":"The Mausoleum","player_choice":"Yes","floor":31,"damage_taken":0},{"event_name":"Mysterious Sphere","player_choice":"Fight","floor":38,"damage_taken":0},{"event_name":"Bonfire Elementals","player_choice":"CURSE","floor":46,"damage_taken":0}],"boss_relics":[{"not_picked":["Calling Bell","White Beast Statue"],"picked":"Sozu"},{"not_picked":["Lizard Tail","Pandora\u0027s Box"],"picked":"Black Star"}],"items_purged_floors":[],"potions_floor_spawned":[1,6,16,18,21,30,40,42,48],"seed_played":"-4292594859840252207","ascension_level":6,"potions_obtained":[{"floor":1,"key":"PowerPotion"},{"floor":6,"key":"Poison Potion"},{"floor":16,"key":"Fire Potion"}],"is_trial":false}