{"path_per_floor":["M","M","?","M","?","R","E","R","T","M","M","M","?","E","R","B",null,"M","M","M","?","M","R","M","?","T","M"],"character_chosen":"DEFECT","items_purchased":[],"gold_per_floor":[18,30,30,44,44,44,72,72,96,115,127,144,167,195,195,298,298,310,324,343,343,358,358,370,370,370,380,380],"floor_reached":28,"campfire_rested":1,"playtime":1298,"item_purchase_floors":[],"current_hp_per_floor":[80,79,79,77,82,82,55,55,55,57,59,53,51,50,50,26,77,65,61,36,17,9,38,26,26,26,10,0],"items_purged":[],"gold":380,"score":364,"play_id":"079502e0-f2c4-4f1e-996c-e64d0bbbe704","local_time":"20180614094601","is_prod":false,"is_daily":false,"chose_seed":false,"is_ascension_mode":true,"campfire_upgraded":3,"win_rate":0,"timestamp":1528962361,"campfire_choices":[{"data":"Zap","floor":6,"key":"SMITH"},{"data":"Tempest","floor":8,"key":"SMITH"},{"data":"Genetic Algorithm","floor":15,"key":"SMITH"},{"floor":23,"key":"REST"}],"path_taken":["M","M","?","M","?","R","E","R","T","M","?","M","?","E","R","BOSS","M","M","M","?","M","R","M","?","T","M","M"],"build_version":"2018-06-13v2","seed_source_timestamp":1359353552422,"purchased_purges":0,"victory":false,"master_deck":["Strike_B","Strike_B","Strike_B","Defend_B","Defend_B","Defend_B","Defend_B","Zap+1","Dualcast","Tempest+1","Ball Lightning","Steam","Heatsinks","Redo","Genetic Algorithm+1","BootSequence","Leap","Creative AI+1","Echo Form+1","Barrage+1","Static Discharge+1","Cold Snap","Conserve Battery","Amplify"],"max_hp_per_floor":[89,89,89,89,94,94,94,94,94,94,94,94,94,94,94,94,94,94,94,94,99,99,99,99,99,99,99,99],"relics":["Cracked Core","Bag of Preparation","Blood Vial","Odd Mushroom","Frozen Egg 2","Fusion Hammer","Gremlin Horn"],"card_choices":[{"not_picked":["Leap","Cold Snap"],"picked":"Tempest","floor":1},{"not_picked":["Hologram","Scrape"],"picked":"Ball Lightning","floor":2},{"not_picked":["Tempest","Cold Snap"],"picked":"Steam","floor":4},{"not_picked":["Redo","Turbo"],"picked":"Heatsinks","floor":7},{"not_picked":["Cold Snap","Ball Lightning"],"picked":"Redo","floor":10},{"not_picked":["Cold Snap","Hello World"],"picked":"Genetic Algorithm","floor":11},{"not_picked":["Heatsinks","Hologram"],"picked":"BootSequence","floor":12},{"not_picked":["Sweeping Beam","Stack"],"picked":"Leap","floor":13},{"not_picked":["Hologram","Rebound"],"picked":"Creative AI","floor":14},{"not_picked":["Electrodynamics+1","Fission"],"picked":"Echo Form+1","floor":16},{"not_picked":["Rebound","Cold Snap+1"],"picked":"Barrage+1","floor":18},{"not_picked":["BootSequence","Gash","Redo"],"picked":"SKIP","floor":19},{"not_picked":["Steam Power+1","Beam Cell"],"picked":"Static Discharge+1","floor":20},{"not_picked":["Go for the Eyes","Leap"],"picked":"Cold Snap","floor":22},{"not_picked":["BootSequence","Steam"],"picked":"Conserve Battery","floor":24},{"not_picked":["Rebound","Conserve Battery"],"picked":"Amplify","floor":27}],"player_experience":330626,"potions_floor_usage":[12,12,22,22,27],"damage_taken":[{"damage":2,"enemies":"Jaw Worm","floor":1,"turns":3},{"damage":1,"enemies":"Cultist","floor":2,"turns":3},{"damage":2,"enemies":"2 Louse","floor":4,"turns":2},{"damage":27,"enemies":"Gremlin Nob","floor":7,"turns":4},{"damage":0,"enemies":"Large Slime","floor":10,"turns":3},{"damage":0,"enemies":"2 Fungi Beasts","floor":11,"turns":2},{"damage":8,"enemies":"Exordium Thugs","floor":12,"turns":3},{"damage":4,"floor":13,"turns":4},{"damage":3,"enemies":"3 Sentries","floor":14,"turns":6},{"damage":26,"enemies":"The Guardian","floor":16,"turns":10},{"damage":14,"enemies":"Spheric Guardian","floor":18,"turns":4},{"damage":6,"enemies":"Shell Parasite","floor":19,"turns":4},{"damage":27,"enemies":"3 Cultists","floor":20,"turns":5},{"damage":28,"enemies":"Chosen and Byrds","floor":22,"turns":4},{"damage":14,"enemies":"Snake Plant","floor":24,"turns":3},{"damage":18,"enemies":"Slaver and Parasite","floor":27,"turns":6},{"damage":24,"enemies":"Snecko","floor":28,"turns":6}],"relics_obtained":[{"floor":7,"key":"Bag of Preparation"},{"floor":9,"key":"Blood Vial"},{"floor":13,"key":"Odd Mushroom"},{"floor":14,"key":"Frozen Egg 2"},{"floor":26,"key":"Gremlin Horn"}],"event_choices":[{"event_name":"Purifier","player_choice":"One Purge","floor":3,"damage_taken":0},{"event_name":"Big Fish","player_choice":"Donut","floor":5,"damage_taken":0},{"event_name":"Mushrooms","player_choice":"Fought Mushrooms","floor":13,"damage_taken":0},{"event_name":"Forgotten Altar","player_choice":"Shed Blood","floor":21,"damage_taken":0},{"event_name":"Drug Dealer","player_choice":"Ignored","floor":25,"damage_taken":0}],"boss_relics":[{"not_picked":["Snecko Eye","Busted Crown"],"picked":"Fusion Hammer"}],"items_purged_floors":[],"potions_floor_spawned":[7,11,13,14,20,24],"seed_played":"980430084653954738","killed_by":"Snecko","ascension_level":9,"potions_obtained":[{"floor":7,"key":"SteroidPotion"},{"floor":11,"key":"Energy Potion"},{"floor":13,"key":"SteroidPotion"},{"floor":14,"key":"FairyPotion"},{"floor":20,"key":"FocusPotion"},{"floor":24,"key":"Strength Potion"}],"is_trial":false}