{"gold_per_floor":[18,30,47,13,25,25,59,159,159,159,178,178,203,214,214,317,317,333,350,146,158,169,169],"floor_reached":23,"playtime":3212,"items_purged":["Strike_R"],"score":226,"play_id":"b6ba4842-01b9-4c69-aac5-e14244a538fd","local_time":"20190213074626","is_ascension_mode":true,"campfire_choices":[{"data":"Armaments","floor":6,"key":"SMITH"},{"floor":10,"key":"RECALL"},{"data":"Strike_R","floor":12,"key":"PURGE"},{"data":"Strike_R","floor":15,"key":"PURGE"}],"neow_cost":"NO_GOLD","seed_source_timestamp":385187085528330,"circlet_count":0,"master_deck":["Strike_R","Strike_R","Defend_R","Defend_R","Defend_R","Defend_R","Bash","Clash","Armaments+1","Cleave","Sever Soul","Intimidate","Feed","Twin Strike","Ghostly Armor","Feed","Rampage","Entrench+1","Metallicize","Shrug It Off","Clothesline","Inflame"],"relics":["Burning Blood","Peace Pipe","Bottled Flame","Meat on the Bone","Lizard Tail"],"potions_floor_usage":[7,7,13,16,23],"damage_taken":[{"damage":5,"enemies":"Cultist","floor":1,"turns":5},{"damage":7,"enemies":"Small Slimes","floor":2,"turns":3},{"damage":2,"enemies":"Jaw Worm","floor":3,"turns":3},{"damage":0,"enemies":"Exordium Thugs","floor":5,"turns":4},{"damage":9,"enemies":"Lagavulin","floor":7,"turns":6},{"damage":9,"enemies":"Blue Slaver","floor":11,"turns":4},{"damage":14,"enemies":"Gremlin Nob","floor":13,"turns":4},{"damage":7,"enemies":"2 Fungi Beasts","floor":14,"turns":5},{"damage":36,"enemies":"The Guardian","floor":16,"turns":13},{"damage":15,"enemies":"Shell Parasite","floor":18,"turns":9},{"damage":30,"enemies":"Chosen","floor":19,"turns":5},{"damage":39,"enemies":"Snake Plant","floor":21,"turns":9},{"damage":16,"enemies":"Snecko","floor":22,"turns":7},{"damage":58,"enemies":"Book of Stabbing","floor":23,"turns":9}],"seed_played":"-2642376397922972014","potions_obtained":[{"floor":1,"key":"Swift Potion"},{"floor":2,"key":"Poison Potion"},{"floor":11,"key":"SpeedPotion"},{"floor":13,"key":"Weak Potion"},{"floor":19,"key":"Poison Potion"}],"is_trial":false,"path_per_floor":["M","M","M","$","M","R","E","?","T","R","M","R","E","M","R","B",null,"M","M","$","M","M","E"],"character_chosen":"IRONCLAD","items_purchased":["Sever Soul","Metallicize","Shrug It Off"],"campfire_rested":0,"item_purchase_floors":[4,20,20],"current_hp_per_floor":[80,79,80,80,80,80,77,77,77,77,74,74,66,69,69,51,84,75,51,51,30,32,18],"gold":169,"neow_bonus":"ONE_RARE_RELIC","is_prod":false,"is_daily":false,"chose_seed":false,"campfire_upgraded":1,"win_rate":0,"timestamp":1550072786,"path_taken":["M","M","M","?","?","R","E","?","T","R","M","R","E","M","R","BOSS","M","M","$","M","?","E"],"build_version":"2019-01-23","purchased_purges":1,"victory":false,"max_hp_per_floor":[80,80,80,80,80,80,80,80,80,80,80,80,80,84,84,84,84,84,84,84,84,84,84],"card_choices":[{"not_picked":["Reckless Charge","Body Slam"],"picked":"Clash","floor":1},{"not_picked":["Wild Strike","Uppercut"],"picked":"Armaments","floor":2},{"not_picked":["True Grit","Perfected Strike"],"picked":"Cleave","floor":3},{"not_picked":["Havoc","Combust"],"picked":"Intimidate","floor":5},{"not_picked":["Power Through","Armaments"],"picked":"Feed","floor":7},{"not_picked":["True Grit","Flex"],"picked":"Twin Strike","floor":11},{"not_picked":["True Grit","Hemokinesis"],"picked":"Ghostly Armor","floor":13},{"not_picked":["Havoc","Uppercut","Headbutt"],"picked":"SKIP","floor":14},{"not_picked":["Reaper","Bludgeon"],"picked":"Feed","floor":16},{"not_picked":["Cleave","Clash"],"picked":"Rampage","floor":18},{"not_picked":["Body Slam","Warcry+1"],"picked":"Entrench+1","floor":19},{"not_picked":["Exhume","True Grit"],"picked":"Clothesline","floor":21},{"not_picked":["Pummel","Iron Wave+1"],"picked":"Inflame","floor":22}],"player_experience":160396,"relics_obtained":[{"floor":7,"key":"Bottled Flame"},{"floor":13,"key":"Meat on the Bone"}],"event_choices":[{"damage_healed":0,"gold_gain":100,"player_choice":"Pray","damage_taken":0,"max_hp_gain":0,"max_hp_loss":0,"event_name":"Golden Shrine","floor":8,"gold_loss":0}],"is_beta":false,"boss_relics":[{"not_picked":["Runic Cube","Fusion Hammer"],"picked":"Lizard Tail"}],"items_purged_floors":[20],"is_endless":false,"potions_floor_spawned":[1,2,11,13,19],"killed_by":"Book of Stabbing","ascension_level":2}