{"gold_per_floor":[109,109,129,143,68,68,94,94,94,94,113,148,148,164,164,241,241,251,271,194,206,216,216,216,243,292,292],"floor_reached":27,"playtime":1845,"items_purged":[],"score":450,"play_id":"d69592b1-ff22-48af-93b0-74cf1d672402","local_time":"20181107135429","is_ascension_mode":true,"campfire_choices":[{"data":"Defragment","floor":8,"key":"SMITH"},{"floor":10,"key":"REST"},{"floor":15,"key":"REST"},{"floor":23,"key":"REST"}],"neow_cost":"NONE","seed_source_timestamp":15921210056044,"circlet_count":0,"master_deck":["AscendersBane","Strike_B","Strike_B","Strike_B","Defend_B","Defend_B","Defend_B","Defend_B","Zap","Dualcast","Cold Snap","Defragment+1","Go for the Eyes","Static Discharge+1","Sweeping Beam","Amplify","Coolheaded","Rainbow","Coolheaded","White Noise","Defragment","Melter","Tempest","Storm"],"relics":["Cracked Core","Lantern","Regal Pillow","Blue Candle","Art of War","Inserter","Dream Catcher","Potion Belt"],"potions_floor_usage":[12,12,22,27],"damage_taken":[{"damage":1,"enemies":"Cultist","floor":1,"turns":3},{"damage":2,"enemies":"2 Louse","floor":3,"turns":2},{"damage":1,"enemies":"Small Slimes","floor":4,"turns":3},{"damage":23,"enemies":"3 Sentries","floor":7,"turns":8},{"damage":11,"enemies":"Exordium Wildlife","floor":11,"turns":4},{"damage":16,"enemies":"Gremlin Nob","floor":12,"turns":4},{"damage":18,"enemies":"3 Louse","floor":14,"turns":3},{"damage":30,"enemies":"Slime Boss","floor":16,"turns":9},{"damage":29,"enemies":"Shell Parasite","floor":18,"turns":3},{"damage":7,"enemies":"Chosen","floor":19,"turns":4},{"damage":13,"enemies":"Snecko","floor":21,"turns":5},{"damage":9,"enemies":"Cultist and Chosen","floor":22,"turns":5},{"damage":43,"enemies":"Slavers","floor":25,"turns":4},{"damage":23,"enemies":"Colosseum Slavers","floor":27,"turns":1}],"seed_played":"3037673688609246557","potions_obtained":[{"floor":1,"key":"FearPotion"},{"floor":4,"key":"Weak Potion"},{"floor":12,"key":"Fire Potion"},{"floor":18,"key":"GamblersBrew"}],"is_trial":false,"path_per_floor":["M","$","M","M","?","?","E","R","T","R","M","E","?","M","R","B",null,"M","M","$","M","M","R","?","E","T","?"],"character_chosen":"DEFECT","items_purchased":["Defragment"],"campfire_rested":3,"item_purchase_floors":[20],"current_hp_per_floor":[70,70,68,67,67,41,18,18,18,56,45,29,29,11,49,19,63,34,27,27,14,5,43,59,16,16,0],"gold":292,"neow_bonus":"TEN_PERCENT_HP_BONUS","is_prod":false,"is_daily":false,"chose_seed":false,"campfire_upgraded":1,"win_rate":0,"timestamp":1541595269,"path_taken":["M","?","M","M","?","?","E","R","T","R","M","E","?","?","R","BOSS","M","M","$","M","M","R","?","E","T","?"],"build_version":"2018-11-06","purchased_purges":0,"victory":false,"max_hp_per_floor":[78,78,78,78,78,78,78,78,78,78,78,78,78,78,78,78,78,78,78,78,78,78,78,78,78,78,78],"card_choices":[{"not_picked":["Consume","Chaos"],"picked":"Cold Snap","floor":1},{"not_picked":["Beam Cell","Sweeping Beam"],"picked":"Defragment","floor":3},{"not_picked":["Hologram","Turbo"],"picked":"Go for the Eyes","floor":4},{"not_picked":["Coolheaded","Turbo"],"picked":"Static Discharge","floor":7},{"not_picked":["Reinforced Body","Streamline"],"picked":"Sweeping Beam","floor":11},{"not_picked":["Skim","Static Discharge"],"picked":"Amplify","floor":12},{"not_picked":["Darkness","Conserve Battery"],"picked":"Coolheaded","floor":14},{"not_picked":["Multi-Cast","Machine Learning"],"picked":"Rainbow","floor":16},{"not_picked":["Beam Cell","Scrape"],"picked":"Coolheaded","floor":18},{"not_picked":["Redo+1","Rip and Tear"],"picked":"White Noise","floor":19},{"not_picked":["Undo","Scrape"],"picked":"Melter","floor":21},{"not_picked":["Barrage","Cold Snap"],"picked":"Tempest","floor":22},{"not_picked":["Rip and Tear","Beam Cell"],"picked":"Storm","floor":25}],"player_experience":764584,"relics_obtained":[{"floor":7,"key":"Regal Pillow"},{"floor":9,"key":"Blue Candle"},{"floor":12,"key":"Art of War"},{"floor":25,"key":"Dream Catcher"},{"floor":26,"key":"Potion Belt"}],"event_choices":[{"cards_removed":["Strike_B"],"damage_healed":0,"gold_gain":0,"player_choice":"Card Removal","damage_taken":0,"max_hp_gain":0,"max_hp_loss":0,"event_name":"The Cleric","floor":5,"gold_loss":75},{"damage_healed":0,"gold_gain":0,"player_choice":"Success","damage_taken":26,"relics_obtained":["Lantern"],"max_hp_gain":0,"max_hp_loss":0,"event_name":"Scrap Ooze","floor":6,"gold_loss":0},{"damage_healed":0,"gold_gain":0,"player_choice":"Upgraded","damage_taken":0,"max_hp_gain":0,"max_hp_loss":0,"event_name":"Upgrade Shrine","floor":13,"gold_loss":0,"cards_upgraded":["Static Discharge"]},{"damage_healed":16,"gold_gain":0,"player_choice":"Heal","damage_taken":0,"max_hp_gain":0,"max_hp_loss":0,"event_name":"The Library","floor":24,"gold_loss":0},{"damage_healed":0,"gold_gain":0,"player_choice":"Fight","damage_taken":0,"max_hp_gain":0,"max_hp_loss":0,"event_name":"Colosseum","floor":27,"gold_loss":0}],"is_beta":true,"boss_relics":[{"not_picked":["Sozu","Eternal Feather"],"picked":"Inserter"}],"items_purged_floors":[],"is_endless":false,"potions_floor_spawned":[1,4,11,12,18],"killed_by":"Colosseum Slavers","ascension_level":17}