{"gold_per_floor":[114,114,129,147,162,162,179,191,215,228,246,260,260,104,104,181,181,198,198,57,75,87,87,97,124,136,98,110,138,93,93,93,172,172,187,204,204,219,269,269,269],"floor_reached":41,"playtime":2922,"items_purged":[],"score":802,"play_id":"08116db1-96f3-4523-ba4b-2c3dc6dd98e8","local_time":"20190731195910","is_ascension_mode":true,"campfire_choices":[{"data":"Hello World","floor":6,"key":"SMITH"},{"floor":15,"key":"REST"},{"floor":23,"key":"REST"},{"floor":28,"key":"REST"},{"floor":32,"key":"REST"},{"floor":40,"key":"REST"}],"neow_cost":"NONE","seed_source_timestamp":415375924177900,"circlet_count":0,"master_deck":["AscendersBane","Strike_B","Strike_B","Strike_B","Defend_B","Defend_B","Defend_B","Defend_B","Zap","Dualcast","Undo","Gash","Go for the Eyes+1","Hello World+1","Glacier","Cold Snap","Turbo","Streamline","Sweeping Beam","Doom and Gloom","Gash","Stack","All For One","Electrodynamics","Cold Snap","FTL","Leap","Lockon+1","Self Repair","Cold Snap","Conserve Battery","Loop+1","Echo Form","Compile Driver","Hologram+1","Hello World+1","Stack"],"relics":["Cracked Core","NeowsBlessing","Bronze Scales","Orrery","Mummified Hand","MawBank","Bottled Lightning","Kunai","Cursed Key"],"potions_floor_usage":[5,11,16,18,21,22,22,25,33,38,38],"damage_taken":[{"damage":0,"enemies":"Small Slimes","floor":1,"turns":1},{"damage":0,"enemies":"Cultist","floor":3,"turns":1},{"damage":0,"enemies":"2 Louse","floor":4,"turns":1},{"damage":19,"enemies":"Exordium Thugs","floor":5,"turns":8},{"damage":26,"enemies":"Gremlin Gang","floor":7,"turns":7},{"damage":0,"enemies":"Blue Slaver","floor":8,"turns":5},{"damage":0,"enemies":"Exordium Thugs","floor":10,"turns":4},{"damage":17,"enemies":"Gremlin Gang","floor":11,"turns":3},{"damage":0,"enemies":"Red Slaver","floor":12,"turns":4},{"damage":16,"enemies":"Slime Boss","floor":16,"turns":11},{"damage":11,"enemies":"2 Thieves","floor":18,"turns":4},{"damage":2,"enemies":"Spheric Guardian","floor":21,"turns":4},{"damage":19,"enemies":"Shelled Parasite and Fungi","floor":22,"turns":4},{"damage":24,"enemies":"Snake Plant","floor":24,"turns":3},{"damage":8,"enemies":"Gremlin Leader","floor":25,"turns":7},{"damage":7,"enemies":"Snecko","floor":29,"turns":4},{"damage":55,"enemies":"Collector","floor":33,"turns":11},{"damage":8,"enemies":"Orb Walker","floor":35,"turns":5},{"damage":16,"enemies":"3 Darklings","floor":36,"turns":4},{"damage":29,"enemies":"Transient","floor":38,"turns":6},{"damage":61,"enemies":"Reptomancer","floor":41,"turns":2}],"seed_played":"-353769147275070968","potions_obtained":[{"floor":1,"key":"FocusPotion"},{"floor":2,"key":"Regen Potion"},{"floor":2,"key":"SkillPotion"},{"floor":11,"key":"Ancient Potion"},{"floor":16,"key":"SpeedPotion"},{"floor":21,"key":"Fire Potion"},{"floor":24,"key":"FocusPotion"},{"floor":25,"key":"GamblersBrew"},{"floor":36,"key":"FocusPotion"}],"is_trial":false,"path_per_floor":["M","?","M","M","M","R","M","M","T","M","M","M","?","$","R","B",null,"M","?","$","M","M","R","M","E","T","?","R","M","$","T","R","B",null,"M","M","?","M","?","R","E"],"character_chosen":"DEFECT","items_purchased":["PowerPotion","Gash","Stack","Self Repair","PowerPotion","Strength Potion"],"campfire_rested":5,"item_purchase_floors":[14,14,14,20,20,30],"current_hp_per_floor":[64,64,64,64,45,45,19,19,19,19,2,2,2,2,23,7,55,44,44,44,49,30,51,27,26,26,26,47,40,40,40,61,13,57,56,40,40,18,18,39,0],"gold":269,"neow_bonus":"THREE_ENEMY_KILL","is_prod":false,"is_daily":false,"chose_seed":false,"campfire_upgraded":1,"win_rate":0,"timestamp":1564617550,"path_taken":["M","?","M","?","M","R","M","?","T","M","M","M","?","$","R","BOSS","M","?","$","M","?","R","M","E","T","?","R","M","?","?","R","BOSS","M","?","?","?","?","R","E"],"build_version":"2019-07-17","purchased_purges":0,"victory":false,"max_hp_per_floor":[71,71,71,71,71,71,71,71,71,71,71,71,71,71,71,71,71,71,71,71,71,71,71,71,71,71,71,71,71,71,71,71,71,71,71,71,71,71,71,71,71],"card_choices":[{"not_picked":["Recycle","Storm"],"picked":"Undo","floor":1},{"not_picked":["Streamline","Conserve Battery"],"picked":"Gash","floor":3},{"not_picked":["Conserve Battery","Reinforced Body"],"picked":"Go for the Eyes","floor":4},{"not_picked":["Turbo","Streamline"],"picked":"Hello World","floor":5},{"not_picked":["Lockon","Reboot"],"picked":"Glacier","floor":7},{"not_picked":["Coolheaded","Hologram"],"picked":"Cold Snap","floor":8},{"not_picked":["Storm","Hello World"],"picked":"Turbo","floor":10},{"not_picked":["Barrage","Leap"],"picked":"Streamline","floor":11},{"not_picked":["Rainbow","Chill"],"picked":"Sweeping Beam","floor":12},{"not_picked":["Meteor Strike","Buffer"],"picked":"All For One","floor":16},{"not_picked":["Steam","Sweeping Beam"],"picked":"Conserve Battery","floor":17},{"not_picked":["Beam Cell","Blizzard"],"picked":"Electrodynamics","floor":17},{"not_picked":["Rebound","Sunder"],"picked":"Cold Snap","floor":17},{"not_picked":["Beam Cell","Cold Snap"],"picked":"FTL","floor":17},{"not_picked":["Reprogram","Aggregate"],"picked":"Leap","floor":17},{"not_picked":["Streamline","Coolheaded"],"picked":"Lockon+1","floor":18},{"not_picked":["Beam Cell","Fusion"],"picked":"Cold Snap","floor":21},{"not_picked":["Amplify","Recycle"],"picked":"Conserve Battery","floor":22},{"not_picked":["Double Energy","Go for the Eyes","Cold Snap"],"picked":"SKIP","floor":24},{"not_picked":["Sweeping Beam","Loop","Tempest"],"picked":"SKIP","floor":25},{"not_picked":["Streamline","Sweeping Beam"],"picked":"Loop+1","floor":29},{"not_picked":["Machine Learning","Fission"],"picked":"Echo Form","floor":33},{"not_picked":["Coolheaded","Sweeping Beam+1"],"picked":"Compile Driver","floor":35},{"not_picked":["Sweeping Beam","Blizzard+1"],"picked":"Hologram+1","floor":36},{"not_picked":["Steam+1","Darkness"],"picked":"Stack","floor":38}],"player_experience":778175,"relics_obtained":[{"floor":9,"key":"Bronze Scales"},{"floor":25,"key":"MawBank"},{"floor":26,"key":"Bottled Lightning"},{"floor":31,"key":"Kunai"}],"event_choices":[{"damage_healed":0,"gold_gain":0,"player_choice":"Got Potions","damage_taken":0,"max_hp_gain":0,"max_hp_loss":0,"event_name":"Lab","floor":2,"gold_loss":0},{"damage_healed":0,"gold_gain":0,"cards_transformed":["Strike_B"],"player_choice":"Transformed","damage_taken":0,"max_hp_gain":0,"max_hp_loss":0,"event_name":"Transmorgrifier","floor":13,"gold_loss":0,"cards_obtained":["Doom and Gloom"]},{"cards_removed":["Conserve Battery"],"damage_healed":0,"gold_gain":0,"player_choice":"Gave Card","damage_taken":0,"relics_obtained":["Mummified Hand"],"max_hp_gain":0,"max_hp_loss":0,"event_name":"WeMeetAgain","floor":19,"gold_loss":0},{"damage_healed":0,"gold_gain":0,"player_choice":"Upgrade","damage_taken":0,"max_hp_gain":0,"max_hp_loss":0,"event_name":"Designer","floor":27,"gold_loss":50,"cards_upgraded":["Go for the Eyes"]},{"damage_healed":0,"gold_gain":0,"player_choice":"Copied","damage_taken":0,"max_hp_gain":0,"max_hp_loss":0,"event_name":"Duplicator","floor":37,"gold_loss":0,"cards_obtained":["Hello World"]},{"damage_healed":0,"gold_gain":50,"player_choice":"Pray","damage_taken":0,"max_hp_gain":0,"max_hp_loss":0,"event_name":"Golden Shrine","floor":39,"gold_loss":0}],"is_beta":false,"boss_relics":[{"not_picked":["Lizard Tail","Velvet Choker"],"picked":"Orrery"},{"not_picked":["Runic Dome","Empty Cage"],"picked":"Cursed Key"}],"items_purged_floors":[],"is_endless":false,"potions_floor_spawned":[1,3,11,16,21,24,25,36],"killed_by":"Reptomancer","ascension_level":18}