{"gold_per_floor":[117,137,137,29,104,138,151,176,202,226,226,69,69,85,85,162,162,182,198,198,218,232,232,260,260,285,285,297,212,222,247,247,321,321,335,351,351,351],"floor_reached":38,"playtime":6879,"items_purged":[],"score":833,"play_id":"e838d8c4-565a-423c-ab4d-60af59138510","local_time":"20181031215433","is_ascension_mode":true,"campfire_choices":[{"data":"Carnage","floor":11,"key":"SMITH"},{"data":"Disarm","floor":13,"key":"SMITH"},{"data":"Discovery","floor":15,"key":"SMITH"},{"floor":23,"key":"REST"},{"floor":25,"key":"REST"},{"floor":27,"key":"REST"},{"floor":32,"key":"REST"}],"neow_cost":"NONE","seed_source_timestamp":3844920965759,"circlet_count":0,"master_deck":["Defend_R","Defend_R","Defend_R","Defend_R","Bash","AscendersBane","Shrug It Off","Carnage+1","Discovery+1","Disarm+1","Metallicize","Metallicize","Second Wind","Fiend Fire","Clothesline","Intimidate","Bite","Bite","Bite","Bite","Bite","Inflame","Disarm+1","Iron Wave+1","Uppercut","Spot Weakness","Dual Wield","Pommel Strike","Twin Strike","Rampage","Exhume","Madness","Madness"],"relics":["Burning Blood","NeowsBlessing","Orichalcum","Smiling Mask","Meat on the Bone","Dream Catcher","Pen Nib","Vajra","Fusion Hammer","Anchor","Happy Flower","Regal Pillow","Oddly Smooth Stone","Mark of Pain"],"potions_floor_usage":[38],"damage_taken":[{"damage":0,"enemies":"Small Slimes","floor":1,"turns":1},{"damage":0,"enemies":"Jaw Worm","floor":2,"turns":1},{"damage":0,"enemies":"Lagavulin","floor":6,"turns":1},{"damage":12,"enemies":"2 Louse","floor":7,"turns":3},{"damage":22,"enemies":"3 Sentries","floor":8,"turns":10},{"damage":15,"enemies":"Lots of Slimes","floor":14,"turns":5},{"damage":2,"enemies":"Hexaghost","floor":16,"turns":12},{"damage":9,"enemies":"3 Byrds","floor":18,"turns":6},{"damage":5,"enemies":"2 Thieves","floor":19,"turns":3},{"damage":12,"enemies":"Shelled Parasite and Fungi","floor":21,"turns":4},{"damage":11,"enemies":"Sentry and Sphere","floor":22,"turns":6},{"damage":8,"enemies":"Book of Stabbing","floor":24,"turns":6},{"damage":8,"enemies":"3 Cultists","floor":28,"turns":5},{"damage":0,"enemies":"Snake Plant","floor":30,"turns":1},{"damage":15,"enemies":"Gremlin Leader","floor":31,"turns":6},{"damage":35,"enemies":"Champ","floor":33,"turns":11},{"damage":0,"enemies":"Orb Walker","floor":35,"turns":3},{"damage":23,"enemies":"3 Darklings","floor":36,"turns":4},{"damage":55,"enemies":"2 Orb Walkers","floor":38,"turns":5}],"seed_played":"-5118069703713429851","potions_obtained":[{"floor":2,"key":"Dexterity Potion"},{"floor":7,"key":"FearPotion"},{"floor":21,"key":"FairyPotion"},{"floor":36,"key":"BloodPotion"}],"is_trial":false,"path_per_floor":["M","M","?","$","?","E","M","E","T","T","R","$","R","M","R","B",null,"M","M","?","M","M","R","E","R","T","R","M","?","M","E","R","B",null,"M","M","?","?"],"character_chosen":"IRONCLAD","items_purchased":["Discovery","Vajra"],"campfire_rested":4,"item_purchase_floors":[4,12],"current_hp_per_floor":[74,75,64,64,53,59,53,37,37,37,37,37,37,40,40,44,67,64,65,52,52,48,52,52,52,52,52,52,52,52,43,52,44,50,52,39,30,0],"gold":351,"neow_bonus":"THREE_ENEMY_KILL","is_prod":false,"is_daily":false,"chose_seed":false,"campfire_upgraded":3,"win_rate":0,"timestamp":1541019273,"path_taken":["M","M","?","$","?","E","M","E","T","?","R","?","R","M","R","BOSS","M","M","?","M","M","R","E","R","T","R","M","?","M","E","R","BOSS","M","M","?","?"],"build_version":"2018-10-30","purchased_purges":0,"victory":false,"max_hp_per_floor":[75,75,75,75,75,75,75,75,75,75,75,75,75,75,75,75,75,75,75,52,52,52,52,52,52,52,52,52,52,52,52,52,52,52,52,52,52,52],"card_choices":[{"not_picked":["Iron Wave","Anger"],"picked":"Shrug It Off","floor":1},{"not_picked":["Heavy Blade","Combust"],"picked":"Carnage","floor":2},{"not_picked":["Armaments","Flex"],"picked":"Disarm","floor":6},{"not_picked":["Cleave","Wild Strike"],"picked":"Metallicize","floor":7},{"not_picked":["Reckless Charge","Seeing Red"],"picked":"Metallicize","floor":8},{"not_picked":["Clash","Reckless Charge"],"picked":"Second Wind","floor":14},{"not_picked":["Demon Form","Juggernaut"],"picked":"Fiend Fire","floor":16},{"not_picked":["Havoc","Seeing Red"],"picked":"Clothesline","floor":18},{"not_picked":["Anger","Twin Strike"],"picked":"Intimidate","floor":19},{"not_picked":["Clash","Anger"],"picked":"Inflame","floor":21},{"not_picked":["Iron Wave+1","Inflame"],"picked":"Disarm+1","floor":22},{"not_picked":["Ghostly Armor","Flex"],"picked":"Iron Wave+1","floor":23},{"not_picked":["Flame Barrier","Sword Boomerang+1"],"picked":"Uppercut","floor":24},{"not_picked":["Heavy Blade","Iron Wave"],"picked":"Spot Weakness","floor":25},{"not_picked":["Carnage","Havoc"],"picked":"Dual Wield","floor":27},{"not_picked":["Power Through","Thunderclap+1"],"picked":"Pommel Strike","floor":28},{"not_picked":["Sword Boomerang","Thunderclap","Clothesline"],"picked":"SKIP","floor":30},{"not_picked":["Hemokinesis","Sever Soul"],"picked":"Twin Strike","floor":31},{"not_picked":["Ghostly Armor","Uppercut"],"picked":"Rampage","floor":32},{"not_picked":["Juggernaut","Dark Embrace"],"picked":"Exhume","floor":33},{"not_picked":["Armaments","Infernal Blade","Cleave"],"picked":"SKIP","floor":35},{"not_picked":["Shrug It Off","Sever Soul","True Grit"],"picked":"SKIP","floor":36}],"player_experience":730062,"relics_obtained":[{"floor":6,"key":"Smiling Mask"},{"floor":8,"key":"Meat on the Bone"},{"floor":9,"key":"Dream Catcher"},{"floor":10,"key":"Pen Nib"},{"floor":24,"key":"Anchor"},{"floor":26,"key":"Happy Flower"},{"floor":31,"key":"Oddly Smooth Stone"}],"event_choices":[{"damage_healed":0,"gold_gain":0,"player_choice":"Success","damage_taken":11,"relics_obtained":["Orichalcum"],"max_hp_gain":0,"max_hp_loss":0,"event_name":"Scrap Ooze","floor":3,"gold_loss":0},{"damage_healed":0,"gold_gain":75,"player_choice":"Gather Gold","damage_taken":11,"max_hp_gain":0,"max_hp_loss":0,"event_name":"World of Goop","floor":5,"gold_loss":0},{"damage_healed":0,"gold_gain":0,"player_choice":"Became a vampire","damage_taken":0,"max_hp_gain":0,"max_hp_loss":23,"event_name":"Vampires","floor":20,"gold_loss":0,"cards_obtained":["Bite","Bite","Bite","Bite","Bite"]},{"damage_healed":0,"gold_gain":0,"player_choice":"Obtained Relic","damage_taken":0,"relics_obtained":["Regal Pillow"],"max_hp_gain":0,"max_hp_loss":0,"event_name":"Addict","floor":29,"gold_loss":85},{"damage_healed":0,"gold_gain":0,"player_choice":"Embrace Madness","damage_taken":9,"max_hp_gain":0,"max_hp_loss":0,"event_name":"Winding Halls","floor":37,"gold_loss":0,"cards_obtained":["Madness","Madness"]},{"damage_healed":0,"gold_gain":0,"player_choice":"Fight","damage_taken":0,"max_hp_gain":0,"max_hp_loss":0,"event_name":"Mysterious Sphere","floor":38,"gold_loss":0}],"is_beta":true,"boss_relics":[{"not_picked":["Empty Cage","White Beast Statue"],"picked":"Fusion Hammer"},{"not_picked":["Snecko Eye","Lizard Tail"],"picked":"Mark of Pain"}],"items_purged_floors":[],"is_endless":false,"potions_floor_spawned":[2,7,8,16,21,28,30,33,35,36],"killed_by":"2 Orb Walkers","ascension_level":16}