{"gold_per_floor":[363,374,151,165,165,193,205,244,282,307,354,366,453,465,477,489],"floor_reached":16,"playtime":323,"items_purged":["Strike_B"],"score":236,"play_id":"a45443a0-9b0b-40c4-a712-b0b7e7fa1501","local_time":"20190328154709","is_ascension_mode":true,"campfire_choices":[{"data":"Sunder","floor":7,"key":"SMITH"},{"floor":12,"key":"REST"},{"floor":15,"key":"REST"}],"neow_cost":"PERCENT_DAMAGE","seed_source_timestamp":23467162404315,"circlet_count":0,"master_deck":["AscendersBane","Strike_B","Strike_B","Strike_B","Defend_B","Defend_B","Defend_B","Defend_B","Zap","Dualcast","Ball Lightning","Coolheaded","Sunder+1","Genetic Algorithm","Consume","Defragment"],"relics":["Cracked Core","MawBank","PreservedInsect","Boot","Mercury Hourglass"],"potions_floor_usage":[6,16],"damage_taken":[{"damage":1,"enemies":"Cultist","floor":1,"turns":3},{"damage":9,"enemies":"2 Louse","floor":2,"turns":3},{"damage":0,"enemies":"Jaw Worm","floor":4,"turns":3},{"damage":11,"enemies":"Gremlin Nob","floor":6,"turns":3},{"damage":10,"enemies":"3 Sentries","floor":8,"turns":5},{"damage":11,"enemies":"2 Fungi Beasts","floor":10,"turns":3},{"damage":30,"enemies":"Gremlin Nob","floor":11,"turns":4},{"damage":33,"enemies":"The Guardian","floor":16,"turns":2}],"seed_played":"1969038972958876810","potions_obtained":[{"floor":1,"key":"SpeedPotion"},{"floor":8,"key":"SteroidPotion"},{"floor":11,"key":"Strength Potion"}],"is_trial":false,"path_per_floor":["M","M","$","M","?","E","R","E","T","M","E","R","?","?","R","B"],"character_chosen":"DEFECT","items_purchased":["Coolheaded","Sunder","Poison Potion"],"campfire_rested":2,"item_purchase_floors":[3,3,3],"current_hp_per_floor":[45,36,36,36,71,60,60,50,50,39,9,30,19,1,22,0],"gold":489,"neow_bonus":"TWO_FIFTY_GOLD","is_prod":false,"is_daily":false,"chose_seed":false,"campfire_upgraded":1,"win_rate":0,"timestamp":1553784429,"path_taken":["M","M","$","?","?","E","R","E","T","?","E","R","?","?","R","BOSS"],"build_version":"2019-01-23","purchased_purges":1,"victory":false,"max_hp_per_floor":[71,71,71,71,71,71,71,71,71,71,71,71,71,71,71,71],"card_choices":[{"not_picked":["Self Repair","Consume"],"picked":"Ball Lightning","floor":1},{"not_picked":["Redo","Stack"],"picked":"Undo","floor":2},{"not_picked":["Redo","Hologram","Undo"],"picked":"SKIP","floor":4},{"not_picked":["Fission","Sweeping Beam"],"picked":"Genetic Algorithm","floor":6},{"not_picked":["Streamline","Force Field","Aggregate"],"picked":"SKIP","floor":8},{"not_picked":["Sweeping Beam","Hologram"],"picked":"Consume","floor":10},{"not_picked":["Barrage","Go for the Eyes"],"picked":"Defragment","floor":11}],"player_experience":1494001,"relics_obtained":[{"floor":6,"key":"MawBank"},{"floor":8,"key":"PreservedInsect"},{"floor":9,"key":"Boot"},{"floor":11,"key":"Mercury Hourglass"}],"event_choices":[{"cards_removed":["Undo"],"damage_healed":35,"gold_gain":0,"player_choice":"Offered Uncommon","damage_taken":0,"max_hp_gain":0,"max_hp_loss":0,"event_name":"Bonfire Elementals","floor":5,"gold_loss":0},{"damage_healed":0,"gold_gain":75,"player_choice":"Gather Gold","damage_taken":11,"max_hp_gain":0,"max_hp_loss":0,"event_name":"World of Goop","floor":13,"gold_loss":0},{"damage_healed":0,"gold_gain":0,"player_choice":"Fled","damage_taken":18,"max_hp_gain":0,"max_hp_loss":0,"event_name":"Scrap Ooze","floor":14,"gold_loss":0}],"is_beta":false,"boss_relics":[],"items_purged_floors":[3],"is_endless":false,"potions_floor_spawned":[1,8,11],"killed_by":"The Guardian","ascension_level":20}