{"gold_per_floor":[119,135,16,16,16,16,50,74,97,122,147,178,178,191,191,315,315,338,354,372,227,246,286,80,100,100,123,123,148,148,184,184,313,313,337,353,353,368,387,387,411,411,458,516,532,5,5,24,24,24],"floor_reached":51,"playtime":2981,"items_purged":["Strike_G","Strike_G","Defend_G"],"score":755,"play_id":"c2a6fa4d-ac86-4a00-8bf0-c571b190a447","local_time":"20190930210600","is_ascension_mode":false,"campfire_choices":[{"floor":13.0,"key":"REST"},{"data":"Footwork","floor":15.0,"key":"SMITH"},{"floor":28.0,"key":"REST"},{"floor":30.0,"key":"REST"},{"data":"Noxious Fumes","floor":32.0,"key":"SMITH"},{"data":"Noxious Fumes","floor":40.0,"key":"SMITH"},{"floor":47.0,"key":"REST"},{"floor":49.0,"key":"REST"}],"neow_cost":"NONE","seed_source_timestamp":747221313629000,"circlet_count":0,"master_deck":["Strike_G","Strike_G","Strike_G","Defend_G","Defend_G","Defend_G","Survivor","Neutralize+1","Flying Knee","Footwork+1","Poisoned Stab+1","Backflip","Poisoned Stab","Noxious Fumes+1","PiercingWail","Sucker Punch+1","Sucker Punch+1","Adrenaline","Noxious Fumes+1","Deflect","Escape Plan","Caltrops","Backflip+1","Slice+1","Catalyst","Well Laid Plans","Sucker Punch+1","Flying Knee+1","Flying Knee+1","Envenom","Cloak And Dagger+1","Escape Plan+1","Deadly Poison+1","Caltrops+1","Poisoned Stab+1","Escape Plan+1","Poisoned Stab+1","Prepared+1"],"special_seed":0,"relics":["Ring of the Serpent","Golden Idol","Omamori","Bag of Preparation","Molten Egg 2","Eternal Feather","Mummified Hand","Shuriken","Dream Catcher","Ice Cream","Happy Flower","TheAbacus"],"potions_floor_usage":[50,50],"damage_taken":[{"damage":0.0,"enemies":"2 Louse","floor":1.0,"turns":2.0},{"damage":0.0,"enemies":"Small Slimes","floor":2.0,"turns":3.0},{"damage":29.0,"enemies":"3 Sentries","floor":7.0,"turns":13.0},{"damage":0.0,"enemies":"Cultist","floor":8.0,"turns":3.0},{"damage":8.0,"enemies":"Gremlin Gang","floor":10.0,"turns":5.0},{"damage":5.0,"enemies":"Large Slime","floor":11.0,"turns":7.0},{"damage":8.0,"enemies":"Lagavulin","floor":12.0,"turns":6.0},{"damage":1.0,"enemies":"Red Slaver","floor":14.0,"turns":3.0},{"damage":25.0,"enemies":"The Guardian","floor":16.0,"turns":10.0},{"damage":8.0,"enemies":"Spheric Guardian","floor":18.0,"turns":6.0},{"damage":1.0,"enemies":"3 Byrds","floor":19.0,"turns":5.0},{"damage":13.0,"enemies":"Centurion and Healer","floor":20.0,"turns":8.0},{"damage":15.0,"enemies":"3 Cultists","floor":22.0,"turns":7.0},{"damage":16.0,"enemies":"Book of Stabbing","floor":23.0,"turns":6.0},{"damage":15.0,"enemies":"Chosen and Byrds","floor":25.0,"turns":7.0},{"damage":0.0,"enemies":"Snake Plant","floor":27.0,"turns":4.0},{"damage":0.0,"enemies":"Snecko","floor":29.0,"turns":4.0},{"damage":0.0,"enemies":"Gremlin Leader","floor":31.0,"turns":8.0},{"damage":44.0,"enemies":"Champ","floor":33.0,"turns":10.0},{"damage":17.0,"enemies":"3 Darklings","floor":35.0,"turns":5.0},{"damage":0.0,"enemies":"Orb Walker","floor":36.0,"turns":5.0},{"damage":2.0,"enemies":"4 Shapes","floor":38.0,"turns":6.0},{"damage":17.0,"enemies":"Writhing Mass","floor":39.0,"turns":5.0},{"damage":7.0,"enemies":"Jaw Worm Horde","floor":41.0,"turns":4.0},{"damage":43.0,"enemies":"2 Orb Walkers","floor":44.0,"turns":5.0},{"damage":6.0,"enemies":"Transient","floor":45.0,"turns":5.0},{"damage":26.0,"enemies":"3 Darklings","floor":48.0,"turns":4.0},{"damage":31,"enemies":"Time Eater","floor":50,"turns":9}],"seed_played":"-8881946650203524614","potions_obtained":[{"floor":2.0,"key":"Swift Potion"},{"floor":7.0,"key":"FairyPotion"},{"floor":10.0,"key":"SmokeBomb"},{"floor":14.0,"key":"Regen Potion"},{"floor":16.0,"key":"Strength Potion"},{"floor":19.0,"key":"Poison Potion"},{"floor":20.0,"key":"SpeedPotion"},{"floor":23.0,"key":"SteroidPotion"},{"floor":25.0,"key":"Block Potion"},{"floor":27.0,"key":"Explosive Potion"},{"floor":31.0,"key":"EssenceOfSteel"},{"floor":36.0,"key":"GamblersBrew"},{"floor":45.0,"key":"FairyPotion"}],"is_trial":false,"path_per_floor":["M","M","$","?","?","?","E","M","T","M","M","E","R","M","R","B",null,"M","M","M","$","M","E","$","M","T","M","R","M","R","E","R","B",null,"M","M","?","M","M","R","M","?","T","?","M","$","R","M","R","B",null],"character_chosen":"THE_SILENT","items_purchased":["Footwork","Poisoned Stab","Caltrops","Catalyst","Well Laid Plans","Dexterity Potion","Happy Flower","TheAbacus"],"campfire_rested":5,"item_purchase_floors":[3,3,21,24,24,46,46,46],"current_hp_per_floor":[70,70,70,53,53,70,41,41,41,33,28,20,41,40,40,30,70,62,61,48,48,33,17,17,2,2,2,41,41,70,70,70,26,70,53,53,53,51,34,55,48,48,48,5,7,7,49,23,65,34],"gold":24,"neow_bonus":"UPGRADE_CARD","is_prod":false,"is_daily":false,"chose_seed":false,"campfire_upgraded":3,"win_rate":0,"timestamp":1569848760,"path_taken":["M","M","$","?","?","?","E","?","T","M","M","E","R","M","R","BOSS","M","M","M","$","M","E","$","M","T","M","R","?","R","E","R","BOSS","M","M","?","?","M","R","M","?","T","?","M","$","R","M","R","BOSS"],"build_version":"2019-07-17","purchased_purges":3,"victory":true,"max_hp_per_floor":[70,70,70,70,70,70,70,70,70,70,70,70,70,70,70,70,70,70,70,70,70,70,70,70,70,70,70,70,70,70,70,70,70,70,70,70,70,70,70,70,70,70,70,70,70,70,70,70,70,70],"card_choices":[{"not_picked":["Quick Slash","Bane"],"picked":"Flying Knee","floor":1.0},{"not_picked":["Dodge and Roll","Concentrate","Masterful Stab"],"picked":"SKIP","floor":2.0},{"not_picked":["Malaise","Quick Slash"],"picked":"Backflip","floor":7.0},{"not_picked":["Underhanded Strike","Backflip"],"picked":"Poisoned Stab","floor":8.0},{"not_picked":["Eviscerate","Backstab"],"picked":"Noxious Fumes","floor":10.0},{"not_picked":["Masterful Stab","Wraith Form v2"],"picked":"PiercingWail","floor":11.0},{"not_picked":["Dash","Cloak And Dagger"],"picked":"Sucker Punch","floor":12.0},{"not_picked":["Accuracy","Predator+1"],"picked":"Sucker Punch+1","floor":14.0},{"not_picked":["Phantasmal Killer","Venomology"],"picked":"Adrenaline","floor":16.0},{"not_picked":["Quick Slash+1","Skewer+1"],"picked":"Noxious Fumes","floor":18.0},{"not_picked":["Finisher+1","Terror"],"picked":"Deflect","floor":19.0},{"not_picked":["Underhanded Strike+1","Infinite Blades"],"picked":"Escape Plan","floor":20.0},{"not_picked":["Prepared","Dagger Throw+1"],"picked":"Backflip+1","floor":22.0},{"not_picked":["Terror+1","Cloak And Dagger"],"picked":"Slice+1","floor":23.0},{"not_picked":["Dash+1","Acrobatics"],"picked":"Sucker Punch+1","floor":25.0},{"not_picked":["Finisher+1","Concentrate"],"picked":"Flying Knee+1","floor":27.0},{"not_picked":["Underhanded Strike+1","Blade Dance"],"picked":"Flying Knee+1","floor":29.0},{"not_picked":["Calculated Gamble","A Thousand Cuts"],"picked":"Noxious Fumes","floor":31.0},{"not_picked":["A Thousand Cuts","Glass Knife+1"],"picked":"Envenom","floor":33.0},{"not_picked":["Acrobatics+1","Choke+1"],"picked":"Cloak And Dagger+1","floor":35.0},{"not_picked":["Dagger Spray+1","Outmaneuver+1"],"picked":"Escape Plan+1","floor":36.0},{"not_picked":["Dodge and Roll","Masterful Stab+1","Flying Knee+1"],"picked":"SKIP","floor":38.0},{"not_picked":["Infinite Blades+1","Eviscerate+1"],"picked":"Deadly Poison+1","floor":39.0},{"not_picked":["Dash+1","Dagger Spray+1"],"picked":"Caltrops+1","floor":41.0},{"not_picked":["Prepared+1","Outmaneuver+1"],"picked":"Poisoned Stab+1","floor":44.0},{"not_picked":["Underhanded Strike+1","Concentrate"],"picked":"Escape Plan+1","floor":45.0},{"not_picked":["Flying Knee+1","Calculated Gamble"],"picked":"Poisoned Stab+1","floor":47.0},{"not_picked":["Acrobatics","Underhanded Strike+1","Dodge and Roll+1"],"picked":"SKIP","floor":48.0},{"not_picked":["Riddle With Holes+1","Poisoned Stab+1"],"picked":"Prepared+1","floor":49.0}],"player_experience":233297,"relics_obtained":[{"floor":7.0,"key":"Omamori"},{"floor":9.0,"key":"Bag of Preparation"},{"floor":12.0,"key":"Molten Egg 2"},{"floor":23.0,"key":"Mummified Hand"},{"floor":26.0,"key":"Shuriken"},{"floor":31.0,"key":"Dream Catcher"},{"floor":44.0,"key":"Ice Cream"}],"event_choices":[{"damage_healed":0.0,"max_hp_gain":0.0,"max_hp_loss":0.0,"gold_gain":0.0,"event_name":"Golden Idol","player_choice":"Take Damage","floor":4.0,"gold_loss":0.0,"damage_taken":17.0,"relics_obtained":["Golden Idol"]},{"damage_healed":0.0,"max_hp_gain":0.0,"max_hp_loss":0.0,"gold_gain":0.0,"event_name":"Living Wall","player_choice":"Grow","floor":5.0,"gold_loss":0.0,"damage_taken":0.0,"cards_upgraded":["Poisoned Stab"]},{"damage_healed":17.0,"max_hp_gain":0.0,"max_hp_loss":0.0,"gold_gain":0.0,"event_name":"Wheel of Change","player_choice":"Full Heal","floor":6.0,"gold_loss":0.0,"damage_taken":0.0},{"cards_removed":["Defend_G"],"damage_healed":0.0,"max_hp_gain":0.0,"max_hp_loss":0.0,"gold_gain":0.0,"event_name":"Bonfire Elementals","player_choice":"Offered Basic","floor":37.0,"gold_loss":0.0,"damage_taken":0.0},{"cards_removed":["Noxious Fumes"],"damage_healed":0.0,"max_hp_gain":0.0,"max_hp_loss":0.0,"gold_gain":0.0,"event_name":"Falling","player_choice":"Removed Power","floor":42.0,"gold_loss":0.0,"damage_taken":0.0},{"damage_healed":0.0,"max_hp_gain":0.0,"max_hp_loss":0.0,"gold_gain":0.0,"event_name":"Mysterious Sphere","player_choice":"Fight","floor":44.0,"gold_loss":0.0,"damage_taken":0.0}],"is_beta":false,"boss_relics":[{"not_picked":["Busted Crown","Fusion Hammer"],"picked":"Eternal Feather"},{"not_picked":["Sozu","Velvet Choker"],"picked":"Ring of the Serpent"}],"items_purged_floors":[21,24,46],"is_endless":false,"potions_floor_spawned":[2,7,10,14,16,19,20,23,25,27,31,36,39,45],"ascension_level":0}