{"gold_per_floor":[119,119,44,44,44,44,367,367,394,425,425,436,456,482,482,557,557,557],"floor_reached":18,"playtime":361,"items_purged":[],"score":452,"play_id":"9ce57d64-e59e-4187-b8ac-36fda3356831","local_time":"20190313224042","is_ascension_mode":true,"campfire_choices":[{"data":"Bash","floor":6,"key":"SMITH"},{"data":"Pommel Strike","floor":8,"key":"SMITH"},{"data":"Shrug It Off","floor":11,"key":"SMITH"},{"data":"Perfected Strike","floor":15,"key":"SMITH"}],"neow_cost":"NONE","seed_source_timestamp":47337129392330,"circlet_count":0,"master_deck":["AscendersBane","Strike_R","Strike_R","Strike_R","Strike_R","Defend_R","Defend_R","Defend_R","Defend_R","Bash+1","Pommel Strike+1","Shrug It Off+1","hubris:CleavingFinish","Perfected Strike+1","Burning Pact","Sword Boomerang","Demon Form"],"relics":["Burning Blood","NeowsBlessing","hubris:TenFootPole","Centennial Puzzle","Smiling Mask","Bottled Lightning","Anchor","hubris:BlackHole"],"potions_floor_usage":[16],"damage_taken":[{"damage":0,"enemies":"Small Slimes","floor":1,"turns":2},{"damage":0,"enemies":"3 Sentries","floor":7,"turns":2},{"damage":0,"enemies":"Gremlin Nob","floor":10,"turns":1},{"damage":1,"enemies":"2 Louse","floor":12,"turns":3},{"damage":1,"enemies":"Jaw Worm","floor":13,"turns":2},{"damage":50,"enemies":"Lagavulin","floor":14,"turns":6},{"damage":12,"enemies":"Slime Boss","floor":16,"turns":5},{"damage":63,"enemies":"Shell Parasite","floor":18,"turns":6}],"seed_played":"3625328500097334579","potions_obtained":[{"floor":1,"key":"Dexterity Potion"},{"floor":12,"key":"Block Potion"},{"floor":13,"key":"PowerPotion"}],"is_trial":false,"path_per_floor":["M","?","?","?","$","R","E","R","T","E","R","M","M","E","R","B",null,"M"],"character_chosen":"IRONCLAD","items_purchased":[],"campfire_rested":0,"item_purchase_floors":[],"current_hp_per_floor":[74,74,74,74,74,74,75,75,75,75,75,75,75,31,31,25,63,0],"gold":557,"neow_bonus":"THREE_ENEMY_KILL","is_prod":false,"is_daily":false,"chose_seed":false,"campfire_upgraded":4,"win_rate":0,"timestamp":1552513242,"path_taken":["M","?","?","?","?","R","E","R","T","E","R","M","?","E","R","BOSS","M"],"build_version":"2019-01-23","purchased_purges":0,"victory":false,"max_hp_per_floor":[75,75,75,75,75,75,75,75,75,75,75,75,75,75,75,75,75,75],"card_choices":[{"not_picked":["Fire Breathing","Heavy Blade"],"picked":"Pommel Strike","floor":1},{"not_picked":["Clothesline","Berserk"],"picked":"Shrug It Off","floor":7},{"not_picked":["Rage","Sever Soul"],"picked":"hubris:CleavingFinish","floor":10},{"not_picked":["Warcry","hubris:ReadiedAction"],"picked":"Perfected Strike","floor":12},{"not_picked":["Wild Strike","hubris:SharpeningStone"],"picked":"Burning Pact","floor":13},{"not_picked":["Entrench","Body Slam"],"picked":"Sword Boomerang","floor":14},{"not_picked":["Impervious","Limit Break"],"picked":"Demon Form","floor":16}],"player_experience":1411449,"relics_obtained":[{"floor":4,"key":"hubris:TenFootPole"},{"floor":7,"key":"Centennial Puzzle"},{"floor":9,"key":"Smiling Mask"},{"floor":10,"key":"Bottled Lightning"},{"floor":14,"key":"Anchor"}],"event_choices":[{"cards_removed":["Strike_R"],"damage_healed":0,"gold_gain":0,"player_choice":"Card Removal","damage_taken":0,"max_hp_gain":0,"max_hp_loss":0,"event_name":"The Cleric","floor":3,"gold_loss":75}],"is_beta":false,"boss_relics":[{"not_picked":["Orrery","Lizard Tail"],"picked":"hubris:BlackHole"}],"items_purged_floors":[],"is_endless":false,"potions_floor_spawned":[1,12,13],"killed_by":"Shell Parasite","ascension_level":20}