{"gold_per_floor":[149,166,166,48,63,89,89,119,119,194,194],"floor_reached":11,"playtime":292,"items_purged":[],"score":162,"play_id":"eb982396-17a8-4fba-87de-e8a53508dc66","local_time":"20190428103310","is_ascension_mode":true,"campfire_choices":[{"data":"Bash","floor":7,"key":"SMITH"}],"neow_cost":"NONE","seed_source_timestamp":3875169132003,"circlet_count":0,"master_deck":["AscendersBane","Strike_R","Strike_R","Strike_R","Strike_R","Defend_R","Defend_R","Defend_R","Defend_R","Bash+1","Inflame","Perfected Strike","Fire Breathing","Disarm","Rampage","Cleave","Thunderclap"],"relics":["Burning Blood","Tiny Chest","Bottled Lightning","Bag of Marbles","Mummified Hand"],"potions_floor_usage":[8,11],"damage_taken":[{"damage":7,"enemies":"Jaw Worm","floor":1,"turns":3},{"damage":1,"enemies":"Cultist","floor":2,"turns":3},{"damage":0,"enemies":"2 Louse","floor":5,"turns":2},{"damage":45,"enemies":"3 Sentries","floor":6,"turns":10},{"damage":27,"enemies":"Gremlin Nob","floor":8,"turns":4},{"damage":8,"enemies":"Blue Slaver","floor":11,"turns":1}],"seed_played":"-7962007372162974258","potions_obtained":[{"floor":5,"key":"FearPotion"},{"floor":8,"key":"Strength Potion"}],"is_trial":false,"path_per_floor":["M","M","?","$","M","E","R","E","T","?","M"],"character_chosen":"IRONCLAD","items_purchased":["Disarm","Rampage"],"campfire_rested":0,"item_purchase_floors":[4,4],"current_hp_per_floor":[67,72,72,72,75,36,36,15,15,4,0],"gold":194,"neow_bonus":"RANDOM_COMMON_RELIC","is_prod":false,"is_daily":false,"chose_seed":false,"campfire_upgraded":1,"win_rate":0,"timestamp":1556440390,"path_taken":["M","M","?","?","M","E","R","E","T","?","M"],"build_version":"2019-01-23","purchased_purges":0,"victory":false,"max_hp_per_floor":[75,75,75,75,75,75,75,75,75,75,75],"card_choices":[{"not_picked":["Twin Strike","Cleave"],"picked":"Inflame","floor":1},{"not_picked":["Dropkick","Havoc"],"picked":"Perfected Strike","floor":2},{"not_picked":["Metallicize","Carnage"],"picked":"Cleave","floor":5},{"not_picked":["Ghostly Armor","Rampage"],"picked":"Thunderclap","floor":6},{"not_picked":["Hemokinesis","Clash","Dual Wield"],"picked":"SKIP","floor":8}],"player_experience":1631656,"relics_obtained":[{"floor":6,"key":"Bottled Lightning"},{"floor":8,"key":"Bag of Marbles"},{"floor":9,"key":"Mummified Hand"}],"event_choices":[{"damage_healed":0,"gold_gain":0,"cards_transformed":["Strike_R"],"player_choice":"Transformed","damage_taken":0,"max_hp_gain":0,"max_hp_loss":0,"event_name":"Transmorgrifier","floor":3,"gold_loss":0,"cards_obtained":["Fire Breathing"]},{"damage_healed":0,"gold_gain":75,"player_choice":"Gather Gold","damage_taken":11,"max_hp_gain":0,"max_hp_loss":0,"event_name":"World of Goop","floor":10,"gold_loss":0}],"is_beta":false,"boss_relics":[],"items_purged_floors":[],"is_endless":false,"potions_floor_spawned":[5,8],"killed_by":"Blue Slaver","ascension_level":20}