{"gold_per_floor":[218,50,63,82,7,7,35,35,35,35,53,84,84,84],"floor_reached":14,"playtime":488,"items_purged":["Strike_R"],"score":196,"play_id":"0e57e199-5e3a-497a-bcab-c042c7cf9eb2","local_time":"20190918110939","is_ascension_mode":true,"campfire_choices":[{"data":"Bash","floor":6.0,"key":"SMITH"},{"data":"Carnage","floor":8.0,"key":"SMITH"},{"data":"Pommel Strike","floor":10.0,"key":"SMITH"}],"neow_cost":"NONE","seed_source_timestamp":2712543268655,"circlet_count":0,"master_deck":["AscendersBane","Strike_R","Strike_R","Strike_R","Defend_R","Defend_R","Defend_R","Defend_R","Bash+1","Carnage+1","Flame Barrier","Pommel Strike+1","Battle Trance","Anger","Headbutt","Shrug It Off"],"special_seed":0,"relics":["Burning Blood","Sundial","Juzu Bracelet","Omamori"],"potions_floor_usage":[],"damage_taken":[{"damage":8.0,"enemies":"Small Slimes","floor":1.0,"turns":3.0},{"damage":7.0,"enemies":"Jaw Worm","floor":3.0,"turns":2.0},{"damage":2.0,"enemies":"2 Louse","floor":4.0,"turns":2.0},{"damage":30.0,"enemies":"Lagavulin","floor":7.0,"turns":6.0},{"damage":8.0,"enemies":"Lots of Slimes","floor":11.0,"turns":3.0},{"damage":20.0,"enemies":"Gremlin Nob","floor":12.0,"turns":4.0},{"damage":30,"enemies":"3 Sentries","floor":14,"turns":7}],"seed_played":"2339376691573505066","potions_obtained":[{"floor":1.0,"key":"Block Potion"},{"floor":4.0,"key":"Strength Potion"}],"is_trial":false,"path_per_floor":["M","$","M","M","?","R","E","R","T","R","M","E","?","E"],"character_chosen":"IRONCLAD","items_purchased":["Flame Barrier","Pommel Strike"],"campfire_rested":0,"item_purchase_floors":[2,2],"current_hp_per_floor":[66,66,65,69,69,69,45,45,45,45,43,29,29,0],"gold":84,"neow_bonus":"HUNDRED_GOLD","is_prod":false,"is_daily":false,"chose_seed":false,"campfire_upgraded":3,"win_rate":0,"timestamp":1568797779,"path_taken":["M","$","M","M","?","R","E","R","T","R","M","E","?","E"],"build_version":"2019-09-17","purchased_purges":1,"victory":false,"max_hp_per_floor":[75,75,75,75,75,75,75,75,75,75,75,75,75,75],"card_choices":[{"not_picked":["Bloodletting","Anger"],"picked":"Carnage","floor":1.0},{"not_picked":["Entrench","Clash"],"picked":"Battle Trance","floor":3.0},{"not_picked":["Warcry","Clothesline"],"picked":"Anger","floor":4.0},{"not_picked":["Intimidate","Barricade","Dropkick"],"picked":"SKIP","floor":7.0},{"not_picked":["Havoc","Perfected Strike"],"picked":"Headbutt","floor":11.0},{"not_picked":["Twin Strike","Heavy Blade"],"picked":"Shrug It Off","floor":12.0}],"player_experience":2071222,"relics_obtained":[{"floor":7.0,"key":"Sundial"},{"floor":9.0,"key":"Juzu Bracelet"},{"floor":12.0,"key":"Omamori"}],"event_choices":[{"cards_removed":["Strike_R"],"damage_healed":0.0,"max_hp_gain":0.0,"max_hp_loss":0.0,"gold_gain":0.0,"event_name":"The Cleric","player_choice":"Card Removal","floor":5.0,"gold_loss":75.0,"damage_taken":0.0},{"damage_healed":0,"gold_gain":0,"player_choice":"Searched \u00270\u0027 times","damage_taken":0,"max_hp_gain":0,"max_hp_loss":0,"event_name":"Dead Adventurer","floor":13,"gold_loss":0}],"is_beta":true,"boss_relics":[],"items_purged_floors":[2],"is_endless":false,"potions_floor_spawned":[1,4],"killed_by":"3 Sentries","ascension_level":20}