{"gold_per_floor":[111,261,104,135,147,159,197,220,232,244,256,268,294,306,318,408,420,451,463,493,299,299,299,309,309],"floor_reached":25,"playtime":808,"items_purged":["Doubt"],"score":414,"play_id":"83023e9d-9658-439b-b3a2-ec8242b69823","local_time":"20181119222757","is_ascension_mode":true,"campfire_choices":[{"data":"Inflame","floor":6,"key":"SMITH"},{"data":"Armaments","floor":10,"key":"SMITH"},{"data":"Fiend Fire","floor":12,"key":"SMITH"},{"data":"Spot Weakness","floor":15,"key":"SMITH"},{"data":"Ghostly","floor":23,"key":"SMITH"}],"neow_cost":"NONE","seed_source_timestamp":46572662486571,"circlet_count":0,"master_deck":["AscendersBane","Strike_R+1","Strike_R+1","Strike_R+1","Strike_R+1","Strike_R+1","Defend_R+1","Defend_R+1","Defend_R+1","Bash","Fiend Fire+1","Inflame+1","Spot Weakness+1","Heavy Blade","Armaments+1","Metallicize","Exhume","Body Slam","True Grit","Power Through","Shrug It Off","Ghostly+1","Ghostly","Ghostly","Clothesline"],"relics":["Burning Blood","MawBank","Strawberry","Shuriken","Mark of Pain"],"potions_floor_usage":[7,24,25,25],"damage_taken":[{"damage":7,"enemies":"Jaw Worm","floor":1,"turns":3},{"damage":7,"enemies":"Small Slimes","floor":4,"turns":3},{"damage":32,"enemies":"Gremlin Nob","floor":7,"turns":4},{"damage":6,"enemies":"Cultist","floor":8,"turns":4},{"damage":4,"enemies":"Large Slime","floor":13,"turns":4},{"damage":41,"enemies":"The Guardian","floor":16,"turns":10},{"damage":28,"enemies":"Spheric Guardian","floor":18,"turns":6},{"damage":26,"enemies":"Shell Parasite","floor":20,"turns":5},{"damage":19,"enemies":"Chosen and Byrds","floor":24,"turns":9},{"damage":21,"enemies":"Book of Stabbing","floor":25,"turns":2}],"seed_played":"4349981986791500155","potions_obtained":[{"floor":1,"key":"GamblersBrew"},{"floor":4,"key":"Regen Potion"},{"floor":13,"key":"GamblersBrew"},{"floor":24,"key":"LiquidBronze"}],"is_trial":false,"path_per_floor":["M","?","$","M","?","R","E","M","T","R","$","R","M","?","R","B",null,"M","?","M","$","?","R","M","E"],"character_chosen":"IRONCLAD","items_purchased":["MawBank","Power Through","Shrug It Off"],"campfire_rested":0,"item_purchase_floors":[3,21,21],"current_hp_per_floor":[67,67,67,66,43,43,24,24,24,24,24,24,26,53,53,18,66,44,44,24,24,24,24,11,0],"gold":309,"neow_bonus":"TRANSFORM_CARD","is_prod":false,"is_daily":false,"chose_seed":false,"campfire_upgraded":5,"win_rate":0,"timestamp":1542662877,"path_taken":["M","?","$","M","?","R","E","M","T","R","?","R","?","?","R","BOSS","M","?","M","$","?","R","M","E"],"build_version":"2018-11-15","purchased_purges":1,"victory":false,"max_hp_per_floor":[75,75,75,75,75,75,82,82,82,82,82,82,82,82,82,82,82,82,82,82,82,41,41,41,41],"card_choices":[{"not_picked":["Disarm","Perfected Strike"],"picked":"Inflame","floor":1},{"not_picked":["Iron Wave","Body Slam"],"picked":"Spot Weakness","floor":4},{"not_picked":["Shrug It Off","Thunderclap"],"picked":"Heavy Blade","floor":7},{"not_picked":["Thunderclap","Anger"],"picked":"Armaments","floor":8},{"not_picked":["Sword Boomerang","Thunderclap"],"picked":"Metallicize","floor":13},{"not_picked":["Fiend Fire","Brutality"],"picked":"Exhume","floor":16},{"not_picked":["Bloodletting","Wild Strike"],"picked":"Body Slam","floor":18},{"not_picked":["Burning Pact+1","Power Through"],"picked":"True Grit","floor":20},{"not_picked":["Thunderclap","Clash+1"],"picked":"Clothesline","floor":24}],"player_experience":838130,"relics_obtained":[{"floor":7,"key":"Strawberry"},{"floor":9,"key":"Shuriken"}],"event_choices":[{"damage_healed":0,"gold_gain":150,"player_choice":"AGREE","damage_taken":0,"max_hp_gain":0,"max_hp_loss":0,"event_name":"Liars Game","floor":2,"gold_loss":0,"cards_obtained":["Doubt"]},{"damage_healed":0,"gold_gain":0,"player_choice":"Entered Light","damage_taken":23,"max_hp_gain":0,"max_hp_loss":0,"event_name":"Shining Light","floor":5,"gold_loss":0,"cards_upgraded":["Strike_R","Defend_R"]},{"damage_healed":27,"gold_gain":0,"player_choice":"Banana","damage_taken":0,"max_hp_gain":0,"max_hp_loss":0,"event_name":"Big Fish","floor":14,"gold_loss":0},{"damage_healed":0,"gold_gain":0,"player_choice":"Simplicity","damage_taken":0,"max_hp_gain":0,"max_hp_loss":0,"event_name":"Back to Basics","floor":19,"gold_loss":0,"cards_upgraded":["Strike_R","Strike_R","Strike_R","Strike_R","Defend_R","Defend_R"]},{"damage_healed":0,"gold_gain":0,"player_choice":"Became a Ghost","damage_taken":0,"max_hp_gain":0,"max_hp_loss":41,"event_name":"Ghosts","floor":22,"gold_loss":0,"cards_obtained":["Ghostly","Ghostly","Ghostly"]}],"is_beta":true,"boss_relics":[{"not_picked":["Ectoplasm","Runic Dome"],"picked":"Mark of Pain"}],"items_purged_floors":[21],"is_endless":false,"potions_floor_spawned":[1,4,13,20,24],"killed_by":"Book of Stabbing","ascension_level":17}