{"gold_per_floor":[110,121,121,238,252,286,286,313,365,365,442,462,387,424,424,506,506,522,145,145,147,147,447,463,463,463,499,499,529,552,572,572,651,701,716,816,834,834,834,864,887,926,926,955,967,978,146,164,164,244,324,324,340,400,400,400,448,482,499,529,582,595,672,672,688,1200,1200,1277,1277,1291,1307,1322,1247,1247,1273,1273,1291,1291,1321,1321,1321,996,1007,1007,1131,1131,1148,500,553,553,568,568,668,703,727,744,746,469,495,495,495,571,648,648,658,153,155,155,175,214,230,307,330,370,392,392,428,428,428,536,660,730,748,1023,1669,1248,1287,1310,1400,1423,1468,1558,1609,1637,1649,1661,1687],"floor_reached":137,"playtime":5486,"items_purged":["Strike_G","Strike_G","Defend_G","Setup","Regret"],"score":8160,"play_id":"f529846a-0cc1-4f30-a107-692d0ebac06b","local_time":"20190205224324","is_ascension_mode":true,"campfire_choices":[{"data":"infinitespire:Neurotoxin","floor":7.0,"key":"SMITH"},{"data":"Wraith Form v2","floor":10.0,"key":"SMITH"},{"data":"Burst","floor":15.0,"key":"SMITH"},{"floor":25.0,"key":"REST"},{"floor":28.0,"key":"REST"},{"data":"Malaise","floor":32.0,"key":"SMITH"},{"floor":49.0,"key":"REST"},{"floor":64.0,"key":"DIG"},{"data":"hubris:Rewind","floor":67.0,"key":"SMITH"},{"floor":76,"key":"DIG"},{"data":"Catalyst","floor":84,"key":"SMITH"},{"data":"Catalyst","floor":92,"key":"SMITH"},{"floor":101,"key":"DIG"},{"floor":116,"key":"DIG"},{"floor":119,"key":"DIG"},{"floor":136,"key":"REST"}],"neow_cost":"TEN_PERCENT_HP_LOSS","seed_source_timestamp":0,"circlet_count":1,"master_deck":["AscendersBane","Defend_G+1","Survivor","Neutralize+1","Wraith Form v2+1","Deadly Poison","Cloak And Dagger+1","infinitespire:Neurotoxin+1","Burst+1","Corpse Explosion","Backflip","Well Laid Plans+1","Malaise+1","Crippling Poison+1","Night Terror","Footwork+1","Catalyst+1","Malaise+1","Backflip","Catalyst+1","hubris:Rewind+1","infinitespire:Fortify+1","infinitespire:Neurotoxin+1","infinitespire:Neurotoxin+1","infinitespire:DeathsTouch","infinitespire:Gouge","Skewer+1","Dodge and Roll+1","Catalyst+1","Master of Strategy+1","infinitespire:FutureSight+1"],"special_seed":0,"relics":["Ring of the Serpent","Torii","hubris:TenFootPole","infinitespire:Midas Blood","Blood Vial","hubris:BundleOfHerbs","infinitespire:Cupcake","Singing Bowl","hubris:MobiusCoin","Art of War","Mercury Hourglass","infinitespire:Beetle Shell","Tiny House","infinitespire:Joker Card","hubris:CrystalStatue","Juzu Bracelet","Mummified Hand","Turnip","hubris:Zylophone","Chemical X","Whetstone","Shovel","hubris:AncientText","FossilizedHelix","infinitespire:WardingShard","Bag of Preparation","hubris:Reverence","Ancient Tea Set","Strawberry","Anchor","Busted Crown","Toxic Egg 2","Paper Crane","Ice Cream","Sundial","MutagenicStrength","Snake Skull","Regal Pillow","Ginger","Black Star","Lee\u0027s Waffle","hubris:SlimyHat","Unceasing Top","StoneCalendar","Peace Pipe","Bronze Scales","Ninja Scroll","Bag of Marbles","infinitespire:Bottled Soul","Smiling Mask","infinitespire:BottledMercury","Matryoshka","Runic Pyramid","The Specimen","Golden Idol","Tough Bandages","Shuriken","PreservedInsect","Dream Catcher","Centennial Puzzle","hubris:DeckOfHolding","War Paint","hubris:MedicalManual","Question Card","Happy Flower","Astrolabe","Ornamental Fan","Medical Kit","Oddly Smooth Stone","Potion Belt","infinitespire:Eraser","Pen Nib","infinitespire:ShieldingShard","Boot","Vajra","MawBank","Red Mask","Letter Opener","hubris:ToyBattleship","hubris:Metronome","Circlet"],"potions_floor_usage":[137],"damage_taken":[{"damage":1.0,"enemies":"Cultist","floor":1.0,"turns":4.0},{"damage":3.0,"enemies":"2 Louse","floor":2.0,"turns":3.0},{"damage":0.0,"enemies":"Jaw Worm","floor":4.0,"turns":3.0},{"damage":2.0,"enemies":"Blue Slaver","floor":5.0,"turns":4.0},{"damage":11.0,"enemies":"Lagavulin","floor":6.0,"turns":6.0},{"damage":7.0,"enemies":"Gremlin Nob","floor":8.0,"turns":5.0},{"damage":0.0,"enemies":"3 Louse","floor":12.0,"turns":2.0},{"damage":21.0,"enemies":"Lagavulin","floor":14.0,"turns":6.0},{"damage":7.0,"enemies":"Hexaghost","floor":16.0,"turns":8.0},{"damage":26.0,"enemies":"2 Thieves","floor":18.0,"turns":4.0},{"damage":7.0,"enemies":"Nightmare","floor":23.0,"turns":5.0},{"damage":1.0,"enemies":"Spheric Guardian","floor":24.0,"turns":3.0},{"damage":16.0,"enemies":"Gremlin Leader","floor":27.0,"turns":4.0},{"damage":2.0,"enemies":"Book of Stabbing","floor":29.0,"turns":5.0},{"damage":2.0,"enemies":"3 Cultists","floor":30.0,"turns":4.0},{"damage":0.0,"enemies":"Cultist and Chosen","floor":31.0,"turns":3.0},{"damage":7.0,"enemies":"hubris:MusketHawk","floor":33.0,"turns":6.0},{"damage":1.0,"enemies":"3 Darklings","floor":35.0,"turns":3.0},{"damage":0.0,"enemies":"Mind Bloom Boss Battle","floor":36.0,"turns":5.0},{"damage":0.0,"enemies":"3 Shapes","floor":37.0,"turns":4.0},{"damage":14.0,"enemies":"Giant Head","floor":40.0,"turns":7.0},{"damage":33.0,"enemies":"Spire Growth","floor":41.0,"turns":4.0},{"damage":21.0,"enemies":"Nemesis","floor":42.0,"turns":5.0},{"damage":18.0,"enemies":"Nightmare","floor":44.0,"turns":3.0},{"damage":0.0,"enemies":"Writhing Mass","floor":45.0,"turns":4.0},{"damage":0.0,"enemies":"Jaw Worm Horde","floor":46.0,"turns":1.0},{"damage":1.0,"enemies":"4 Shapes","floor":48.0,"turns":5.0},{"damage":1.0,"enemies":"infinitespire:MassOfShapes","floor":50.0,"turns":5.0},{"damage":10.0,"enemies":"Time Eater","floor":51.0,"turns":5.0},{"damage":19.0,"enemies":"Jaw Worm","floor":53.0,"turns":3.0},{"damage":42.0,"enemies":"Gremlin Nob","floor":54.0,"turns":4.0},{"damage":0.0,"enemies":"3 Sentries","floor":58.0,"turns":2.0},{"damage":1.0,"enemies":"2 Louse","floor":59.0,"turns":3.0},{"damage":0.0,"enemies":"Nightmare","floor":60.0,"turns":2.0},{"damage":0.0,"enemies":"Cultist","floor":62.0,"turns":4.0},{"damage":0.0,"enemies":"Looter","floor":65.0,"turns":1.0},{"damage":0.0,"enemies":"Gremlin Nob","floor":66.0,"turns":1.0},{"damage":0.0,"enemies":"The Guardian","floor":68.0,"turns":1.0},{"damage":0,"enemies":"Spheric Guardian","floor":70,"turns":2},{"damage":0,"enemies":"2 Thieves","floor":71,"turns":1},{"damage":0,"enemies":"Shelled Parasite and Fungi","floor":72,"turns":1},{"damage":0,"enemies":"Nightmare","floor":75,"turns":3},{"damage":0,"enemies":"Centurion and Healer","floor":77,"turns":2},{"damage":0,"enemies":"Book of Stabbing","floor":79,"turns":2},{"damage":0,"enemies":"Snake Plant","floor":83,"turns":2},{"damage":0,"enemies":"Automaton","floor":85,"turns":1},{"damage":15,"enemies":"3 Darklings","floor":87,"turns":2},{"damage":0,"enemies":"2 Orb Walkers","floor":89,"turns":2},{"damage":0,"enemies":"Orb Walker","floor":91,"turns":2},{"damage":0,"enemies":"Mind Bloom Boss Battle","floor":93,"turns":2},{"damage":0,"enemies":"Nemesis","floor":94,"turns":1},{"damage":0,"enemies":"Spire Growth","floor":96,"turns":2},{"damage":0,"enemies":"Nightmare","floor":99,"turns":1},{"damage":0,"enemies":"infinitespire:MassOfShapes","floor":102,"turns":3},{"damage":13,"enemies":"Donu and Deca","floor":103,"turns":3},{"damage":0,"enemies":"Small Slimes","floor":105,"turns":1},{"damage":0,"enemies":"2 Louse","floor":109,"turns":2},{"damage":0,"enemies":"Nightmare","floor":110,"turns":3},{"damage":0,"enemies":"Cultist","floor":111,"turns":1},{"damage":0,"enemies":"Lagavulin","floor":114,"turns":1},{"damage":0,"enemies":"Exordium Thugs","floor":115,"turns":2},{"damage":0,"enemies":"Gremlin Nob","floor":117,"turns":2},{"damage":4,"enemies":"LordOfAnnihilation","floor":120,"turns":8},{"damage":0,"enemies":"3 Byrds","floor":122,"turns":1},{"damage":0,"enemies":"2 Thieves","floor":123,"turns":2},{"damage":0,"enemies":"Nightmare_Alpha","floor":127,"turns":1},{"damage":0,"enemies":"Snake Plant","floor":128,"turns":1},{"damage":0,"enemies":"Gremlin Leader","floor":129,"turns":1},{"damage":0,"enemies":"Masked Bandits","floor":131,"turns":2},{"damage":0,"enemies":"Slavers","floor":133,"turns":1},{"damage":0,"enemies":"3 Cultists","floor":134,"turns":2},{"damage":118,"enemies":"LordOfAnnihilation","floor":137,"turns":13}],"seed_played":"-3158031844623129744","potions_obtained":[{"floor":6.0,"key":"AttackPotion"},{"floor":12.0,"key":"FearPotion"},{"floor":16.0,"key":"GhostInAJar"},{"floor":18.0,"key":"PowerPotion"},{"floor":23.0,"key":"infinitespire:BlackPotion"},{"floor":44.0,"key":"infinitespire:BlackPotion"},{"floor":129,"key":"Poison Potion"},{"floor":134,"key":"AttackPotion"}],"is_trial":false,"path_per_floor":["M","M","?","M","M","E","R","E","T","R","?","M","$","E","R","B",null,"M","$","?","?","?","NM","M","R","T","E","R","E","M","M","R","B",null,"M","?","M","?","?","E","M","E","T","NM","M","M","$","M","R","B","B",null,"M","?","?","$","T","E","M","NM","T","M","?","R","M","E","R","B",null,"M","M","M","?","?","NM","R","M","T","E","?","?","$","M","R","B",null,"M","$","?","?","M","R","?","E","T","M","?","$","NM","T","R","B","B",null,"M","$","?","?","M","NM","M","?","T","E","M","R","E","?","R","B",null,"M","M","?","?","$","NM","M","E","T","?","T","E","M","?","R","B"],"character_chosen":"THE_SILENT","items_purchased":["Singing Bowl","hubris:Zylophone","Chemical X","Whetstone","Snake Skull","Regal Pillow","Lee\u0027s Waffle","hubris:SlimyHat","Unceasing Top","infinitespire:Bottled Soul","The Specimen","infinitespire:Neurotoxin+1","Medical Kit","Oddly Smooth Stone","Master of Strategy+1"],"campfire_rested":4,"item_purchase_floors":[19,47,47,47,82,82,88,88,88,98,106,106,126,126,126],"current_hp_per_floor":[58,55,55,55,53,42,42,35,35,35,30,32,32,13,13,29,52,28,28,28,23,23,18,19,38,38,24,43,43,45,49,49,44,70,73,77,81,81,78,66,35,18,18,4,6,10,10,13,39,40,32,74,59,19,19,19,19,23,26,30,30,32,27,27,31,42,42,46,93,97,101,105,105,105,109,109,113,113,117,117,117,117,121,121,125,125,112,134,136,129,131,131,133,135,135,137,138,138,142,142,142,144,134,144,145,145,120,120,121,122,123,118,118,119,120,120,121,123,123,122,131,132,133,133,77,77,78,79,80,80,81,81,82,83,83,112,0],"gold":1687,"neow_bonus":"TRANSFORM_TWO_CARDS","is_prod":false,"is_daily":false,"chose_seed":false,"campfire_upgraded":7,"win_rate":0,"timestamp":1549403004,"path_taken":["M","M","?","M","M","E","R","E","T","R","?","M","$","E","R","BOSS","M","$","?","?","?","NM","M","R","T","E","R","E","M","M","R","BOSS","M","?","M","?","?","E","M","E","T","NM","M","M","$","M","R","BOSS","BOSS","M","?","?","$","?","E","M","NM","T","M","?","R","M","E","R","BOSS","M","M","M","?","?","NM","R","M","T","E","?","?","$","M","R","BOSS","M","$","?","?","M","R","?","E","T","M","?","$","NM","?","R","BOSS","BOSS","M","$","?","?","M","NM","M","?","T","E","M","R","E","?","R","BOSS","M","M","?","?","$","NM","M","E","T","?","?","E","M","?","R","BOSS"],"build_version":"2019-01-23","purchased_purges":5,"victory":false,"max_hp_per_floor":[60,60,60,60,60,60,60,60,60,60,60,60,60,60,60,60,60,60,60,60,65,65,65,65,65,65,65,65,65,67,69,69,69,76,78,80,82,82,78,80,80,82,82,84,84,86,86,88,88,88,88,88,90,90,90,90,90,92,94,96,96,96,96,96,98,107,107,109,109,111,113,115,115,115,117,117,119,119,121,121,121,121,123,123,125,125,127,134,136,129,131,131,133,135,135,137,143,143,145,145,145,145,147,147,147,147,147,147,147,147,147,147,147,147,147,147,147,147,147,147,147,147,147,147,147,147,147,147,147,147,147,147,147,147,147,147,147],"card_choices":[{"not_picked":["Underhanded Strike","Poisoned Stab"],"picked":"Deadly Poison","floor":1.0},{"not_picked":["Outmaneuver","Accuracy"],"picked":"Sucker Punch","floor":2.0},{"not_picked":["Reflex","Slice"],"picked":"Cloak And Dagger","floor":4.0},{"not_picked":["Riddle With Holes","Well Laid Plans"],"picked":"Deadly Poison","floor":5.0},{"not_picked":["Sucker Punch","Bouncing Flask"],"picked":"infinitespire:Neurotoxin","floor":6.0},{"not_picked":["Cloak And Dagger","Dagger Spray"],"picked":"Burst","floor":8.0},{"not_picked":["Prepared","Outmaneuver","Bouncing Flask"],"picked":"SKIP","floor":12.0},{"not_picked":["Flying Knee","Blade Dance","Cloak And Dagger"],"picked":"SKIP","floor":14.0},{"not_picked":["Setup","Deflect","Cloak And Dagger"],"picked":"SKIP","floor":18.0},{"not_picked":["Slice","hubris:Sniper"],"picked":"Backflip","floor":23.0},{"not_picked":["Slice","Dagger Throw"],"picked":"Well Laid Plans+1","floor":24.0},{"not_picked":["Bouncing Flask","Concentrate"],"picked":"Malaise","floor":27.0},{"not_picked":["Poisoned Stab","Dash"],"picked":"Crippling Poison+1","floor":29.0},{"not_picked":["Poisoned Stab","Dodge and Roll","PiercingWail"],"picked":"Singing Bowl","floor":30.0},{"not_picked":["Bane","Endless Agony","Dash"],"picked":"Singing Bowl","floor":31.0},{"not_picked":["After Image","Envenom"],"picked":"Night Terror","floor":33.0},{"not_picked":["Calculated Gamble","Outmaneuver","Poisoned Stab"],"picked":"Singing Bowl","floor":34.0},{"not_picked":["Noxious Fumes","Cloak And Dagger","Riddle With Holes+1"],"picked":"Singing Bowl","floor":35.0},{"not_picked":["Quick Slash","Dagger Throw","Prepared+1"],"picked":"Singing Bowl","floor":36.0},{"not_picked":["Poisoned Stab","Escape Plan","Underhanded Strike+1"],"picked":"Singing Bowl","floor":37.0},{"not_picked":["Tactician","hubris:SlightOfHand","hubris:Sniper"],"picked":"Singing Bowl","floor":40.0},{"not_picked":["Bane+1","Dagger Throw+1"],"picked":"Footwork","floor":41.0},{"not_picked":["Poisoned Stab","Doppelganger","Leg Sweep"],"picked":"Singing Bowl","floor":42.0},{"not_picked":["Eviscerate","Reflex","Bouncing Flask+1"],"picked":"Singing Bowl","floor":44.0},{"not_picked":["Poisoned Stab+1","Prepared"],"picked":"Catalyst","floor":45.0},{"not_picked":["Escape Plan","Slice","Prepared+1"],"picked":"Singing Bowl","floor":46.0},{"not_picked":["Dagger Spray","Dagger Throw+1","PiercingWail"],"picked":"Singing Bowl","floor":48.0},{"not_picked":["A Thousand Cuts","Wraith Form v2"],"picked":"Malaise","floor":50.0},{"not_picked":["Venomology","Corpse Explosion"],"picked":"Malaise","floor":51.0},{"not_picked":["Prepared","Caltrops","Choke"],"picked":"Singing Bowl","floor":53.0},{"not_picked":["Deflect","Cloak And Dagger"],"picked":"Backflip","floor":54.0},{"not_picked":["Quick Slash","Phantasmal Killer","hubris:SlightOfHand"],"picked":"Singing Bowl","floor":58.0},{"not_picked":["Deflect","Choke","Dagger Spray"],"picked":"Singing Bowl","floor":59.0},{"not_picked":["Acrobatics","Quick Slash","Flechettes"],"picked":"Singing Bowl","floor":60.0},{"not_picked":["Backflip","Poisoned Stab"],"picked":"Catalyst","floor":62.0},{"not_picked":["Bane","Poisoned Stab","Finisher"],"picked":"Singing Bowl","floor":65.0},{"not_picked":["infinitespire:Virus","infinitespire:Menacing"],"picked":"hubris:Rewind","floor":66.0},{"not_picked":["Envenom","Backstab","Quick Slash"],"picked":"Singing Bowl","floor":66.0},{"not_picked":["Doppelganger","Venomology","Malaise"],"picked":"Singing Bowl","floor":68.0},{"not_picked":["Deflect"],"picked":"Singing Bowl","floor":70},{"not_picked":["Prepared"],"picked":"Singing Bowl","floor":71},{"not_picked":["Predator+1"],"picked":"Singing Bowl","floor":72},{"not_picked":["Expertise"],"picked":"Singing Bowl","floor":75},{"not_picked":["Poisoned Stab"],"picked":"Singing Bowl","floor":77},{"not_picked":["Acrobatics+1"],"picked":"Singing Bowl","floor":79},{"not_picked":["Expertise+1"],"picked":"Singing Bowl","floor":83},{"not_picked":["Venomology+1"],"picked":"Singing Bowl","floor":85},{"not_picked":["Heel Hook+1"],"picked":"Singing Bowl","floor":87},{"not_picked":["Dodge and Roll+1"],"picked":"Singing Bowl","floor":89},{"not_picked":["Quick Slash"],"picked":"Singing Bowl","floor":91},{"not_picked":["Sucker Punch"],"picked":"Singing Bowl","floor":93},{"not_picked":["Bane+1"],"picked":"Singing Bowl","floor":94},{"not_picked":["Infinite Blades"],"picked":"Singing Bowl","floor":96},{"not_picked":["Blind+1"],"picked":"Singing Bowl","floor":97},{"not_picked":["Secret Weapon+1"],"picked":"Singing Bowl","floor":97},{"not_picked":["Thinking Ahead+1"],"picked":"Singing Bowl","floor":97},{"not_picked":["infinitespire:Punishment","infinitespire:FinalStrike"],"picked":"infinitespire:Fortify","floor":99},{"not_picked":["PiercingWail+1"],"picked":"Singing Bowl","floor":99},{"not_picked":[],"picked":"infinitespire:Neurotoxin+1","floor":102},{"not_picked":["Wraith Form v2"],"picked":"Singing Bowl","floor":103},{"not_picked":["Choke"],"picked":"Singing Bowl","floor":105},{"not_picked":["PiercingWail+1"],"picked":"Singing Bowl","floor":109},{"not_picked":["infinitespire:NeuralNetwork","infinitespire:Virus"],"picked":"infinitespire:DeathsTouch","floor":110},{"not_picked":["Sucker Punch"],"picked":"Singing Bowl","floor":110},{"not_picked":["Deflect+1"],"picked":"Singing Bowl","floor":111},{"not_picked":["Underhanded Strike"],"picked":"Singing Bowl","floor":114},{"not_picked":["Bane"],"picked":"Singing Bowl","floor":115},{"not_picked":["Night Terror+1"],"picked":"Singing Bowl","floor":117},{"not_picked":["infinitespire:TheBestDefense","infinitespire:Collect"],"picked":"infinitespire:Gouge","floor":120},{"not_picked":["Leg Sweep+1","Tactician+1"],"picked":"Singing Bowl","floor":122},{"not_picked":["Sucker Punch","Cloak And Dagger+1"],"picked":"Singing Bowl","floor":123},{"not_picked":["infinitespire:Fortify","infinitespire:Gouge"],"picked":"infinitespire:FutureSight","floor":127},{"not_picked":["Deflect+1","Concentrate+1"],"picked":"SKIP","floor":127},{"not_picked":["Choke","Backstab+1"],"picked":"Singing Bowl","floor":128},{"not_picked":["Sucker Punch","Flechettes"],"picked":"Singing Bowl","floor":129},{"not_picked":["Cloak And Dagger+1","Underhanded Strike"],"picked":"Singing Bowl","floor":131},{"not_picked":["Escape Plan+1","Tools of the Trade"],"picked":"Singing Bowl","floor":133},{"not_picked":["Dagger Throw","Infinite Blades"],"picked":"Singing Bowl","floor":134},{"not_picked":["Quick Slash","Blade Dance+1"],"picked":"Singing Bowl","floor":136}],"player_experience":1221551,"relics_obtained":[{"floor":3.0,"key":"Torii"},{"floor":6.0,"key":"hubris:TenFootPole"},{"floor":8.0,"key":"infinitespire:Midas Blood"},{"floor":9.0,"key":"Blood Vial"},{"floor":14.0,"key":"hubris:BundleOfHerbs"},{"floor":23.0,"key":"Art of War"},{"floor":26.0,"key":"Mercury Hourglass"},{"floor":29.0,"key":"infinitespire:Beetle Shell"},{"floor":36.0,"key":"infinitespire:Joker Card"},{"floor":40.0,"key":"hubris:CrystalStatue"},{"floor":42.0,"key":"Juzu Bracelet"},{"floor":43.0,"key":"Mummified Hand"},{"floor":44.0,"key":"Turnip"},{"floor":57.0,"key":"hubris:AncientText"},{"floor":58.0,"key":"FossilizedHelix"},{"floor":60.0,"key":"infinitespire:WardingShard"},{"floor":61.0,"key":"Bag of Preparation"},{"floor":64.0,"key":"hubris:Reverence"},{"floor":66.0,"key":"Anchor"},{"floor":75,"key":"Toxic Egg 2"},{"floor":76,"key":"Paper Crane"},{"floor":78,"key":"Ice Cream"},{"floor":79,"key":"Sundial"},{"floor":89,"key":"StoneCalendar"},{"floor":93,"key":"Peace Pipe"},{"floor":94,"key":"Bronze Scales"},{"floor":94,"key":"Ninja Scroll"},{"floor":95,"key":"Bag of Marbles"},{"floor":99,"key":"Smiling Mask"},{"floor":100,"key":"infinitespire:BottledMercury"},{"floor":101,"key":"Matryoshka"},{"floor":110,"key":"Tough Bandages"},{"floor":110,"key":"Shuriken"},{"floor":113,"key":"PreservedInsect"},{"floor":113,"key":"Dream Catcher"},{"floor":114,"key":"Centennial Puzzle"},{"floor":114,"key":"hubris:DeckOfHolding"},{"floor":116,"key":"War Paint"},{"floor":117,"key":"hubris:MedicalManual"},{"floor":117,"key":"Question Card"},{"floor":119,"key":"Happy Flower"},{"floor":127,"key":"Potion Belt"},{"floor":127,"key":"infinitespire:Eraser"},{"floor":129,"key":"infinitespire:ShieldingShard"},{"floor":129,"key":"Boot"},{"floor":130,"key":"Vajra"},{"floor":130,"key":"MawBank"},{"floor":131,"key":"Red Mask"},{"floor":132,"key":"Letter Opener"},{"floor":133,"key":"hubris:ToyBattleship"},{"floor":133,"key":"hubris:Metronome"}],"event_choices":[{"damage_healed":0.0,"max_hp_gain":0.0,"max_hp_loss":0.0,"gold_gain":75.0,"event_name":"World of Goop","player_choice":"Gather Gold","floor":11.0,"gold_loss":0.0,"damage_taken":11.0},{"damage_healed":0.0,"max_hp_gain":0.0,"max_hp_loss":0.0,"gold_gain":0.0,"event_name":"The Mausoleum","player_choice":"Opened","floor":20.0,"gold_loss":0.0,"damage_taken":0.0,"relics_obtained":["hubris:MobiusCoin"],"cards_obtained":["Writhe"]},{"damage_healed":0.0,"max_hp_gain":5.0,"max_hp_loss":0.0,"gold_gain":0.0,"event_name":"Forgotten Altar","player_choice":"Shed Blood","floor":21.0,"gold_loss":0.0,"damage_taken":21.0},{"damage_healed":0.0,"max_hp_gain":0.0,"max_hp_loss":0.0,"gold_gain":0.0,"cards_transformed":["Strike_G","Defend_G"],"event_name":"Drug Dealer","player_choice":"Became Test Subject","floor":22.0,"gold_loss":0.0,"damage_taken":0.0,"cards_obtained":["Setup","Corpse Explosion"]},{"damage_healed":0.0,"max_hp_gain":0.0,"max_hp_loss":0.0,"gold_gain":0.0,"event_name":"MindBloom","player_choice":"Fight","floor":36.0,"gold_loss":0.0,"damage_taken":0.0},{"cards_removed":["Strike_G"],"damage_healed":0.0,"max_hp_gain":0.0,"max_hp_loss":0.0,"gold_gain":0.0,"event_name":"Falling","player_choice":"Removed Attack","floor":38.0,"gold_loss":0.0,"damage_taken":0.0},{"damage_healed":0.0,"max_hp_gain":0.0,"max_hp_loss":4.0,"gold_gain":0.0,"event_name":"Winding Halls","player_choice":"Max HP","floor":39.0,"gold_loss":0.0,"damage_taken":0.0},{"damage_healed":0.0,"max_hp_gain":0.0,"max_hp_loss":0.0,"gold_gain":0.0,"event_name":"Dead Adventurer","player_choice":"Searched \u00272\u0027 times","floor":54.0,"gold_loss":0.0,"damage_taken":0.0,"relics_obtained":["Shovel"]},{"damage_healed":0.0,"max_hp_gain":0.0,"max_hp_loss":0.0,"gold_gain":0.0,"event_name":"Living Wall","player_choice":"Grow","floor":55.0,"gold_loss":0.0,"damage_taken":0.0,"cards_upgraded":["Footwork"]},{"damage_healed":0.0,"max_hp_gain":0.0,"max_hp_loss":0.0,"gold_gain":75.0,"event_name":"World of Goop","player_choice":"Gather Gold","floor":63.0,"gold_loss":0.0,"damage_taken":11.0},{"cards_removed":["Writhe"],"damage_healed":0,"gold_gain":0,"player_choice":"Gave Gold","damage_taken":0,"max_hp_gain":0,"max_hp_loss":0,"event_name":"Beggar","floor":73,"gold_loss":75},{"damage_healed":0,"gold_gain":0,"player_choice":"Ignored","damage_taken":0,"max_hp_gain":0,"max_hp_loss":0,"event_name":"Vampires","floor":74,"gold_loss":0},{"damage_healed":0,"gold_gain":0,"player_choice":"Inject Mutagens","damage_taken":0,"relics_obtained":["MutagenicStrength"],"max_hp_gain":0,"max_hp_loss":0,"event_name":"Drug Dealer","floor":80,"gold_loss":0},{"cards_removed":["Defend_G"],"damage_healed":0,"gold_gain":0,"player_choice":"Elegance","damage_taken":0,"max_hp_gain":0,"max_hp_loss":0,"event_name":"Back to Basics","floor":81,"gold_loss":0},{"damage_healed":0,"gold_gain":0,"player_choice":"Fight","damage_taken":0,"max_hp_gain":0,"max_hp_loss":0,"event_name":"Mysterious Sphere","floor":89,"gold_loss":0},{"damage_healed":0,"gold_gain":0,"player_choice":"Max HP","damage_taken":0,"max_hp_gain":0,"max_hp_loss":7,"event_name":"Winding Halls","floor":90,"gold_loss":0},{"damage_healed":0,"gold_gain":0,"player_choice":"Fight","damage_taken":0,"max_hp_gain":0,"max_hp_loss":0,"event_name":"MindBloom","floor":93,"gold_loss":0},{"damage_healed":0,"gold_gain":0,"player_choice":"Memory 3","damage_taken":10,"max_hp_gain":0,"max_hp_loss":0,"event_name":"SensoryStone","floor":97,"gold_loss":0},{"damage_healed":0,"gold_gain":0,"player_choice":"Take Damage","damage_taken":51,"relics_obtained":["Golden Idol"],"max_hp_gain":0,"max_hp_loss":0,"event_name":"Golden Idol","floor":107,"gold_loss":0},{"damage_healed":0,"gold_gain":0,"player_choice":"Donut","damage_taken":0,"max_hp_gain":5,"max_hp_loss":0,"event_name":"Big Fish","floor":108,"gold_loss":0},{"damage_healed":0,"gold_gain":75,"player_choice":"Gather Gold","damage_taken":11,"max_hp_gain":0,"max_hp_loss":0,"event_name":"World of Goop","floor":112,"gold_loss":0},{"cards_removed":["Deadly Poison"],"damage_healed":5,"gold_gain":0,"player_choice":"Offered Common","damage_taken":0,"max_hp_gain":0,"max_hp_loss":0,"event_name":"Bonfire Elementals","floor":118,"gold_loss":0},{"cards_removed":["Deadly Poison"],"damage_healed":5,"gold_gain":0,"player_choice":"Offered Special","damage_taken":0,"max_hp_gain":0,"max_hp_loss":0,"event_name":"Bonfire Elementals","floor":118,"gold_loss":0},{"damage_healed":0,"gold_gain":275,"player_choice":"Desecrate","damage_taken":0,"max_hp_gain":0,"max_hp_loss":0,"event_name":"Golden Shrine","floor":124,"gold_loss":0,"cards_obtained":["Regret"]},{"damage_healed":0,"gold_gain":630,"player_choice":"GOLD GOLD GOLD GOLD GOLD GOLD GOLD ","damage_taken":112,"max_hp_gain":0,"max_hp_loss":0,"event_name":"Knowing Skull","floor":125,"potions_obtained":[],"gold_loss":0,"cards_obtained":[]},{"damage_healed":0,"gold_gain":0,"player_choice":"Fought Bandits","damage_taken":0,"max_hp_gain":0,"max_hp_loss":0,"event_name":"Masked Bandits","floor":131,"gold_loss":0},{"damage_healed":0,"gold_gain":0,"player_choice":"Inject Mutagens","damage_taken":0,"relics_obtained":["Circlet"],"max_hp_gain":0,"max_hp_loss":0,"event_name":"Drug Dealer","floor":135,"gold_loss":0}],"is_beta":false,"boss_relics":[{"not_picked":["Lizard Tail","White Beast Statue"],"picked":"infinitespire:Cupcake"},{"not_picked":["hubris:VirtuousBlindfold","WristBlade"],"picked":"Tiny House"},{"not_picked":["hubris:GrandSneckoEye","hubris:CrackedHourglass"],"picked":"Ring of the Serpent"},{"not_picked":["Sozu","WristBlade"],"picked":"Busted Crown"},{"not_picked":["Runic Dome","hubris:RunicObelisk"],"picked":"Black Star"},{"not_picked":["Velvet Choker","hubris:GrandSneckoEye"],"picked":"Runic Pyramid"},{"not_picked":["hubris:VirtuousBlindfold","hubris:BlackHole"],"picked":"Astrolabe"}],"items_purged_floors":[13,19,47,88,126],"is_endless":true,"potions_floor_spawned":[6,12,16,18,29,35,40,41,42,45,50,53,60,65,66,70,72,77,85,93,102,103,109,111,114,117,120,122,129,134],"killed_by":"LordOfAnnihilation","ascension_level":20}