{"gold_per_floor":[111,111,186,186,262,262,274,308,334,344,344,371,371,428,428,501,501,519,84,54,54,54,54,54],"floor_reached":24,"playtime":796,"items_purged":["Strike_B"],"score":470,"play_id":"c9d7fe9a-7273-414b-afee-854447221664","local_time":"20190331184252","is_ascension_mode":true,"campfire_choices":[{"floor":6,"key":"REST"},{"floor":11,"key":"REST"},{"floor":15,"key":"REST"},{"data":"Zap","floor":23,"key":"SMITH"}],"neow_cost":"NONE","seed_source_timestamp":37057798154729,"circlet_count":0,"master_deck":["AscendersBane","Strike_B+1","Strike_B+1","Strike_B+1","Defend_B+1","Defend_B+1","Defend_B+1","Defend_B+1","Zap+1","Dualcast","Hyperbeam","Chill+1","Coolheaded+1","Loop","Consume","Static Discharge","Echo Form","Defragment+1"],"relics":["Cracked Core","Symbiotic Virus","FossilizedHelix","War Paint","Orichalcum","Anchor","Tiny Chest","Nuclear Battery","Frozen Egg 2"],"potions_floor_usage":[18,24],"damage_taken":[{"damage":3,"enemies":"2 Louse","floor":1,"turns":2},{"damage":0,"enemies":"Small Slimes","floor":7,"turns":2},{"damage":22,"enemies":"Lagavulin","floor":8,"turns":7},{"damage":0,"enemies":"Cultist","floor":10,"turns":2},{"damage":8,"enemies":"3 Sentries","floor":12,"turns":4},{"damage":0,"enemies":"Lagavulin","floor":14,"turns":6},{"damage":13,"enemies":"The Guardian","floor":16,"turns":15},{"damage":12,"enemies":"3 Byrds","floor":18,"turns":5},{"damage":4,"enemies":"2 Thieves","floor":20,"turns":4},{"damage":55,"enemies":"Slavers","floor":24,"turns":4}],"seed_played":"1056649946572296607","potions_obtained":[{"floor":8,"key":"SteroidPotion"},{"floor":12,"key":"AttackPotion"}],"is_trial":false,"path_per_floor":["M","?","?","?","T","R","M","E","T","M","R","E","?","E","R","B",null,"M","$","M","?","?","R","E"],"character_chosen":"DEFECT","items_purchased":["Frozen Egg 2","Defragment+1"],"campfire_rested":3,"item_purchase_floors":[19,19],"current_hp_per_floor":[61,40,29,29,29,50,50,28,28,28,49,41,6,6,27,14,57,45,45,41,41,41,41,0],"gold":54,"neow_bonus":"ONE_RANDOM_RARE_CARD","is_prod":false,"is_daily":false,"chose_seed":false,"campfire_upgraded":1,"win_rate":0,"timestamp":1554050572,"path_taken":["M","?","?","?","?","R","M","E","T","?","R","E","?","E","R","BOSS","M","$","M","?","?","R","E"],"build_version":"2019-01-23","purchased_purges":1,"victory":false,"max_hp_per_floor":[71,71,71,71,71,71,71,71,71,71,71,71,71,71,71,71,71,71,71,71,71,71,71,71],"card_choices":[{"not_picked":["Barrage","Lockon"],"picked":"Chill","floor":1},{"not_picked":["Auto Shields","Gash"],"picked":"Coolheaded","floor":7},{"not_picked":["Conserve Battery","Skim"],"picked":"Loop","floor":8},{"not_picked":["Rebound","Coolheaded"],"picked":"Consume","floor":10},{"not_picked":["Double Energy","Leap","Hyperbeam"],"picked":"SKIP","floor":12},{"not_picked":["Turbo","Go for the Eyes"],"picked":"Static Discharge","floor":14},{"not_picked":["Machine Learning","Seek"],"picked":"Echo Form","floor":16},{"not_picked":["Leap","Go for the Eyes","Beam Cell"],"picked":"SKIP","floor":18},{"not_picked":["Streamline","Scrape","Barrage"],"picked":"SKIP","floor":20}],"player_experience":1511978,"relics_obtained":[{"floor":5,"key":"Symbiotic Virus"},{"floor":8,"key":"FossilizedHelix"},{"floor":9,"key":"War Paint"},{"floor":12,"key":"Orichalcum"},{"floor":14,"key":"Tiny Chest"}],"event_choices":[{"damage_healed":0,"gold_gain":0,"player_choice":"Entered Light","damage_taken":21,"max_hp_gain":0,"max_hp_loss":0,"event_name":"Shining Light","floor":2,"gold_loss":0,"cards_upgraded":["Chill","Strike_B"]},{"damage_healed":0,"gold_gain":75,"player_choice":"Gather Gold","damage_taken":11,"max_hp_gain":0,"max_hp_loss":0,"event_name":"World of Goop","floor":3,"gold_loss":0},{"damage_healed":0,"gold_gain":0,"player_choice":"Ignored","damage_taken":0,"max_hp_gain":0,"max_hp_loss":0,"event_name":"Liars Game","floor":4,"gold_loss":0},{"damage_healed":0,"gold_gain":0,"player_choice":"Success","damage_taken":35,"relics_obtained":["Anchor"],"max_hp_gain":0,"max_hp_loss":0,"event_name":"Scrap Ooze","floor":13,"gold_loss":0},{"damage_healed":0,"gold_gain":0,"player_choice":"Ignored","damage_taken":0,"max_hp_gain":0,"max_hp_loss":0,"event_name":"Vampires","floor":21,"gold_loss":0},{"damage_healed":0,"gold_gain":0,"player_choice":"Simplicity","damage_taken":0,"max_hp_gain":0,"max_hp_loss":0,"event_name":"Back to Basics","floor":22,"gold_loss":0,"cards_upgraded":["Strike_B","Strike_B","Defend_B","Defend_B","Defend_B"]}],"is_beta":false,"boss_relics":[{"not_picked":["Black Star","Cursed Key"],"picked":"Nuclear Battery"}],"items_purged_floors":[19],"is_endless":false,"potions_floor_spawned":[8,12,16],"killed_by":"Slavers","ascension_level":20}