{"gold_per_floor":[113,125,125,125,139,139,167,178,178,190,48,63,63,81,81,158,158,171,171,191,191],"floor_reached":21,"playtime":5174,"items_purged":[],"score":302,"play_id":"dd84c5d6-3844-48bf-8b41-29f7c7521d19","local_time":"20181017204856","is_ascension_mode":true,"campfire_choices":[{"data":"Escape Plan","floor":6,"key":"SMITH"},{"data":"Infinite Blades","floor":13,"key":"SMITH"},{"data":"Catalyst","floor":15,"key":"SMITH"}],"neow_cost":"NONE","seed_source_timestamp":39039450118660,"circlet_count":0,"master_deck":["Defend_G","Defend_G","Defend_G","Defend_G","Defend_G","Strike_G","Strike_G","Strike_G","Strike_G","Strike_G","Survivor","Neutralize+1","AscendersBane","Underhanded Strike","Backstab+1","Escape Plan+1","Noxious Fumes","Dagger Throw","Flying Knee","Catalyst+1","Poisoned Stab","Dash","Infinite Blades+1","Bane","Night Terror","Blade Dance","Dagger Spray+1"],"relics":["Ring of the Snake","Ancient Tea Set","The Courier","Cursed Key"],"potions_floor_usage":[10,16,18],"damage_taken":[{"damage":1,"enemies":"2 Louse","floor":1,"turns":3},{"damage":0,"enemies":"Jaw Worm","floor":2,"turns":5},{"damage":0,"enemies":"Small Slimes","floor":5,"turns":2},{"damage":27,"enemies":"3 Sentries","floor":7,"turns":10},{"damage":1,"enemies":"Looter","floor":8,"turns":4},{"damage":5,"enemies":"2 Fungi Beasts","floor":10,"turns":3},{"damage":4,"enemies":"Exordium Thugs","floor":12,"turns":3},{"damage":1,"enemies":"Looter","floor":14,"turns":2},{"damage":11,"enemies":"Hexaghost","floor":16,"turns":9},{"damage":22,"enemies":"2 Thieves","floor":18,"turns":2},{"damage":19,"enemies":"Shell Parasite","floor":20,"turns":5},{"damage":6,"enemies":"3 Cultists","floor":21,"turns":2}],"seed_played":"3355641358928082853","potions_obtained":[{"floor":5,"key":"SkillPotion"},{"floor":7,"key":"LiquidBronze"},{"floor":10,"key":"SpeedPotion"},{"floor":14,"key":"Regen Potion"},{"floor":16,"key":"SkillPotion"}],"is_trial":false,"path_per_floor":["M","M","?","?","M","R","E","M","T","M","$","M","R","M","R","B",null,"M","?","M"],"character_chosen":"THE_SILENT","items_purchased":["Catalyst","Poisoned Stab","Dash"],"campfire_rested":0,"item_purchase_floors":[11,11,11],"current_hp_per_floor":[62,62,62,62,62,62,35,34,34,29,29,25,25,24,24,28,60,38,25,6,0],"gold":191,"neow_bonus":"UPGRADE_CARD","is_prod":false,"is_daily":false,"chose_seed":false,"campfire_upgraded":3,"win_rate":0,"timestamp":1539802136,"path_taken":["M","M","?","?","M","R","E","M","T","M","$","M","R","M","R","BOSS","M","?","M","M"],"build_version":"2018-10-16","purchased_purges":0,"victory":false,"max_hp_per_floor":[70,70,70,70,70,70,70,70,70,70,70,70,70,70,70,70,70,70,75,75,75],"card_choices":[{"not_picked":["Outmaneuver","Expertise"],"picked":"Underhanded Strike","floor":1},{"not_picked":["Quick Slash","Acrobatics"],"picked":"Backstab","floor":2},{"not_picked":["Outmaneuver","Leg Sweep"],"picked":"Escape Plan","floor":5},{"not_picked":["Distraction","Backflip"],"picked":"Noxious Fumes","floor":7},{"not_picked":["Skewer","Acrobatics"],"picked":"Dagger Throw","floor":8},{"not_picked":["Calculated Gamble","Concentrate"],"picked":"Flying Knee","floor":10},{"not_picked":["Flying Knee","Burst"],"picked":"Infinite Blades","floor":12},{"not_picked":["Acrobatics","Dodge and Roll"],"picked":"Bane","floor":14},{"not_picked":["Bullet Time","Envenom"],"picked":"Night Terror","floor":16},{"not_picked":["Leg Sweep","Blur"],"picked":"Blade Dance","floor":18},{"not_picked":["Deadly Poison","Caltrops"],"picked":"Dagger Spray+1","floor":20}],"player_experience":641314,"relics_obtained":[{"floor":7,"key":"Ancient Tea Set"},{"floor":9,"key":"The Courier"}],"event_choices":[{"damage_healed":0,"gold_gain":0,"player_choice":"Ignored","damage_taken":0,"max_hp_gain":0,"max_hp_loss":0,"event_name":"Liars Game","floor":3,"gold_loss":0},{"damage_healed":0,"gold_gain":0,"player_choice":"Grow","damage_taken":0,"max_hp_gain":0,"max_hp_loss":0,"event_name":"Living Wall","floor":4,"gold_loss":0,"cards_upgraded":["Backstab"]},{"damage_healed":0,"gold_gain":0,"player_choice":"Shed Blood","damage_taken":18,"max_hp_gain":5,"max_hp_loss":0,"event_name":"Forgotten Altar","floor":19,"gold_loss":0}],"is_beta":true,"boss_relics":[{"not_picked":["Black Star","HoveringKite"],"picked":"Cursed Key"}],"items_purged_floors":[],"is_endless":false,"potions_floor_spawned":[5,7,10,12,14,16],"killed_by":"3 Cultists","ascension_level":13}