{"gold_per_floor":[110,125,125,143,143,177,177,213,213,213,213,227,177,201,201,332,332,345,345,359,384,384,415,415,134,158,158,173,189,189,209,209,209],"floor_reached":33,"playtime":1426,"items_purged":[],"score":468,"play_id":"5605b64e-652f-4cb6-8871-621fc5fae250","local_time":"20180923004733","is_ascension_mode":true,"campfire_choices":[{"floor":7,"key":"REST"},{"floor":10,"key":"DIG"},{"floor":15,"key":"REST"},{"floor":24,"key":"REST"},{"floor":27,"key":"DIG"},{"floor":30,"key":"DIG"},{"floor":32,"key":"REST"}],"neow_cost":"PERCENT_DAMAGE","seed_source_timestamp":11716397650142,"circlet_count":0,"master_deck":["Strike_R","Strike_R","Strike_R","Strike_R","Strike_R","Defend_R+1","Defend_R","Defend_R","Defend_R","Bash","AscendersBane","Iron Wave","Clash","Uppercut","Perfected Strike","Rage+1","Perfected Strike","Perfected Strike","Demon Form","Dropkick+1","Heavy Blade","Pummel","Injury","Heavy Blade"],"relics":["Burning Blood","Golden Idol","Oddly Smooth Stone","Shovel","Letter Opener","Singing Bowl","Cursed Key","Bag of Preparation","Membership Card","Bronze Scales","Art of War","War Paint","Gremlin Horn"],"potions_floor_usage":[8,23,33],"damage_taken":[{"damage":15,"enemies":"Small Slimes","floor":1,"turns":4},{"damage":6,"enemies":"Jaw Worm","floor":2,"turns":4},{"damage":1,"enemies":"2 Louse","floor":4,"turns":3},{"damage":45,"enemies":"3 Sentries","floor":6,"turns":12},{"damage":7,"enemies":"Gremlin Nob","floor":8,"turns":4},{"damage":3,"enemies":"2 Fungi Beasts","floor":12,"turns":4},{"damage":18,"enemies":"3 Louse","floor":14,"turns":3},{"damage":51,"enemies":"The Guardian","floor":16,"turns":10},{"damage":21,"enemies":"2 Thieves","floor":18,"turns":4},{"damage":0,"enemies":"Chosen","floor":20,"turns":4},{"damage":15,"enemies":"Centurion and Healer","floor":21,"turns":5},{"damage":54,"enemies":"Book of Stabbing","floor":23,"turns":5},{"damage":20,"enemies":"Chosen and Byrds","floor":28,"turns":5},{"damage":10,"enemies":"Snake Plant","floor":29,"turns":4},{"damage":6,"enemies":"Cultist and Chosen","floor":31,"turns":4},{"damage":93,"enemies":"Champ","floor":33,"turns":8}],"seed_played":"-7576632486731942779","potions_obtained":[{"floor":6,"key":"EssenceOfSteel"},{"floor":12,"key":"GamblersBrew"},{"floor":16,"key":"Ancient Potion"},{"floor":21,"key":"PowerPotion"},{"floor":28,"key":"GamblersBrew"},{"floor":29,"key":"Strength Potion"}],"is_trial":false,"path_per_floor":["M","M","?","M","?","E","R","E","T","R","$","M","?","M","R","B",null,"M","?","M","M","?","E","R","$","T","R","M","M","R","M","R"],"character_chosen":"IRONCLAD","items_purchased":["Membership Card","Bronze Scales","Pummel"],"campfire_rested":4,"item_purchase_floors":[25,25,25],"current_hp_per_floor":[55,55,60,65,65,26,56,55,55,55,55,58,58,46,76,31,84,71,71,77,68,68,22,53,53,53,53,41,37,37,39,71,0],"gold":209,"neow_bonus":"TWENTY_PERCENT_HP_BONUS","is_prod":false,"is_daily":false,"chose_seed":false,"campfire_upgraded":0,"win_rate":0,"timestamp":1537656453,"path_taken":["M","M","?","M","?","E","R","E","T","R","$","M","?","M","R","BOSS","M","?","?","?","?","E","R","?","T","R","?","M","R","M","R","BOSS"],"build_version":"2018-09-20","purchased_purges":0,"victory":false,"max_hp_per_floor":[96,96,101,101,101,101,101,101,101,101,101,101,101,101,101,101,101,103,103,103,103,103,105,105,105,105,105,107,107,107,109,109,109],"card_choices":[{"not_picked":["Havoc","Body Slam"],"picked":"Iron Wave","floor":1},{"not_picked":["Cleave","Burning Pact"],"picked":"Clash","floor":2},{"not_picked":["Flex","Wild Strike"],"picked":"Uppercut","floor":4},{"not_picked":["Power Through","Reckless Charge"],"picked":"Perfected Strike","floor":6},{"not_picked":["Iron Wave","Pommel Strike"],"picked":"Rage","floor":8},{"not_picked":["Wild Strike","Seeing Red"],"picked":"Perfected Strike","floor":12},{"not_picked":["Spot Weakness","Fire Breathing"],"picked":"Perfected Strike","floor":14},{"not_picked":["Dark Embrace","Barricade"],"picked":"Demon Form","floor":16},{"not_picked":["Clothesline","Anger","Evolve"],"picked":"Singing Bowl","floor":18},{"not_picked":["Wild Strike","Flex"],"picked":"Dropkick+1","floor":20},{"not_picked":["Inflame","Clash"],"picked":"Heavy Blade","floor":21},{"not_picked":["Combust","Feel No Pain","Uppercut"],"picked":"Singing Bowl","floor":23},{"not_picked":["Headbutt","Fire Breathing","Warcry+1"],"picked":"Singing Bowl","floor":28},{"not_picked":["Wild Strike+1","Corruption"],"picked":"Heavy Blade","floor":29},{"not_picked":["Bloodletting","Cleave","Clothesline+1"],"picked":"Singing Bowl","floor":31}],"player_experience":484439,"relics_obtained":[{"floor":6,"key":"Oddly Smooth Stone"},{"floor":8,"key":"Shovel"},{"floor":9,"key":"Letter Opener"},{"floor":10,"key":"Singing Bowl"},{"floor":23,"key":"Bag of Preparation"},{"floor":26,"key":"Art of War"},{"floor":27,"key":"War Paint"},{"floor":30,"key":"Gremlin Horn"}],"event_choices":[{"event_name":"Big Fish","player_choice":"Donut","floor":3,"damage_taken":0},{"event_name":"Golden Idol","player_choice":"Take Wound","floor":5,"damage_taken":0},{"event_name":"The Cleric","player_choice":"Card Removal","floor":13,"damage_taken":0},{"event_name":"N\u0027loth","player_choice":"Ignored","floor":19,"damage_taken":0},{"event_name":"The Woman in Blue","player_choice":"Bought 0 Potions","floor":22,"damage_taken":0}],"is_beta":true,"boss_relics":[{"not_picked":["Empty Cage","Velvet Choker"],"picked":"Cursed Key"}],"items_purged_floors":[],"is_endless":false,"potions_floor_spawned":[6,12,16,21,28,29],"killed_by":"Champ","ascension_level":12}