{"gold_per_floor":[111,121,181,193,26,61,61,61,61,32,52,78,89,122,122,200,200,200,47,47,47,47,47,47,47],"floor_reached":25,"playtime":921,"items_purged":["Strike_B"],"score":446,"play_id":"79ac86fd-0f6e-44b7-b22b-2fdcd1fed34d","local_time":"20190403001728","is_ascension_mode":true,"campfire_choices":[{"data":"Coolheaded","floor":8.0,"key":"SMITH"},{"floor":15.0,"key":"REST"},{"data":"Storm","floor":23,"key":"SMITH"}],"neow_cost":"NONE","seed_source_timestamp":0,"circlet_count":0,"master_deck":["AscendersBane","Strike_B","Strike_B","Strike_B","Defend_B","Defend_B","Defend_B","Defend_B","Zap+1","Dualcast","Melter","Coolheaded","Gash","Biased Cognition+1","Coolheaded+1","Gash","Conserve Battery","Static Discharge","Fission","Coolheaded","Storm+1","Force Field+1","Hologram"],"special_seed":0,"relics":["Cracked Core","Gremlin Horn","Mummified Hand","Pear","Art of War","Ectoplasm"],"potions_floor_usage":[16,16],"damage_taken":[{"damage":2.0,"enemies":"Jaw Worm","floor":1.0,"turns":3.0},{"damage":4.0,"enemies":"Small Slimes","floor":2.0,"turns":3.0},{"damage":0.0,"enemies":"Cultist","floor":4.0,"turns":3.0},{"damage":14.0,"enemies":"Lagavulin","floor":6.0,"turns":6.0},{"damage":0.0,"enemies":"3 Louse","floor":11.0,"turns":2.0},{"damage":38.0,"enemies":"Gremlin Nob","floor":12.0,"turns":4.0},{"damage":1.0,"enemies":"Looter","floor":13.0,"turns":3.0},{"damage":2.0,"enemies":"3 Sentries","floor":14.0,"turns":7.0},{"damage":15,"enemies":"The Guardian","floor":16,"turns":8},{"damage":0,"enemies":"Chosen","floor":18,"turns":5},{"damage":8,"enemies":"Shell Parasite","floor":21,"turns":5},{"damage":16,"enemies":"Chosen and Byrds","floor":22,"turns":7},{"damage":22,"enemies":"Shelled Parasite and Fungi","floor":24,"turns":4},{"damage":25,"enemies":"Book of Stabbing","floor":25,"turns":5}],"seed_played":"-373764583731142435","potions_obtained":[{"floor":1.0,"key":"LiquidBronze"},{"floor":6.0,"key":"Explosive Potion"},{"floor":13.0,"key":"PowerPotion"},{"floor":14.0,"key":"GamblersBrew"},{"floor":18,"key":"SpeedPotion"}],"is_trial":false,"path_per_floor":["M","M","?","M","$","E","?","R","T","$","M","E","M","E","R","B",null,"M","$","?","M","M","R","M","E"],"character_chosen":"DEFECT","items_purchased":["Biased Cognition","Gash","Storm"],"campfire_rested":1,"item_purchase_floors":[5,10,19],"current_hp_per_floor":[62,58,58,58,58,44,44,44,44,44,44,16,15,13,37,22,66,66,66,66,58,42,42,20,0],"gold":47,"neow_bonus":"UPGRADE_CARD","is_prod":false,"is_daily":false,"chose_seed":false,"campfire_upgraded":2,"win_rate":0,"timestamp":1554243448,"path_taken":["M","M","?","M","$","E","?","R","T","$","M","E","M","E","R","BOSS","M","$","?","M","M","R","M","E"],"build_version":"2019-01-23","purchased_purges":1,"victory":false,"max_hp_per_floor":[71,71,71,71,71,71,71,71,71,71,71,81,81,81,81,81,81,81,81,81,81,81,81,81,81],"card_choices":[{"not_picked":["Turbo","Compile Driver"],"picked":"Melter","floor":1.0},{"not_picked":["Blizzard","Steam"],"picked":"Coolheaded","floor":2.0},{"not_picked":["Go for the Eyes","Barrage"],"picked":"Gash","floor":4.0},{"not_picked":["Rebound","Genetic Algorithm"],"picked":"Coolheaded","floor":6.0},{"not_picked":["Steam Power","Stack"],"picked":"Conserve Battery","floor":11.0},{"not_picked":["Coolheaded","Amplify"],"picked":"Static Discharge","floor":12.0},{"not_picked":["Melter","Stack","Steam Power"],"picked":"SKIP","floor":13.0},{"not_picked":["Conserve Battery","Steam Power","Sweeping Beam"],"picked":"SKIP","floor":14.0},{"not_picked":["Buffer","Machine Learning"],"picked":"Fission","floor":16},{"not_picked":["Double Energy","Hologram"],"picked":"Coolheaded","floor":18},{"not_picked":["Consume","Reprogram"],"picked":"Force Field+1","floor":21},{"not_picked":["Stack","Hologram","Compile Driver"],"picked":"SKIP","floor":22},{"not_picked":["Aggregate","Streamline"],"picked":"Hologram","floor":24}],"player_experience":1528313,"relics_obtained":[{"floor":6.0,"key":"Gremlin Horn"},{"floor":9.0,"key":"Mummified Hand"},{"floor":12.0,"key":"Pear"},{"floor":14.0,"key":"Art of War"}],"event_choices":[{"damage_healed":0.0,"max_hp_gain":0.0,"max_hp_loss":0.0,"gold_gain":60.0,"event_name":"Golden Wing","player_choice":"Gained Gold","floor":3.0,"gold_loss":0.0,"damage_taken":0.0},{"damage_healed":0.0,"max_hp_gain":0.0,"max_hp_loss":0.0,"gold_gain":0.0,"event_name":"Upgrade Shrine","player_choice":"Upgraded","floor":7.0,"gold_loss":0.0,"damage_taken":0.0,"cards_upgraded":["Biased Cognition"]},{"damage_healed":0,"gold_gain":0,"player_choice":"Ignored","damage_taken":0,"max_hp_gain":0,"max_hp_loss":0,"event_name":"Vampires","floor":20,"gold_loss":0}],"is_beta":false,"boss_relics":[{"not_picked":["Lizard Tail","Tiny House"],"picked":"Ectoplasm"}],"items_purged_floors":[19],"is_endless":false,"potions_floor_spawned":[1,6,12,13,14,18],"killed_by":"Book of Stabbing","ascension_level":20}