{"gold_per_floor":[117,135,145,110,127,157,157,176,199,199,209,209,3,16,16,121,121,139,151,168,168,182,211,211,228,283,283,283,318,367,386,386,491,541,559,559,519,537,163,197,217,217,217,237,237,262,262,282,282,282],"floor_reached":51,"playtime":5790,"items_purged":[],"score":1077,"play_id":"eed851ae-3f83-41d2-84fa-83c14b60d763","local_time":"20180923022541","is_ascension_mode":true,"campfire_choices":[{"data":"Sucker Punch","floor":7,"key":"SMITH"},{"data":"Noxious Fumes","floor":12,"key":"SMITH"},{"data":"Bouncing Flask","floor":15,"key":"SMITH"},{"floor":24,"key":"REST"},{"data":"Adrenaline","floor":27,"key":"SMITH"},{"floor":32,"key":"REST"},{"data":"After Image","floor":42,"key":"SMITH"},{"floor":45,"key":"REST"},{"floor":49,"key":"REST"}],"neow_cost":"","seed_source_timestamp":13229819412047,"circlet_count":0,"master_deck":["Defend_G+1","Defend_G+1","Defend_G+1","Defend_G+1","Defend_G+1","Strike_G+1","Strike_G+1","Strike_G+1","Strike_G+1","Strike_G+1","Survivor","Neutralize","AscendersBane","Deflect","Bouncing Flask+1","All Out Attack","Sucker Punch+1","Dash","Blur","Noxious Fumes+1","Infinite Blades","Adrenaline+1","Infinite Blades+1","Distraction+1","Masterful Stab","Catalyst","Quick Slash+1","Normality","Venomology","Pain","Choke","Adrenaline+1","Dagger Spray+1","Leg Sweep+1","Accuracy+1","A Thousand Cuts","After Image+1","Regret","Distraction+1","A Thousand Cuts"],"relics":["Ring of the Snake","Pen Nib","Dead Branch","TwistedFunnel","Cursed Key","Nloth\u0027s Gift","Happy Flower","Anchor","Potion Belt","Regal Pillow","Tiny House","Unceasing Top","Turnip","Mercury Hourglass","Ice Cream"],"potions_floor_usage":[16,16,29,31,33,33,33,44,44,44,44,44,44,46,46,46,48,50,50,50,50],"damage_taken":[{"damage":6,"enemies":"Cultist","floor":1,"turns":6},{"damage":1,"enemies":"Small Slimes","floor":2,"turns":4},{"damage":6,"enemies":"2 Louse","floor":3,"turns":4},{"damage":3,"enemies":"Looter","floor":5,"turns":4},{"damage":31,"enemies":"3 Sentries","floor":6,"turns":8},{"damage":0,"enemies":"Exordium Wildlife","floor":8,"turns":3},{"damage":0,"enemies":"Red Slaver","floor":11,"turns":4},{"damage":1,"enemies":"Blue Slaver","floor":14,"turns":3},{"damage":37,"enemies":"Slime Boss","floor":16,"turns":10},{"damage":0,"enemies":"Chosen","floor":18,"turns":3},{"damage":4,"enemies":"3 Byrds","floor":19,"turns":3},{"damage":0,"enemies":"Sentry and Sphere","floor":20,"turns":3},{"damage":11,"enemies":"3 Cultists","floor":22,"turns":3},{"damage":41,"enemies":"Slavers","floor":23,"turns":5},{"damage":0,"enemies":"Snake Plant","floor":25,"turns":2},{"damage":7,"enemies":"Gremlin Leader","floor":29,"turns":6},{"damage":12,"enemies":"Centurion and Healer","floor":31,"turns":3},{"damage":37,"enemies":"Automaton","floor":33,"turns":10},{"damage":10,"enemies":"3 Shapes","floor":35,"turns":6},{"damage":6,"enemies":"Orb Walker","floor":38,"turns":4},{"damage":22,"enemies":"Nemesis","floor":40,"turns":7},{"damage":17,"enemies":"Sphere and 2 Shapes","floor":41,"turns":4},{"damage":22,"enemies":"Reptomancer","floor":44,"turns":4},{"damage":10,"enemies":"Giant Head","floor":46,"turns":6},{"damage":19,"enemies":"Maw","floor":48,"turns":6},{"damage":52,"enemies":"Awakened One","floor":50,"turns":12}],"seed_played":"1600121276862917411","potions_obtained":[{"floor":1,"key":"EssenceOfSteel"},{"floor":2,"key":"GhostInAJar"},{"floor":11,"key":"Poison Potion"},{"floor":16,"key":"Weak Potion"},{"floor":20,"key":"SneckoOil"},{"floor":31,"key":"Poison Potion"},{"floor":34,"key":"Poison Potion"},{"floor":35,"key":"Ancient Potion"},{"floor":37,"key":"FairyPotion"},{"floor":37,"key":"EntropicBrew"},{"floor":37,"key":"Regen Potion"},{"floor":44,"key":"Ancient Potion"},{"floor":46,"key":"Fire Potion"}],"is_trial":false,"path_per_floor":["M","M","M","?","M","E","R","M","T","T","M","R","$","M","R","B",null,"M","M","M","?","M","E","R","M","T","R","?","E","T","M","R","B",null,"M","?","?","M","$","E","M","R","T","M","R","E","?","M","R","B"],"character_chosen":"THE_SILENT","items_purchased":["TwistedFunnel","Unceasing Top","Accuracy"],"campfire_rested":4,"item_purchase_floors":[13,39,39],"current_hp_per_floor":[57,56,50,67,64,40,40,40,40,40,40,40,40,39,39,2,58,58,54,54,54,43,2,25,25,25,25,25,18,18,6,44,7,65,55,55,55,49,49,27,10,10,10,10,49,39,39,20,59,7],"gold":282,"neow_bonus":"","is_prod":false,"is_daily":false,"chose_seed":false,"campfire_upgraded":5,"win_rate":0,"timestamp":1537662341,"path_taken":["M","M","?","?","M","E","R","M","T","?","?","R","?","M","R","BOSS","M","M","M","?","M","E","R","M","T","R","?","E","?","M","R","BOSS","M","?","?","M","$","E","M","R","T","?","R","E","?","M","R","BOSS"],"build_version":"2018-09-20","purchased_purges":0,"victory":true,"max_hp_per_floor":[70,70,70,70,70,77,77,77,77,77,77,77,77,77,77,77,77,77,77,77,77,77,77,77,77,77,77,77,77,77,77,77,77,82,82,82,82,82,82,82,82,82,82,82,82,82,82,82,82,82],"card_choices":[{"not_picked":["Setup","Backflip"],"picked":"Deflect","floor":1},{"not_picked":["Dodge and Roll","Underhanded Strike"],"picked":"Bouncing Flask","floor":2},{"not_picked":["Deadly Poison","Outmaneuver"],"picked":"All Out Attack","floor":3},{"not_picked":["Flying Knee","PiercingWail"],"picked":"Sucker Punch","floor":5},{"not_picked":["Sucker Punch","Dagger Spray"],"picked":"Dash","floor":6},{"not_picked":["Flying Knee","PiercingWail"],"picked":"Blur","floor":8},{"not_picked":["Slice","Well Laid Plans"],"picked":"Noxious Fumes","floor":11},{"not_picked":["Blade Dance","Choke"],"picked":"Infinite Blades","floor":14},{"not_picked":["Burst","Grand Finale"],"picked":"Adrenaline","floor":16},{"not_picked":["Well Laid Plans","Expertise+1"],"picked":"Infinite Blades+1","floor":18},{"not_picked":["Flying Knee","Dodge and Roll"],"picked":"Distraction+1","floor":19},{"not_picked":["Bane","Acrobatics+1"],"picked":"Masterful Stab","floor":20},{"not_picked":["Dagger Throw+1","Escape Plan+1"],"picked":"Catalyst","floor":22},{"not_picked":["Dodge and Roll","Acrobatics","Backflip"],"picked":"SKIP","floor":23},{"not_picked":["Dagger Spray","Concentrate"],"picked":"Quick Slash+1","floor":25},{"not_picked":["Cloak And Dagger","Wraith Form v2"],"picked":"Venomology","floor":29},{"not_picked":["Tactician","Prepared"],"picked":"Choke","floor":31},{"not_picked":["Tools of the Trade","Venomology"],"picked":"Adrenaline","floor":33},{"not_picked":["Predator","Poisoned Stab+1"],"picked":"Dagger Spray+1","floor":34},{"not_picked":["Acrobatics+1","Flying Knee+1","Dodge and Roll"],"picked":"SKIP","floor":35},{"not_picked":["Blade Dance+1","Quick Slash+1"],"picked":"Leg Sweep+1","floor":38},{"not_picked":["Prepared","Night Terror"],"picked":"A Thousand Cuts","floor":40},{"not_picked":["PiercingWail+1","Calculated Gamble+1"],"picked":"After Image","floor":41},{"not_picked":["Flying Knee+1","Acrobatics+1"],"picked":"Distraction+1","floor":44},{"not_picked":["PiercingWail+1","Sucker Punch+1"],"picked":"A Thousand Cuts","floor":46},{"not_picked":["Dagger Throw","Eviscerate+1","Deflect+1"],"picked":"SKIP","floor":48}],"player_experience":485865,"relics_obtained":[{"floor":6,"key":"Strawberry"},{"floor":9,"key":"Pen Nib"},{"floor":10,"key":"Dead Branch"},{"floor":23,"key":"Happy Flower"},{"floor":26,"key":"Anchor"},{"floor":29,"key":"Potion Belt"},{"floor":30,"key":"Regal Pillow"},{"floor":40,"key":"Turnip"},{"floor":43,"key":"Mercury Hourglass"},{"floor":46,"key":"Ice Cream"}],"event_choices":[{"event_name":"The Cleric","player_choice":"Healed","floor":4,"damage_taken":0},{"event_name":"N\u0027loth","player_choice":"Traded a Strawberry","floor":21,"damage_taken":0},{"event_name":"Back to Basics","player_choice":"Simplicity","floor":28,"damage_taken":0},{"event_name":"Tomb of Lord Red Mask","player_choice":"Ignored","floor":36,"damage_taken":0},{"event_name":"The Woman in Blue","player_choice":"Bought 3 Potions","floor":37,"damage_taken":0},{"event_name":"Accursed Blacksmith","player_choice":"Forge","floor":47,"damage_taken":0}],"is_beta":true,"boss_relics":[{"not_picked":["Sozu","White Beast Statue"],"picked":"Cursed Key"},{"not_picked":["Snecko Eye","Pandora\u0027s Box"],"picked":"Tiny House"}],"items_purged_floors":[],"is_endless":false,"potions_floor_spawned":[1,2,11,16,20,23,25,31,35,41,44,46],"ascension_level":10}