{"gold_per_floor":[110,21,21,38,38,79,98,116,116,152,177,217,217,232,232,325,325,325,325,245,245,245,245],"floor_reached":23,"playtime":892,"items_purged":[],"score":480,"play_id":"9c3433e3-e06f-4e67-aadd-0c65d46a38ec","local_time":"20190312133437","is_ascension_mode":true,"campfire_choices":[{"data":"Armaments","floor":13,"key":"SMITH"},{"data":"Inflame","floor":15,"key":"SMITH"}],"neow_cost":"NONE","seed_source_timestamp":2890350566146,"circlet_count":0,"master_deck":["AscendersBane","Strike_R","Strike_R","Strike_R","Strike_R","Strike_R","Defend_R","Defend_R","Defend_R","Defend_R","Bash","Anger","Disarm","Armaments+1","Clothesline","Battle Trance","Inflame+1","Juggernaut","Metallicize","Offering","Corruption","Shrug It Off","Flame Barrier+1"],"relics":["Burning Blood","NeowsBlessing","GremlinMask","Golden Idol","Pantograph","Singing Bowl","Bag of Preparation","Ectoplasm"],"potions_floor_usage":[12,22,23],"damage_taken":[{"damage":0,"enemies":"Small Slimes","floor":1,"turns":1},{"damage":0,"enemies":"Cultist","floor":4,"turns":1},{"damage":0,"enemies":"3 Sentries","floor":6,"turns":2},{"damage":3,"enemies":"Jaw Worm","floor":7,"turns":6},{"damage":30,"enemies":"Gremlin Gang","floor":8,"turns":6},{"damage":6,"enemies":"Gremlin Nob","floor":10,"turns":3},{"damage":15,"enemies":"Large Slime","floor":11,"turns":7},{"damage":21,"enemies":"Lagavulin","floor":12,"turns":6},{"damage":2,"enemies":"Red Slaver","floor":14,"turns":4},{"damage":33,"enemies":"The Guardian","floor":16,"turns":11},{"damage":9,"enemies":"Chosen","floor":18,"turns":5},{"damage":28,"enemies":"2 Thieves","floor":20,"turns":4},{"damage":22,"enemies":"Centurion and Healer","floor":21,"turns":6},{"damage":17,"enemies":"Snake Plant","floor":22,"turns":4},{"damage":13,"enemies":"Book of Stabbing","floor":23,"turns":4}],"seed_played":"7879531137097902614","potions_obtained":[{"floor":6,"key":"BloodPotion"},{"floor":8,"key":"Block Potion"},{"floor":10,"key":"SkillPotion"},{"floor":12,"key":"Strength Potion"}],"is_trial":false,"path_per_floor":["M","$","?","M","?","E","M","M","T","E","M","E","R","M","R","B",null,"M","?","M","M","M","E"],"character_chosen":"IRONCLAD","items_purchased":["Disarm"],"campfire_rested":0,"item_purchase_floors":[2],"current_hp_per_floor":[74,74,74,75,68,68,68,44,44,46,39,24,24,28,28,26,61,58,58,38,22,11,0],"gold":245,"neow_bonus":"THREE_ENEMY_KILL","is_prod":false,"is_daily":false,"chose_seed":false,"campfire_upgraded":2,"win_rate":0,"timestamp":1552394077,"path_taken":["M","$","?","?","?","E","M","M","T","E","M","E","R","M","R","BOSS","M","?","?","M","M","E"],"build_version":"2019-01-23","purchased_purges":0,"victory":false,"max_hp_per_floor":[75,75,75,75,68,68,68,68,68,70,72,72,72,72,72,72,72,72,72,74,74,74,74],"card_choices":[{"not_picked":["Warcry","True Grit"],"picked":"Anger","floor":1},{"not_picked":["Thunderclap","Searing Blow"],"picked":"Armaments","floor":4},{"not_picked":["Pummel","Evolve"],"picked":"Clothesline","floor":6},{"not_picked":["Armaments","Perfected Strike"],"picked":"Battle Trance","floor":7},{"not_picked":["Rampage","Metallicize"],"picked":"Inflame","floor":8},{"not_picked":["Thunderclap","Combust","Headbutt"],"picked":"Singing Bowl","floor":10},{"not_picked":["Iron Wave","Sword Boomerang","Thunderclap"],"picked":"Singing Bowl","floor":11},{"not_picked":["Havoc","Hemokinesis"],"picked":"Juggernaut","floor":12},{"not_picked":["Perfected Strike","Flex"],"picked":"Metallicize","floor":14},{"not_picked":["Brutality","Double Tap"],"picked":"Offering","floor":16},{"not_picked":["Perfected Strike","Clash"],"picked":"Corruption","floor":18},{"not_picked":["Corruption+1","Anger","Intimidate"],"picked":"Singing Bowl","floor":20},{"not_picked":["Battle Trance","Sever Soul"],"picked":"Shrug It Off","floor":21},{"not_picked":["Body Slam","Seeing Red"],"picked":"Flame Barrier+1","floor":22}],"player_experience":1388906,"relics_obtained":[{"floor":6,"key":"Pantograph"},{"floor":9,"key":"Singing Bowl"},{"floor":12,"key":"Bag of Preparation"}],"event_choices":[{"damage_healed":0,"gold_gain":0,"player_choice":"Trade","damage_taken":0,"relics_obtained":["GremlinMask"],"max_hp_gain":0,"max_hp_loss":0,"event_name":"FaceTrader","floor":3,"gold_loss":0},{"damage_healed":0,"gold_gain":0,"player_choice":"Lose Max HP","damage_taken":0,"relics_obtained":["Golden Idol"],"max_hp_gain":0,"max_hp_loss":7,"event_name":"Golden Idol","floor":5,"gold_loss":0},{"damage_healed":0,"gold_gain":50,"player_choice":"Pray","damage_taken":0,"max_hp_gain":0,"max_hp_loss":0,"event_name":"Golden Shrine","floor":19,"gold_loss":0}],"is_beta":false,"boss_relics":[{"not_picked":["Velvet Choker","Calling Bell"],"picked":"Ectoplasm"}],"items_purged_floors":[],"is_endless":false,"potions_floor_spawned":[6,8,10,12,18,21],"killed_by":"Book of Stabbing","ascension_level":20}