{"gold_per_floor":[117,117,117,137,137,156,191,191,191,255,268,268],"floor_reached":12,"playtime":337,"items_purged":[],"score":176,"play_id":"a25096c1-d924-4cfc-8b73-ccb3e9fec0d0","local_time":"20190130201530","is_ascension_mode":true,"campfire_choices":[{"data":"Shockwave","floor":8.0,"key":"SMITH"}],"neow_cost":"NONE","seed_source_timestamp":0,"circlet_count":0,"master_deck":["AscendersBane","Strike_R","Strike_R+1","Strike_R","Strike_R","Strike_R","Defend_R","Defend_R","Defend_R","Defend_R","Bash","Heavy Blade","Rampage+1","Shockwave+1","Shrug It Off","Evolve","Rage"],"special_seed":0,"relics":["Burning Blood","NeowsBlessing","Golden Idol","hubris:Icosahedron","Blue Candle","Whetstone","Tiny Chest"],"potions_floor_usage":[12],"damage_taken":[{"damage":0.0,"enemies":"Jaw Worm","floor":1.0,"turns":1.0},{"damage":1.0,"enemies":"Small Slimes","floor":4.0,"turns":2.0},{"damage":0.0,"enemies":"Cultist","floor":6.0,"turns":1.0},{"damage":50.0,"enemies":"3 Sentries","floor":7.0,"turns":8.0},{"damage":24.0,"enemies":"Gremlin Nob","floor":10.0,"turns":4.0},{"damage":9.0,"enemies":"Exordium Wildlife","floor":11.0,"turns":5.0},{"damage":5,"enemies":"Large Slime","floor":12,"turns":6}],"seed_played":"8208515362039743850","potions_obtained":[{"floor":1.0,"key":"SteroidPotion"},{"floor":6.0,"key":"GamblersBrew"},{"floor":10.0,"key":"Dexterity Potion"}],"is_trial":false,"path_per_floor":["M","?","?","M","?","M","E","R","T","E","M","M"],"character_chosen":"IRONCLAD","items_purchased":[],"campfire_rested":0,"item_purchase_floors":[],"current_hp_per_floor":[74,68,68,68,73,73,29,29,29,11,8,3],"gold":268,"neow_bonus":"THREE_ENEMY_KILL","is_prod":false,"is_daily":false,"chose_seed":false,"campfire_upgraded":1,"win_rate":0,"timestamp":1548875730,"path_taken":["M","?","?","?","?","M","E","R","T","E","M","M"],"build_version":"2019-01-23","purchased_purges":0,"victory":false,"max_hp_per_floor":[75,68,68,68,73,73,73,73,73,73,73,73],"card_choices":[{"not_picked":["Entrench","Power Through"],"picked":"Heavy Blade","floor":1.0},{"not_picked":["hubris:CleavingFinish","Disarm"],"picked":"Rampage","floor":4.0},{"not_picked":["Whirlwind","Blood for Blood"],"picked":"Shockwave","floor":6.0},{"not_picked":["Combust","Wild Strike"],"picked":"Shrug It Off","floor":7.0},{"not_picked":["Dropkick","Wild Strike"],"picked":"Evolve","floor":10.0},{"not_picked":["Warcry","Pommel Strike"],"picked":"Rage","floor":11.0}],"player_experience":1185978,"relics_obtained":[{"floor":7.0,"key":"Blue Candle"},{"floor":9.0,"key":"Whetstone"},{"floor":10.0,"key":"Tiny Chest"}],"event_choices":[{"damage_healed":0.0,"max_hp_gain":0.0,"max_hp_loss":7.0,"gold_gain":0.0,"event_name":"Golden Idol","player_choice":"Lose Max HP","floor":2.0,"gold_loss":0.0,"damage_taken":0.0,"relics_obtained":["Golden Idol"]},{"damage_healed":0.0,"max_hp_gain":5.0,"max_hp_loss":0.0,"gold_gain":0.0,"event_name":"Big Fish","player_choice":"Donut","floor":5.0,"gold_loss":0.0,"damage_taken":0.0}],"is_beta":false,"boss_relics":[],"items_purged_floors":[],"is_endless":false,"potions_floor_spawned":[1,6,10],"killed_by":"Large Slime","ascension_level":20}