{"gold_per_floor":[116,116,130,148,166,166,177,177,177,177,207,164,187,215,215,294,294,310,310,310,325,343,343],"floor_reached":23,"playtime":902,"items_purged":[],"score":332,"play_id":"254a048d-2135-4afa-9175-20189378a461","local_time":"20181018224917","is_ascension_mode":true,"campfire_choices":[{"data":"Neutralize","floor":6,"key":"SMITH"},{"data":"Terror","floor":8,"key":"SMITH"},{"data":"Skewer","floor":10,"key":"SMITH"},{"floor":15,"key":"REST"}],"neow_cost":"NONE","seed_source_timestamp":50612011057339,"circlet_count":0,"master_deck":["Defend_G","Defend_G","Defend_G","Defend_G","Defend_G","Strike_G","Strike_G","Strike_G","Strike_G","Survivor","Neutralize+1","AscendersBane","Quick Slash","PiercingWail","Terror+1","Cloak And Dagger","Skewer+1","Cloak And Dagger","Flying Knee","Die Die Die","Expertise","Deep Breath","Sucker Punch","Well Laid Plans"],"relics":["Black Star","Sundial","Regal Pillow","Ancient Tea Set","Boot","Paper Crane","Pantograph","Philosopher\u0027s Stone","Letter Opener"],"potions_floor_usage":[5,11,14,23],"damage_taken":[{"damage":0,"enemies":"2 Louse","floor":1,"turns":4},{"damage":0,"enemies":"Jaw Worm","floor":3,"turns":5},{"damage":0,"enemies":"Small Slimes","floor":4,"turns":4},{"damage":26,"enemies":"Gremlin Gang","floor":5,"turns":11},{"damage":0,"enemies":"Looter","floor":7,"turns":4},{"damage":17,"enemies":"3 Sentries","floor":11,"turns":7},{"damage":8,"enemies":"Lagavulin","floor":14,"turns":6},{"damage":11,"enemies":"Slime Boss","floor":16,"turns":9},{"damage":7,"enemies":"Shell Parasite","floor":18,"turns":4},{"damage":20,"enemies":"2 Thieves","floor":21,"turns":4},{"damage":20,"enemies":"Snake Plant","floor":22,"turns":4},{"damage":21,"enemies":"Gremlin Leader","floor":23,"turns":2}],"seed_played":"-2377052956117881621","potions_obtained":[{"floor":3,"key":"Block Potion"},{"floor":7,"key":"SkillPotion"},{"floor":11,"key":"SpeedPotion"},{"floor":22,"key":"Strength Potion"}],"is_trial":false,"path_per_floor":["M","?","M","M","M","R","M","R","T","R","E","?","T","E","R","B",null,"M","?","T","M","M"],"character_chosen":"THE_SILENT","items_purchased":[],"campfire_rested":1,"item_purchase_floors":[],"current_hp_per_floor":[63,56,56,56,30,30,30,30,30,30,13,13,13,5,41,55,66,59,59,59,39,19,0],"gold":343,"neow_bonus":"BOSS_RELIC","is_prod":false,"is_daily":false,"chose_seed":false,"campfire_upgraded":3,"win_rate":0,"timestamp":1539895757,"path_taken":["M","?","M","M","M","R","?","R","T","R","E","?","?","E","R","BOSS","M","?","?","?","M","E"],"build_version":"2018-10-17v3","purchased_purges":0,"victory":false,"max_hp_per_floor":[70,70,70,70,70,70,70,70,70,70,70,70,70,70,70,70,70,70,70,70,70,70,70],"card_choices":[{"not_picked":["Outmaneuver","Setup"],"picked":"Quick Slash","floor":1},{"not_picked":["Calculated Gamble","Accuracy"],"picked":"PiercingWail","floor":3},{"not_picked":["Poisoned Stab","Flying Knee"],"picked":"Terror","floor":4},{"not_picked":["Acrobatics","PiercingWail"],"picked":"Cloak And Dagger","floor":5},{"not_picked":["Cloak And Dagger","Poisoned Stab"],"picked":"Skewer","floor":7},{"not_picked":["Grand Finale","Outmaneuver"],"picked":"Cloak And Dagger","floor":11},{"not_picked":["Eviscerate","Prepared"],"picked":"Flying Knee","floor":14},{"not_picked":["Night Terror","Phantasmal Killer"],"picked":"Die Die Die","floor":16},{"not_picked":["Dodge and Roll","Cloak And Dagger"],"picked":"Expertise","floor":18},{"not_picked":["Concentrate","Endless Agony"],"picked":"Sucker Punch","floor":21},{"not_picked":["Deflect","Escape Plan"],"picked":"Well Laid Plans","floor":22}],"player_experience":656564,"relics_obtained":[{"floor":9,"key":"Sundial"},{"floor":11,"key":"Regal Pillow"},{"floor":11,"key":"Ancient Tea Set"},{"floor":13,"key":"Boot"},{"floor":14,"key":"Paper Crane"},{"floor":14,"key":"Pantograph"},{"floor":20,"key":"Letter Opener"}],"event_choices":[{"cards_removed":["Strike_G"],"damage_healed":0,"gold_gain":0,"player_choice":"Card Removal","damage_taken":7,"max_hp_gain":0,"max_hp_loss":0,"event_name":"Golden Wing","floor":2,"gold_loss":0},{"damage_healed":0,"gold_gain":0,"player_choice":"Left Gold","damage_taken":0,"max_hp_gain":0,"max_hp_loss":0,"event_name":"World of Goop","floor":12,"gold_loss":43},{"damage_healed":0,"gold_gain":0,"player_choice":"1 cards matched","damage_taken":0,"max_hp_gain":0,"max_hp_loss":0,"event_name":"Match and Keep!","floor":19,"gold_loss":0,"cards_obtained":["Deep Breath"]}],"is_beta":true,"boss_relics":[{"not_picked":["Runic Pyramid","Fusion Hammer"],"picked":"Philosopher\u0027s Stone"}],"items_purged_floors":[],"is_endless":false,"potions_floor_spawned":[3,7,11,22],"killed_by":"Gremlin Leader","ascension_level":13}