{"gold_per_floor":[118,138,157,157,82,82,101,101,126,148,174,201,213,225,237,354,366,391,226,241,261,261,261,272,272,272,187,217,235,268,288,288,391,391,408,408,408,408],"floor_reached":38,"playtime":6592,"items_purged":["Defend_B","Strike_B"],"score":408,"play_id":"18ecbf75-4c2d-4371-9f15-8cfe7e1ac627","local_time":"20190206175512","is_ascension_mode":false,"campfire_choices":[{"data":"Defragment","floor":6,"key":"SMITH"},{"data":"Gash","floor":8,"key":"SMITH"},{"data":"Reprogram","floor":13,"key":"SMITH"},{"data":"Go for the Eyes","floor":15,"key":"SMITH"},{"data":"Coolheaded","floor":23,"key":"SMITH"},{"data":"Echo Form","floor":25,"key":"SMITH"},{"data":"Seek","floor":32,"key":"SMITH"}],"neow_cost":"TEN_PERCENT_HP_LOSS","seed_source_timestamp":207343314164451,"circlet_count":0,"master_deck":["Defend_B","Defend_B","Defend_B","Zap","Dualcast","Self Repair","Defragment+1","Conserve Battery","Gash+1","Reprogram+1","Core Surge","Seek+1","Defragment+1","Loop","Coolheaded+1","Echo Form+1","Loop","Capacitor","Amplify","Self Repair+1","Hologram+1","Madness","Madness"],"relics":["Cracked Core","MawBank","Nuclear Battery","Darkstone Periapt","Regal Pillow","Sundial","Bottled Lightning","Orrery"],"potions_floor_usage":[30,30,30,38],"damage_taken":[{"damage":0,"enemies":"2 Louse","floor":1,"turns":3},{"damage":0,"enemies":"Small Slimes","floor":2,"turns":4},{"damage":3,"enemies":"Jaw Worm","floor":3,"turns":4},{"damage":1,"enemies":"Exordium Wildlife","floor":7,"turns":4},{"damage":2,"enemies":"2 Fungi Beasts","floor":10,"turns":4},{"damage":6,"enemies":"Exordium Thugs","floor":11,"turns":6},{"damage":11,"enemies":"Looter","floor":12,"turns":4},{"damage":51,"enemies":"The Guardian","floor":16,"turns":11},{"damage":13,"enemies":"Chosen","floor":18,"turns":5},{"damage":11,"enemies":"Spheric Guardian","floor":20,"turns":4},{"damage":26,"enemies":"Snake Plant","floor":21,"turns":5},{"damage":1,"enemies":"Centurion and Healer","floor":24,"turns":9},{"damage":6,"enemies":"Book of Stabbing","floor":28,"turns":9},{"damage":8,"enemies":"Cultist and Chosen","floor":29,"turns":7},{"damage":43,"enemies":"Slavers","floor":30,"turns":9},{"damage":6,"enemies":"Chosen and Byrds","floor":31,"turns":7},{"damage":10,"enemies":"Champ","floor":33,"turns":13},{"damage":35,"enemies":"Orb Walker","floor":35,"turns":6},{"damage":47,"enemies":"3 Darklings","floor":38,"turns":5}],"seed_played":"2674470792786611261","potions_obtained":[{"floor":2,"key":"SteroidPotion"},{"floor":10,"key":"SneckoOil"},{"floor":16,"key":"Strength Potion"},{"floor":18,"key":"PowerPotion"},{"floor":29,"key":"Regen Potion"},{"floor":30,"key":"AttackPotion"},{"floor":31,"key":"Strength Potion"},{"floor":33,"key":"SteroidPotion"}],"is_trial":false,"path_per_floor":["M","M","M","?","$","R","M","R","T","M","M","M","R","?","R","B",null,"M","$","M","M","?","R","M","R","T","?","E","M","E","M","R","B",null,"M","?","?","M"],"character_chosen":"DEFECT","items_purchased":["Loop"],"campfire_rested":0,"item_purchase_floors":[19],"current_hp_per_floor":[68,68,68,68,68,68,68,68,68,68,68,64,64,64,64,20,68,62,62,58,39,39,39,45,45,45,45,46,45,31,32,32,29,68,50,50,41,0],"gold":408,"neow_bonus":"REMOVE_TWO","is_prod":false,"is_daily":false,"chose_seed":false,"campfire_upgraded":7,"win_rate":0.0,"timestamp":1549504512,"path_taken":["M","M","M","?","$","R","M","R","T","M","M","M","R","?","R","BOSS","M","$","M","M","?","R","M","R","T","?","E","M","E","M","R","BOSS","M","?","?","M"],"build_version":"2019-01-23","purchased_purges":2,"victory":false,"max_hp_per_floor":[68,68,68,68,68,68,68,68,68,68,68,68,68,68,68,68,68,68,68,68,68,68,68,68,68,68,68,68,68,68,68,68,68,68,68,68,68,68],"card_choices":[{"not_picked":["Beam Cell","Go for the Eyes"],"picked":"Self Repair","floor":1},{"not_picked":["Gash","Go for the Eyes"],"picked":"Defragment","floor":2},{"not_picked":["Ball Lightning","Chaos"],"picked":"Conserve Battery","floor":3},{"not_picked":["Chaos","Redo"],"picked":"Gash","floor":7},{"not_picked":["Stack","Defragment"],"picked":"Go for the Eyes","floor":10},{"not_picked":["Coolheaded","Aggregate"],"picked":"Reprogram","floor":11},{"not_picked":["Sweeping Beam","Doom and Gloom"],"picked":"Core Surge","floor":12},{"not_picked":["Rainbow","Hyperbeam"],"picked":"Seek","floor":16},{"not_picked":["Sweeping Beam","Stack"],"picked":"Defragment+1","floor":18},{"not_picked":["Beam Cell","Steam","Sweeping Beam+1"],"picked":"SKIP","floor":20},{"not_picked":["Ball Lightning+1","Barrage+1"],"picked":"Coolheaded","floor":21},{"not_picked":["Stack","Self Repair"],"picked":"Echo Form","floor":24},{"not_picked":["Stack","Steam Power"],"picked":"Loop","floor":28},{"not_picked":["Leap","Rebound","Turbo+1"],"picked":"SKIP","floor":29},{"not_picked":["Fission","Turbo","Biased Cognition"],"picked":"SKIP","floor":30},{"not_picked":["Consume","Steam+1"],"picked":"Capacitor","floor":31},{"not_picked":["Fission","Echo Form"],"picked":"Amplify","floor":33},{"not_picked":["Hologram","Conserve Battery"],"picked":"Self Repair+1","floor":34},{"not_picked":["Ball Lightning+1","Go for the Eyes+1"],"picked":"Hologram+1","floor":35}],"player_experience":75413,"relics_obtained":[{"floor":9,"key":"MawBank"},{"floor":26,"key":"Darkstone Periapt"},{"floor":28,"key":"Sundial"},{"floor":30,"key":"Bottled Lightning"}],"event_choices":[{"damage_healed":0,"gold_gain":0,"player_choice":"Ignored","damage_taken":0,"max_hp_gain":0,"max_hp_loss":0,"event_name":"Liars Game","floor":4,"gold_loss":0},{"cards_removed":["Strike_B"],"damage_healed":0,"gold_gain":0,"player_choice":"Forget","damage_taken":0,"max_hp_gain":0,"max_hp_loss":0,"event_name":"Living Wall","floor":14,"gold_loss":0},{"damage_healed":0,"gold_gain":0,"player_choice":"Ignored","damage_taken":0,"max_hp_gain":0,"max_hp_loss":0,"event_name":"Cursed Tome","floor":22,"gold_loss":0},{"damage_healed":0,"gold_gain":0,"player_choice":"Obtained Relic","damage_taken":0,"relics_obtained":["Regal Pillow"],"max_hp_gain":0,"max_hp_loss":0,"event_name":"Addict","floor":27,"gold_loss":85},{"cards_removed":["Go for the Eyes"],"damage_healed":0,"gold_gain":0,"player_choice":"Removed Attack","damage_taken":0,"max_hp_gain":0,"max_hp_loss":0,"event_name":"Falling","floor":36,"gold_loss":0},{"damage_healed":0,"gold_gain":0,"player_choice":"Embrace Madness","damage_taken":9,"max_hp_gain":0,"max_hp_loss":0,"event_name":"Winding Halls","floor":37,"gold_loss":0,"cards_obtained":["Madness","Madness"]}],"is_beta":false,"boss_relics":[{"not_picked":["Coffee Dripper","Inserter"],"picked":"Nuclear Battery"},{"not_picked":["Calling Bell","Fusion Hammer"],"picked":"Orrery"}],"items_purged_floors":[5,19],"is_endless":false,"potions_floor_spawned":[2,10,16,18,29,30,31,33],"killed_by":"3 Darklings","ascension_level":0}