{"gold_per_floor":[363,127,143,163,163,194,194,220,246,261,288,59,59,76,76,151,151,170,183,208,218,218,248,248,264,264,283,283],"floor_reached":28,"playtime":2331,"items_purged":["Doubt"],"score":620,"play_id":"59ac4e05-3481-4a7b-a9d6-3074b7cfb4a5","local_time":"20190126203204","is_ascension_mode":true,"campfire_choices":[{"data":"Zap","floor":7.0,"key":"SMITH"},{"floor":13.0,"key":"REST"},{"data":"Apotheosis","floor":15.0,"key":"SMITH"}],"neow_cost":"CURSE","seed_source_timestamp":0,"circlet_count":0,"master_deck":["AscendersBane","Strike_B","Strike_B","Strike_B","Defend_B","Defend_B","Defend_B","Defend_B","Zap+1","Dualcast","Leap","Doom and Gloom","Loop","Cold Snap","Glacier","Consume","Turbo","White Noise","Seek","Apotheosis+1","White Noise","Coolheaded","Fission","Static Discharge","Steam","Genetic Algorithm+1","Core Surge","Blizzard"],"special_seed":0,"relics":["Cracked Core","Blood Vial","Bag of Preparation","Potion Belt","Bottled Lightning","Inserter","Red Mask","FossilizedHelix","Bronze Scales","hubris:Metronome"],"potions_floor_usage":[],"damage_taken":[{"damage":2.0,"enemies":"Jaw Worm","floor":1.0,"turns":3.0},{"damage":1.0,"enemies":"Cultist","floor":3.0,"turns":3.0},{"damage":0.0,"enemies":"2 Louse","floor":4.0,"turns":2.0},{"damage":23.0,"enemies":"3 Sentries","floor":6.0,"turns":6.0},{"damage":10.0,"enemies":"Lagavulin","floor":8.0,"turns":7.0},{"damage":2.0,"enemies":"Exordium Wildlife","floor":10.0,"turns":4.0},{"damage":25.0,"enemies":"Gremlin Nob","floor":11.0,"turns":4.0},{"damage":2.0,"enemies":"Blue Slaver","floor":14.0,"turns":5.0},{"damage":0.0,"enemies":"Slime Boss","floor":16.0,"turns":6.0},{"damage":0.0,"enemies":"Spheric Guardian","floor":18.0,"turns":3.0},{"damage":0.0,"enemies":"3 Byrds","floor":19.0,"turns":6.0},{"damage":20.0,"enemies":"Masked Bandits","floor":20.0,"turns":2.0},{"damage":0.0,"enemies":"3 Cultists","floor":21.0,"turns":3.0},{"damage":50.0,"enemies":"Slavers","floor":23.0,"turns":4.0},{"damage":0.0,"enemies":"Snecko","floor":25.0,"turns":7.0},{"damage":2,"enemies":"Shelled Parasite and Fungi","floor":27,"turns":5},{"damage":11,"enemies":"Gremlin Leader","floor":28,"turns":2}],"seed_played":"-5594043823789795634","potions_obtained":[{"floor":6.0,"key":"FocusPotion"},{"floor":8.0,"key":"Dexterity Potion"},{"floor":10.0,"key":"FearPotion"},{"floor":16.0,"key":"Fruit Juice"},{"floor":19.0,"key":"PowerPotion"},{"floor":21.0,"key":"LiquidBronze"},{"floor":23.0,"key":"SpeedPotion"}],"is_trial":false,"path_per_floor":["M","$","M","M","?","E","R","E","T","M","E","$","R","M","R","B",null,"M","M","?","M","T","E","?","M","T","M","E"],"character_chosen":"DEFECT","items_purchased":["Doom and Gloom","Loop","Apotheosis","White Noise"],"campfire_rested":1,"item_purchase_floors":[2,2,12,12],"current_hp_per_floor":[62,62,61,61,61,38,38,30,30,30,7,7,28,28,28,30,61,63,65,47,49,49,1,1,3,3,3,0],"gold":283,"neow_bonus":"TWO_FIFTY_GOLD","is_prod":false,"is_daily":false,"chose_seed":false,"campfire_upgraded":2,"win_rate":0,"timestamp":1548531124,"path_taken":["M","$","M","M","?","E","R","E","T","?","E","$","R","M","R","BOSS","M","M","?","M","?","E","?","M","T","M","E"],"build_version":"2019-01-23","purchased_purges":1,"victory":false,"max_hp_per_floor":[71,71,71,71,71,71,71,71,71,71,71,71,71,71,71,71,71,71,71,71,71,71,71,71,71,71,71,71],"card_choices":[{"not_picked":["Stack","Turbo"],"picked":"Leap","floor":1.0},{"not_picked":["Rebound","Auto Shields"],"picked":"Cold Snap","floor":3.0},{"not_picked":["Recycle","Coolheaded"],"picked":"Glacier","floor":4.0},{"not_picked":["Undo","Steam"],"picked":"Consume","floor":6.0},{"not_picked":["Barrage","Fission"],"picked":"Turbo","floor":8.0},{"not_picked":["Turbo","Leap"],"picked":"White Noise","floor":10.0},{"not_picked":["Ball Lightning","Genetic Algorithm"],"picked":"Seek","floor":11.0},{"not_picked":["Rebound","Beam Cell"],"picked":"Coolheaded","floor":14.0},{"not_picked":["Seek","Thunder Strike"],"picked":"Fission","floor":16.0},{"not_picked":["Go for the Eyes","Chaos","Leap"],"picked":"SKIP","floor":18.0},{"not_picked":["Steam","Compile Driver"],"picked":"Static Discharge","floor":19.0},{"not_picked":["Auto Shields","Rebound"],"picked":"Steam","floor":20.0},{"not_picked":["Compile Driver+1","Sunder+1"],"picked":"Genetic Algorithm+1","floor":21.0},{"not_picked":["Genetic Algorithm","Conserve Battery"],"picked":"Core Surge","floor":23.0},{"not_picked":["Turbo","Leap","Streamline"],"picked":"SKIP","floor":25.0},{"not_picked":["Compile Driver+1","Ball Lightning"],"picked":"Blizzard","floor":27}],"player_experience":1163814,"relics_obtained":[{"floor":6.0,"key":"Blood Vial"},{"floor":8.0,"key":"Bag of Preparation"},{"floor":9.0,"key":"Potion Belt"},{"floor":11.0,"key":"Bottled Lightning"},{"floor":20.0,"key":"Red Mask"},{"floor":22.0,"key":"FossilizedHelix"},{"floor":23.0,"key":"Bronze Scales"},{"floor":26.0,"key":"hubris:Metronome"}],"event_choices":[{"cards_removed":["Strike_B"],"damage_healed":0.0,"max_hp_gain":0.0,"max_hp_loss":0.0,"gold_gain":0.0,"event_name":"Purifier","player_choice":"Purged","floor":5.0,"gold_loss":0.0,"damage_taken":0.0},{"damage_healed":0.0,"max_hp_gain":0.0,"max_hp_loss":0.0,"gold_gain":0.0,"event_name":"Masked Bandits","player_choice":"Fought Bandits","floor":20.0,"gold_loss":0.0,"damage_taken":0.0},{"damage_healed":0.0,"max_hp_gain":0.0,"max_hp_loss":0.0,"gold_gain":0.0,"event_name":"The Mausoleum","player_choice":"Ignored","floor":24.0,"gold_loss":0.0,"damage_taken":0.0}],"is_beta":false,"boss_relics":[{"not_picked":["Runic Dome","Cursed Key"],"picked":"Inserter"}],"items_purged_floors":[2],"is_endless":false,"potions_floor_spawned":[6,8,10,16,19,21,23],"killed_by":"Gremlin Leader","ascension_level":20}