{"path_per_floor":["M","?","T","?","?","R","M","R","T","R","$","M","E","$","R","B",null,"M","$","M","M"],"character_chosen":"DEFECT","items_purchased":["Oddly Smooth Stone","Tiny Chest","Loop","Storm"],"gold_per_floor":[115,115,139,314,279,279,296,296,350,350,350,370,402,66,66,165,165,179,111,130,147,147],"floor_reached":22,"campfire_rested":0,"playtime":805,"item_purchase_floors":[],"current_hp_per_floor":[56,41,41,41,59,59,53,53,53,53,53,53,44,44,44,24,62,62,62,55,22,0],"items_purged":[],"gold":147,"score":264,"play_id":"8502a8e0-3583-456e-8c1d-c5d004b5a8bd","local_time":"20180614120204","is_prod":false,"is_daily":false,"chose_seed":false,"is_ascension_mode":true,"campfire_upgraded":4,"win_rate":0,"timestamp":1528970524,"campfire_choices":[{"data":"Zap","floor":6.0,"key":"SMITH"},{"data":"Go for the Eyes","floor":8.0,"key":"SMITH"},{"data":"Compile Driver","floor":10.0,"key":"SMITH"},{"data":"Loop","floor":15.0,"key":"SMITH"}],"path_taken":["M","?","?","?","?","R","M","R","T","R","$","M","E","$","R","BOSS","M","?","M","M","M"],"build_version":"2018-06-13v3","seed_source_timestamp":0,"purchased_purges":0,"victory":false,"master_deck":["Strike_B","Strike_B","Strike_B","Strike_B","Defend_B","Defend_B","Defend_B","Zap+1","Dualcast+1","Chill+1","Go for the Eyes+1","Compile Driver+1","Conserve Battery","Melter","Loop+1","Buffer","White Noise","Storm","Capacitor","Reinforced Body"],"max_hp_per_floor":[75,75,75,75,75,75,75,75,75,75,75,75,75,75,75,75,75,75,75,75,75,75],"special_seed":0,"relics":["Cracked Core","Omamori","Ancient Tea Set","Toolbox","Oddly Smooth Stone","Tiny Chest","Runic Dome"],"card_choices":[{"not_picked":["Barrage","Redo"],"picked":"Go for the Eyes","floor":1.0},{"not_picked":["Stack","Rebound"],"picked":"Compile Driver","floor":7.0},{"not_picked":["Stack","Compile Driver"],"picked":"Conserve Battery","floor":12.0},{"not_picked":["Sweeping Beam","Steam Power"],"picked":"Melter","floor":13.0},{"not_picked":["Multi-Cast","Biased Cognition"],"picked":"Buffer","floor":16.0},{"not_picked":["Rebound","Gash+1"],"picked":"White Noise","floor":18},{"not_picked":["Beam Cell","Compile Driver"],"picked":"Capacitor","floor":20},{"not_picked":["Go for the Eyes","Leap"],"picked":"Reinforced Body","floor":21}],"player_experience":331924,"potions_floor_usage":[],"damage_taken":[{"damage":12.0,"enemies":"Jaw Worm","floor":1.0,"turns":3.0},{"damage":6.0,"enemies":"Small Slimes","floor":7.0,"turns":3.0},{"damage":0.0,"enemies":"2 Louse","floor":12.0,"turns":2.0},{"damage":9.0,"enemies":"3 Sentries","floor":13.0,"turns":7.0},{"damage":20.0,"enemies":"The Guardian","floor":16.0,"turns":12.0},{"damage":0,"enemies":"Chosen","floor":18,"turns":6},{"damage":11,"enemies":"Shell Parasite","floor":20,"turns":4},{"damage":40,"enemies":"Chosen and Byrds","floor":21,"turns":10},{"damage":24,"enemies":"Snake Plant","floor":22,"turns":3}],"relics_obtained":[{"floor":3.0,"key":"Omamori"},{"floor":9.0,"key":"Ancient Tea Set"},{"floor":13.0,"key":"Toolbox"}],"event_choices":[{"event_name":"Shining Light","player_choice":"Entered Light","floor":2.0,"damage_taken":0.0},{"event_name":"Liars Game","player_choice":"agreed","floor":4.0,"damage_taken":0.0},{"event_name":"The Cleric","player_choice":"Healed","floor":5.0,"damage_taken":0.0}],"boss_relics":[{"not_picked":["Astrolabe","Ectoplasm"],"picked":"Runic Dome"}],"items_purged_floors":[],"potions_floor_spawned":[7,16,21],"seed_played":"-2259855592203185850","killed_by":"Snake Plant","ascension_level":9,"potions_obtained":[{"floor":7.0,"key":"Dexterity Potion"},{"floor":16.0,"key":"Dexterity Potion"},{"floor":21,"key":"Swift Potion"}],"is_trial":false}