{"gold_per_floor":[112,72,82,41,41,41,55,86,86,86,86,86,119,143,143,143],"floor_reached":16,"playtime":497,"items_purged":[],"score":212,"play_id":"f06c5e98-97f6-49eb-b7bd-61e3dc4671b2","local_time":"20190402220109","is_ascension_mode":true,"campfire_choices":[{"data":"Neutralize","floor":6.0,"key":"SMITH"},{"data":"Poisoned Stab","floor":10,"key":"SMITH"},{"floor":15,"key":"REST"}],"neow_cost":"NONE","seed_source_timestamp":44699649269819,"circlet_count":0,"master_deck":["AscendersBane","Defend_G+1","Defend_G","Defend_G","Defend_G","Defend_G","Strike_G","Strike_G","Strike_G","Strike_G","Strike_G","Survivor","Neutralize+1","Dagger Throw","Quick Slash","Footwork","Caltrops+1","Poisoned Stab+1","All Out Attack","Wraith Form v2"],"special_seed":0,"relics":["Ring of the Snake","Juzu Bracelet","Blue Candle","Incense Burner","CultistMask","Girya","Odd Mushroom"],"potions_floor_usage":[8,13,13],"damage_taken":[{"damage":3.0,"enemies":"2 Louse","floor":1.0,"turns":3.0},{"damage":1.0,"enemies":"Cultist","floor":3.0,"turns":5.0},{"damage":0.0,"enemies":"Small Slimes","floor":7.0,"turns":3.0},{"damage":17,"enemies":"Gremlin Nob","floor":8,"turns":4},{"damage":5,"enemies":"Lagavulin","floor":13,"turns":9},{"damage":18,"enemies":"The Mushroom Lair","floor":14,"turns":3},{"damage":39,"enemies":"Slime Boss","floor":16,"turns":11}],"seed_played":"-547870713075626832","potions_obtained":[{"floor":2.0,"key":"SkillPotion"},{"floor":2.0,"key":"PowerPotion"},{"floor":8,"key":"Regen Potion"}],"is_trial":false,"path_per_floor":["M","?","M","$","?","R","M","E","T","R","?","?","E","?","R","B"],"character_chosen":"THE_SILENT","items_purchased":["Footwork"],"campfire_rested":1,"item_purchase_floors":[4],"current_hp_per_floor":[56,56,55,55,55,55,55,38,38,38,38,18,28,10,29,0],"gold":143,"neow_bonus":"RANDOM_COMMON_RELIC","is_prod":false,"is_daily":false,"chose_seed":false,"campfire_upgraded":2,"win_rate":0,"timestamp":1554235269,"path_taken":["M","?","M","$","?","R","M","E","T","R","?","?","E","?","R","BOSS"],"build_version":"2019-01-23","purchased_purges":0,"victory":false,"max_hp_per_floor":[66,66,66,66,66,66,66,66,66,66,66,66,66,66,66,66],"card_choices":[{"not_picked":["Prepared","Deflect"],"picked":"Dagger Throw","floor":1.0},{"not_picked":["Caltrops","Eviscerate"],"picked":"Quick Slash","floor":3.0},{"not_picked":["Flechettes","Dagger Throw"],"picked":"Caltrops","floor":7.0},{"not_picked":["Prepared","Masterful Stab"],"picked":"Poisoned Stab","floor":8},{"not_picked":["Poisoned Stab","Distraction"],"picked":"All Out Attack","floor":13},{"not_picked":["Endless Agony","Quick Slash"],"picked":"Wraith Form v2","floor":14}],"player_experience":1526668,"relics_obtained":[{"floor":8,"key":"Blue Candle"},{"floor":9,"key":"Incense Burner"},{"floor":13,"key":"Girya"},{"floor":14,"key":"Odd Mushroom"}],"event_choices":[{"damage_healed":0.0,"max_hp_gain":0.0,"max_hp_loss":0.0,"gold_gain":0.0,"event_name":"The Woman in Blue","player_choice":"Bought 3 Potions","floor":2.0,"gold_loss":0.0,"damage_taken":0.0},{"damage_healed":0.0,"max_hp_gain":0.0,"max_hp_loss":0.0,"gold_gain":0.0,"event_name":"Liars Game","player_choice":"Ignored","floor":5.0,"gold_loss":0.0,"damage_taken":0.0},{"damage_healed":0,"gold_gain":0,"player_choice":"Trade","damage_taken":0,"relics_obtained":["CultistMask"],"max_hp_gain":0,"max_hp_loss":0,"event_name":"FaceTrader","floor":11,"gold_loss":0},{"damage_healed":0,"gold_gain":0,"player_choice":"Entered Light","damage_taken":20,"max_hp_gain":0,"max_hp_loss":0,"event_name":"Shining Light","floor":12,"gold_loss":0,"cards_upgraded":["Defend_G","Caltrops"]},{"damage_healed":0,"gold_gain":0,"player_choice":"Fought Mushrooms","damage_taken":0,"max_hp_gain":0,"max_hp_loss":0,"event_name":"Mushrooms","floor":14,"gold_loss":0}],"is_beta":false,"boss_relics":[],"items_purged_floors":[],"is_endless":false,"potions_floor_spawned":[7,8],"killed_by":"Slime Boss","ascension_level":20}