{"gold_per_floor":[110,129,79,92,92,127,127,127,154,184,210,222,234,260,272,358,370,395,407,419,229,229,229,254,5,28,44,44,44,77,95,95,95],"floor_reached":33,"playtime":3012,"items_purged":[],"score":549,"play_id":"27be10c2-6fc3-4647-a573-2cc80cc318bf","local_time":"20181024193051","is_ascension_mode":true,"campfire_choices":[{"data":"Discovery","floor":7,"key":"SMITH"},{"floor":13,"key":"REST"},{"data":"Malaise","floor":15,"key":"SMITH"},{"data":"After Image","floor":23,"key":"SMITH"},{"data":"Crippling Poison","floor":28,"key":"SMITH"},{"data":"Neutralize","floor":32,"key":"SMITH"}],"neow_cost":"TEN_PERCENT_HP_LOSS","seed_source_timestamp":10207811832482,"circlet_count":0,"master_deck":["Defend_G+1","Defend_G+1","Defend_G+1","Defend_G+1","Strike_G+1","Strike_G+1","Strike_G+1","Strike_G+1","Strike_G+1","Survivor","Neutralize+1","AscendersBane","Discovery+1","Dramatic Entrance+1","Leg Sweep","All Out Attack","Malaise+1","Backflip","Cloak And Dagger","Well Laid Plans","After Image+1","Flying Knee","Malaise+1","Crippling Poison+1","Shame","Well Laid Plans"],"relics":["Ring of the Serpent","Happy Flower","MawBank","Toolbox","Orichalcum","Mummified Hand","Blood Vial","Matryoshka","Pen Nib"],"potions_floor_usage":[6,6,11,18,33,33],"damage_taken":[{"damage":0,"enemies":"2 Louse","floor":1,"turns":2},{"damage":0,"enemies":"Jaw Worm","floor":2,"turns":3},{"damage":0,"enemies":"Cultist","floor":4,"turns":3},{"damage":26,"enemies":"Gremlin Nob","floor":6,"turns":6},{"damage":0,"enemies":"2 Fungi Beasts","floor":10,"turns":3},{"damage":19,"enemies":"Exordium Thugs","floor":11,"turns":5},{"damage":5,"enemies":"Exordium Wildlife","floor":14,"turns":4},{"damage":0,"enemies":"Hexaghost","floor":16,"turns":10},{"damage":10,"enemies":"2 Thieves","floor":18,"turns":4},{"damage":2,"enemies":"Book of Stabbing","floor":24,"turns":8},{"damage":0,"enemies":"3 Byrds","floor":27,"turns":3},{"damage":17,"enemies":"Slavers","floor":30,"turns":6},{"damage":2,"enemies":"Snake Plant","floor":31,"turns":6},{"damage":61,"enemies":"Collector","floor":33,"turns":16}],"seed_played":"-2096088674575859260","potions_obtained":[{"floor":1,"key":"Energy Potion"},{"floor":4,"key":"Block Potion"},{"floor":6,"key":"GamblersBrew"},{"floor":11,"key":"SteroidPotion"},{"floor":24,"key":"Regen Potion"},{"floor":27,"key":"Energy Potion"}],"is_trial":false,"path_per_floor":["M","M","?","M","?","E","R","?","T","M","M","$","R","M","R","B",null,"M","?","?","$","?","R","E","$","T","M","R","?","E","M","R"],"character_chosen":"THE_SILENT","items_purchased":["Toolbox","Mummified Hand"],"campfire_rested":1,"item_purchase_floors":[21,25],"current_hp_per_floor":[63,63,63,63,63,37,37,24,24,24,5,5,23,18,18,18,52,42,42,42,42,63,63,61,61,61,63,63,63,46,46,46,0],"gold":95,"neow_bonus":"RANDOM_COLORLESS_2","is_prod":false,"is_daily":false,"chose_seed":false,"campfire_upgraded":5,"win_rate":0,"timestamp":1540402251,"path_taken":["M","M","?","M","?","E","R","?","T","?","M","$","R","M","R","BOSS","M","?","?","$","?","R","E","$","T","?","R","?","E","M","R","BOSS"],"build_version":"2018-10-23","purchased_purges":0,"victory":false,"max_hp_per_floor":[63,63,63,63,63,63,63,63,63,63,63,63,63,63,63,63,63,63,63,63,63,63,63,63,63,63,63,63,63,63,63,63,63],"card_choices":[{"not_picked":["Heel Hook","PiercingWail"],"picked":"Leg Sweep","floor":1},{"not_picked":["Bane","Dagger Spray","Underhanded Strike"],"picked":"SKIP","floor":2},{"not_picked":["Well Laid Plans","Acrobatics"],"picked":"All Out Attack","floor":4},{"not_picked":["Deflect","Concentrate"],"picked":"Malaise","floor":6},{"not_picked":["Cloak And Dagger","Underhanded Strike"],"picked":"Backflip","floor":10},{"not_picked":["Riddle With Holes","Calculated Gamble"],"picked":"Cloak And Dagger","floor":11},{"not_picked":["Blade Dance","Sucker Punch"],"picked":"Well Laid Plans","floor":14},{"not_picked":["Doppelganger","Tools of the Trade"],"picked":"After Image","floor":16},{"not_picked":["Bouncing Flask","Escape Plan"],"picked":"Flying Knee","floor":18},{"not_picked":["Dodge and Roll","Catalyst","All Out Attack"],"picked":"SKIP","floor":24},{"not_picked":["Heel Hook","Deflect+1"],"picked":"Crippling Poison","floor":27},{"not_picked":["Outmaneuver","Prepared","Concentrate"],"picked":"SKIP","floor":30},{"not_picked":["Outmaneuver","Reflex"],"picked":"Well Laid Plans","floor":31}],"player_experience":672415,"relics_obtained":[{"floor":6,"key":"Happy Flower"},{"floor":9,"key":"MawBank"},{"floor":24,"key":"Orichalcum"},{"floor":26,"key":"Blood Vial"},{"floor":30,"key":"Pen Nib"}],"event_choices":[{"cards_removed":["Defend_G"],"damage_healed":0,"gold_gain":0,"player_choice":"Card Removal","damage_taken":0,"max_hp_gain":0,"max_hp_loss":0,"event_name":"The Cleric","floor":3,"gold_loss":50},{"damage_healed":0,"gold_gain":0,"player_choice":"Ignored","damage_taken":0,"max_hp_gain":0,"max_hp_loss":0,"event_name":"Liars Game","floor":5,"gold_loss":0},{"damage_healed":0,"gold_gain":0,"player_choice":"Entered Light","damage_taken":13,"max_hp_gain":0,"max_hp_loss":0,"event_name":"Shining Light","floor":8,"gold_loss":0,"cards_upgraded":["Strike_G","Dramatic Entrance"]},{"damage_healed":0,"gold_gain":0,"player_choice":"Simplicity","damage_taken":0,"max_hp_gain":0,"max_hp_loss":0,"event_name":"Back to Basics","floor":19,"gold_loss":0,"cards_upgraded":["Defend_G","Defend_G","Defend_G","Defend_G","Strike_G","Strike_G","Strike_G","Strike_G"]},{"damage_healed":0,"gold_gain":0,"player_choice":"Copied","damage_taken":0,"max_hp_gain":0,"max_hp_loss":0,"event_name":"Duplicator","floor":20,"gold_loss":0,"cards_obtained":["Malaise"]},{"damage_healed":21,"gold_gain":0,"player_choice":"Heal","damage_taken":0,"max_hp_gain":0,"max_hp_loss":0,"event_name":"The Library","floor":22,"gold_loss":0},{"damage_healed":0,"gold_gain":0,"player_choice":"Stole Relic","damage_taken":0,"relics_obtained":["Matryoshka"],"max_hp_gain":0,"max_hp_loss":0,"event_name":"Addict","floor":29,"gold_loss":0,"cards_obtained":["Shame"]}],"is_beta":true,"boss_relics":[{"not_picked":["Runic Dome","HoveringKite"],"picked":"Ring of the Serpent"}],"items_purged_floors":[],"is_endless":false,"potions_floor_spawned":[1,4,6,11,24,27],"killed_by":"Collector","ascension_level":13}