{"path_per_floor":["M","M","?","$","M","R","E","M","T","E"],"character_chosen":"THE_SILENT","items_purchased":["Infinite Blades"],"gold_per_floor":[109,119,119,48,61,61,93,111,165,191,191],"floor_reached":11,"campfire_rested":0,"playtime":1054,"item_purchase_floors":[4],"current_hp_per_floor":[63,63,68,68,61,61,43,36,36,31,0],"items_purged":[],"gold":191,"score":116,"play_id":"ddd675fb-acb3-4163-9db5-c0f272615f38","local_time":"20180613093706","is_prod":false,"is_daily":false,"chose_seed":false,"is_ascension_mode":true,"campfire_upgraded":1,"win_rate":0,"timestamp":1528875426,"campfire_choices":[{"data":"Infinite Blades","floor":6,"key":"SMITH"}],"path_taken":["M","?","?","?","M","R","E","M","T","E","?"],"build_version":"2018-06-11","seed_source_timestamp":3417802448110,"purchased_purges":0,"victory":false,"master_deck":["Defend_G","Defend_G","Defend_G","Defend_G","Defend_G","Strike_G","Strike_G","Strike_G","Strike_G","Strike_G","Survivor","Neutralize","Slice","Slice","Infinite Blades+1","Dagger Throw","Dagger Spray","Outmaneuver","Adrenaline"],"max_hp_per_floor":[70,70,75,75,75,75,75,75,75,80,80],"special_seed":0,"relics":["Busted Crown","Ninja Scroll","Happy Flower","Bag of Marbles"],"card_choices":[{"not_picked":[],"picked":"Slice","floor":1},{"not_picked":[],"picked":"Slice","floor":2},{"not_picked":[],"picked":"Dagger Throw","floor":5},{"not_picked":[],"picked":"Dagger Spray","floor":7},{"not_picked":[],"picked":"Outmaneuver","floor":8},{"not_picked":[],"picked":"Adrenaline","floor":10}],"player_experience":322447,"potions_floor_usage":[10,10],"damage_taken":[{"damage":0,"enemies":"Cultist","floor":1,"turns":5},{"damage":0,"enemies":"Small Slimes","floor":2,"turns":4},{"damage":7,"enemies":"2 Louse","floor":5,"turns":3},{"damage":18,"enemies":"3 Sentries","floor":7,"turns":8},{"damage":7,"enemies":"Gremlin Gang","floor":8,"turns":3},{"damage":10,"enemies":"Lagavulin","floor":10,"turns":5},{"damage":33,"enemies":"Lagavulin Event","floor":11,"turns":5}],"relics_obtained":[{"floor":7,"key":"Ninja Scroll"},{"floor":9,"key":"Happy Flower"},{"floor":10,"key":"Bag of Marbles"}],"event_choices":[{"event_name":"Big Fish","player_choice":"Donut","floor":3,"damage_taken":0},{"event_name":"Dead Adventurer","player_choice":"Searched \u00271\u0027 times","floor":11,"damage_taken":0}],"boss_relics":[],"items_purged_floors":[],"potions_floor_spawned":[7,8,10],"seed_played":"-8808834832417843246","killed_by":"Lagavulin Event","ascension_level":8,"potions_obtained":[{"floor":7,"key":"AttackPotion"},{"floor":8,"key":"Fruit Juice"},{"floor":10,"key":"LiquidBronze"}],"is_trial":false}