{"path_per_floor":["M","$","?","M","M","E","R","M","T","$","R","M","?","M","R","B",null,"M","?","?","$","?","R","M","E","T","R","?","E","M","M","R","B",null,"M","M","M","?","$","E","?","M","T","M","E","R","?","$","R"],"character_chosen":"DEFECT","items_purchased":["Whetstone","FTL","Pen Nib","Double Energy","FairyPotion"],"gold_per_floor":[117,42,42,62,72,101,101,111,163,12,12,24,24,49,49,172,172,187,112,112,37,37,37,52,79,79,79,79,107,122,141,141,238,238,256,269,285,285,91,119,119,132,132,143,171,171,171,68,68,68],"floor_reached":50,"campfire_rested":3,"playtime":2460,"item_purchase_floors":[10,21,39,39,48],"current_hp_per_floor":[75,72,72,72,72,60,60,56,63,63,63,63,44,44,44,18,79,60,60,60,60,44,44,49,30,30,30,30,15,27,22,45,23,79,79,79,79,69,69,19,69,69,69,59,24,44,44,44,64,0],"items_purged":["Parasite"],"gold":68,"score":619,"play_id":"b0b41373-909d-4b5a-94c7-69770e5c275b","local_time":"20180529163943","is_prod":false,"is_daily":false,"chose_seed":false,"is_ascension_mode":true,"campfire_upgraded":2,"win_rate":0,"timestamp":1527604783,"campfire_choices":[{"data":"1","floor":7,"key":"LIFT"},{"data":"2","floor":11,"key":"LIFT"},{"data":"3","floor":15,"key":"LIFT"},{"data":"Buffer","floor":23,"key":"SMITH"},{"data":"Chill","floor":27,"key":"SMITH"},{"floor":32,"key":"REST"},{"floor":46,"key":"REST"},{"floor":49,"key":"REST"}],"path_taken":["M","$","?","M","M","E","R","M","T","$","R","M","?","M","R","BOSS","M","?","?","$","?","R","?","E","T","R","?","E","M","M","R","BOSS","M","M","M","?","$","E","?","M","T","M","E","R","?","$","R","BOSS"],"build_version":"2018-05-28","seed_source_timestamp":24606780527096,"purchased_purges":1,"victory":false,"master_deck":["Strike_B+1","Strike_B","Strike_B+1","Defend_B","Defend_B","Defend_B","Zap","Dualcast","Chill+1","Hologram","Ball Lightning","Leap","Chill","White Noise","Cold Snap","Buffer+1","Tempest+1","FTL","Necronomicurse","Melter","Loop","Writhe","BootSequence","Lockon+1","Steam Power","Buffer","Leap","Redo","Madness","Madness","Double Energy","Creative AI","Redo+1","Doubt","Blizzard","Skim"],"max_hp_per_floor":[75,72,72,72,72,72,72,72,79,79,79,79,79,79,79,79,79,79,79,79,79,79,79,79,79,79,79,79,79,79,79,79,79,79,79,79,79,79,79,79,69,69,69,69,69,69,69,69,69,69],"relics":["Cracked Core","Girya","Letter Opener","Strawberry","Whetstone","Bloody Idol","Cursed Key","Necronomicon","Boot","Bronze Scales","Happy Flower","Inserter","Pen Nib","Bag of Marbles","Bottled Lightning","Omamori"],"card_choices":[{"not_picked":["Beam Cell","Reprogram"],"picked":"Chill","floor":1},{"not_picked":["Barrage","Compile Driver"],"picked":"Hologram","floor":4},{"not_picked":["Compile Driver","Rebound"],"picked":"Ball Lightning","floor":5},{"not_picked":["Coolheaded","Turbo"],"picked":"Leap","floor":6},{"not_picked":["Leap","Compile Driver"],"picked":"Chill","floor":8},{"not_picked":["Seek","Undo"],"picked":"White Noise","floor":12},{"not_picked":["Sweeping Beam","Leap"],"picked":"Cold Snap","floor":14},{"not_picked":["Biased Cognition","Multi-Cast"],"picked":"Buffer","floor":16},{"not_picked":["Beam Cell","Go for the Eyes+1"],"picked":"Tempest+1","floor":18},{"not_picked":["Go for the Eyes+1","Streamline+1"],"picked":"Melter","floor":24},{"not_picked":["Genetic Algorithm","Hologram"],"picked":"Loop","floor":25},{"not_picked":["Fusion+1","Go for the Eyes"],"picked":"BootSequence","floor":29},{"not_picked":["Ball Lightning+1","Redo+1"],"picked":"Lockon+1","floor":30},{"not_picked":["Stack","Steam+1"],"picked":"Steam Power","floor":31},{"not_picked":["Machine Learning","Hyperbeam"],"picked":"Buffer","floor":33},{"not_picked":["Aggregate+1","Hologram","Steam+1"],"picked":"SKIP","floor":35},{"not_picked":["Steam+1","Recycle"],"picked":"Leap","floor":36},{"not_picked":["Steam","Streamline"],"picked":"Redo","floor":37},{"not_picked":["Stack+1","Chill"],"picked":"Creative AI","floor":40},{"not_picked":["Hologram","Recycle+1"],"picked":"Redo+1","floor":42},{"not_picked":["Buffer","Rebound"],"picked":"Blizzard","floor":44},{"not_picked":["Rebound+1","Hologram+1"],"picked":"Skim","floor":45}],"player_experience":246908,"potions_floor_usage":[12,33,36,40,40,40,42,50],"damage_taken":[{"damage":0,"enemies":"Small Slimes","floor":1,"turns":3},{"damage":0,"enemies":"Cultist","floor":4,"turns":3},{"damage":0,"enemies":"Jaw Worm","floor":5,"turns":4},{"damage":12,"enemies":"3 Sentries","floor":6,"turns":6},{"damage":4,"enemies":"Looter","floor":8,"turns":3},{"damage":0,"enemies":"Large Slime","floor":12,"turns":2},{"damage":0,"enemies":"Exordium Thugs","floor":14,"turns":3},{"damage":26,"enemies":"The Guardian","floor":16,"turns":10},{"damage":19,"enemies":"3 Byrds","floor":18,"turns":5},{"damage":0,"enemies":"Shell Parasite","floor":24,"turns":4},{"damage":24,"enemies":"Book of Stabbing","floor":25,"turns":5},{"damage":20,"enemies":"Slavers","floor":29,"turns":5},{"damage":0,"enemies":"Snecko","floor":30,"turns":4},{"damage":10,"enemies":"Snake Plant","floor":31,"turns":3},{"damage":27,"enemies":"Collector","floor":33,"turns":8},{"damage":0,"enemies":"3 Shapes","floor":35,"turns":5},{"damage":0,"enemies":"Flame Bruiser 1 Orb","floor":36,"turns":5},{"damage":0,"enemies":"Sphere and 2 Shapes","floor":37,"turns":4},{"damage":97,"enemies":"Giant Head","floor":40,"turns":11},{"damage":2,"enemies":"Flame Bruiser 2 Orb","floor":42,"turns":6},{"damage":15,"enemies":"Transient","floor":44,"turns":5},{"damage":40,"enemies":"2 Orb Walkers","floor":45,"turns":4},{"damage":77,"enemies":"Awakened One","floor":50,"turns":8}],"relics_obtained":[{"floor":6,"key":"Letter Opener"},{"floor":9,"key":"Strawberry"},{"floor":22,"key":"Necronomicon"},{"floor":25,"key":"Boot"},{"floor":26,"key":"Bronze Scales"},{"floor":29,"key":"Happy Flower"},{"floor":40,"key":"Bag of Marbles"},{"floor":43,"key":"Bottled Lightning"},{"floor":45,"key":"Omamori"}],"event_choices":[{"event_name":"Bonfire Elementals","player_choice":"BASIC","floor":3,"damage_taken":0},{"event_name":"Golden Idol","player_choice":"Take Damage","floor":13,"damage_taken":0},{"event_name":"Beggar","player_choice":"Gave Gold","floor":19,"damage_taken":0},{"event_name":"Forgotten Altar","player_choice":"Gave Idol","floor":20,"damage_taken":0},{"event_name":"Cursed Tome","player_choice":"Obtained Book","floor":22,"damage_taken":0},{"event_name":"Ghosts","player_choice":"Ignored","floor":28,"damage_taken":0},{"event_name":"Winding Halls","player_choice":"Embrace Madness","floor":38,"damage_taken":0},{"event_name":"The Moai Head","player_choice":"Heal","floor":41,"damage_taken":0},{"event_name":"Tomb of Lord Red Mask","player_choice":"Ignored","floor":47,"damage_taken":0}],"boss_relics":[{"not_picked":["Astrolabe","Tiny House"],"picked":"Cursed Key"},{"not_picked":["White Beast Statue","Philosopher\u0027s Stone"],"picked":"Inserter"}],"items_purged_floors":[2],"potions_floor_spawned":[4,6,12,16,24,31,33,35,40,45],"seed_played":"-6879989918450662025","killed_by":"Awakened One","ascension_level":2,"potions_obtained":[{"floor":4,"key":"SpeedPotion"},{"floor":6,"key":"Fire Potion"},{"floor":12,"key":"Ancient Potion"},{"floor":16,"key":"FearPotion"},{"floor":31,"key":"FairyPotion"},{"floor":33,"key":"EntropicBrew"},{"floor":35,"key":"FocusPotion"},{"floor":40,"key":"SkillPotion"},{"floor":45,"key":"Weak Potion"}],"is_trial":false}