{"path_per_floor":["M","?","M","M","$","E","R","E","T","E","M","E","M","M","R","B",null,"M","M","$","?","$","E","M","R","T","M","R","E","R","M","R","B",null,"M","?","?","?","M","R","E","M","T","$","R","E","R","E","R"],"character_chosen":"IRONCLAD","items_purchased":["Perfected Strike","Dodecahedron","Wild Strike","Enlightenment","Pommel Strike","Ornamental Fan"],"gold_per_floor":[111,111,131,149,21,49,49,80,80,112,123,156,172,188,188,287,287,303,313,12,42,42,76,90,90,90,110,110,143,143,153,153,251,251,268,268,317,539,556,556,588,602,628,132,132,162,162,192,192,192],"floor_reached":50,"campfire_rested":2,"playtime":2558,"item_purchase_floors":[5,20,20,44,44,44],"current_hp_per_floor":[80,73,78,80,80,75,75,80,80,77,80,80,80,80,80,79,80,80,80,80,80,80,80,75,75,75,80,80,80,80,67,67,23,80,80,80,80,80,80,80,68,59,59,59,59,34,73,54,80,0],"items_purged":["Defend_R"],"gold":192,"score":853,"play_id":"f09adda4-0eed-431f-b93e-708d56605e6c","local_time":"20180521205906","is_prod":false,"is_daily":false,"chose_seed":false,"is_ascension_mode":true,"campfire_upgraded":8,"timestamp":1526929146,"campfire_choices":[{"data":"Perfected Strike","floor":7,"key":"SMITH"},{"data":"Perfected Strike","floor":15,"key":"SMITH"},{"data":"Dual Wield","floor":25,"key":"SMITH"},{"data":"Clash","floor":28,"key":"SMITH"},{"data":"Clash","floor":30,"key":"SMITH"},{"data":"Perfected Strike","floor":32,"key":"SMITH"},{"data":"Pommel Strike","floor":40,"key":"SMITH"},{"data":"Enlightenment","floor":45,"key":"SMITH"},{"floor":47,"key":"REST"},{"floor":49,"key":"REST"}],"path_taken":["M","?","M","M","$","E","R","E","T","E","M","E","M","M","R","BOSS","M","M","$","?","$","E","?","R","T","M","R","E","R","M","R","BOSS","M","?","?","?","?","R","E","M","T","$","R","E","R","E","R","BOSS"],"build_version":"2018-05-18","seed_source_timestamp":6203044003601,"purchased_purges":1,"victory":false,"master_deck":["Strike_R","Strike_R","Strike_R","Strike_R","Strike_R","Defend_R","Defend_R","Bash","Limit Break","Iron Wave","Pommel Strike","Clash","Perfected Strike+1","Rage","Clash+1","Clothesline","Clash+1","Perfected Strike+1","Thunderclap","Immolate","Pommel Strike+1","Wild Strike","Twin Strike","Dual Wield+1","Cleave","Twin Strike","Immolate","Perfected Strike+1","Juggernaut","Infernal Blade+1","Wild Strike+1","Warcry+1","Body Slam+1","Inflame","Enlightenment+1","Pommel Strike","True Grit+1","Pommel Strike"],"max_hp_per_floor":[80,80,80,80,80,80,80,80,80,80,80,80,80,80,80,80,80,80,80,80,80,80,80,80,80,80,80,80,80,80,80,80,80,80,80,80,80,80,80,80,80,80,80,80,80,80,80,80,80,80],"relics":["Black Blood","Thread and Needle","Darkstone Periapt","Happy Flower","Kunai","Self Forming Clay","Meat on the Bone","Lizard Tail","Dodecahedron","Red Mask","Oddly Smooth Stone","Matryoshka","Bird Faced Urn","Dead Branch","Regal Pillow","Bronze Scales","Pen Nib","Ornamental Fan","Bottled Flame","Toxic Egg 2"],"card_choices":[{"not_picked":["Rampage","Headbutt"],"picked":"Iron Wave","floor":1},{"not_picked":["True Grit","Armaments"],"picked":"Pommel Strike","floor":3},{"not_picked":["Warcry","Exhume"],"picked":"Clash","floor":4},{"not_picked":["Ghostly Armor","Cleave"],"picked":"Rage","floor":6},{"not_picked":["Rupture","Impervious"],"picked":"Clash","floor":8},{"not_picked":["Headbutt","Armaments"],"picked":"Clothesline","floor":10},{"not_picked":["Blood for Blood","Anger"],"picked":"Clash","floor":11},{"not_picked":["Havoc","Carnage"],"picked":"Perfected Strike","floor":12},{"not_picked":["Power Through","Sentinel"],"picked":"Thunderclap","floor":13},{"not_picked":["Sword Boomerang","Warcry","Blood for Blood"],"picked":"SKIP","floor":14},{"not_picked":["Barricade","Limit Break"],"picked":"Immolate","floor":16},{"not_picked":["Feel No Pain","Shrug It Off+1"],"picked":"Pommel Strike","floor":18},{"not_picked":["Heavy Blade","Disarm","Havoc"],"picked":"SKIP","floor":19},{"not_picked":["Iron Wave","Infernal Blade"],"picked":"Twin Strike","floor":21},{"not_picked":["Clothesline","Sword Boomerang"],"picked":"Dual Wield","floor":23},{"not_picked":["Iron Wave","Inflame"],"picked":"Cleave","floor":24},{"not_picked":["Rage","Pummel"],"picked":"Twin Strike","floor":27},{"not_picked":["Carnage+1","Hemokinesis"],"picked":"Immolate","floor":29},{"not_picked":["Uppercut","Clash+1"],"picked":"Perfected Strike","floor":31},{"not_picked":["Exhume","Offering"],"picked":"Juggernaut","floor":33},{"not_picked":["Carnage","Sever Soul"],"picked":"Infernal Blade+1","floor":35},{"not_picked":["Cleave+1","Sever Soul"],"picked":"Wild Strike+1","floor":37},{"not_picked":["Combust","Flex+1"],"picked":"Warcry+1","floor":39},{"not_picked":["Shrug It Off+1","Havoc"],"picked":"Body Slam+1","floor":41},{"not_picked":["Headbutt","Battle Trance"],"picked":"Inflame","floor":42},{"not_picked":["Warcry","True Grit+1","Infernal Blade"],"picked":"SKIP","floor":46},{"not_picked":["Warcry","Infernal Blade"],"picked":"True Grit+1","floor":46},{"not_picked":["Anger+1","Body Slam"],"picked":"Pommel Strike","floor":48}],"player_experience":184581,"potions_floor_usage":[6,18,23,31,33,33,37,46,46],"damage_taken":[{"damage":6,"enemies":"Cultist","floor":1,"turns":4},{"damage":1,"enemies":"Small Slimes","floor":3,"turns":4},{"damage":0,"enemies":"2 Louse","floor":4,"turns":2},{"damage":11,"enemies":"Gremlin Nob","floor":6,"turns":4},{"damage":0,"enemies":"3 Sentries","floor":8,"turns":7},{"damage":9,"enemies":"Lagavulin","floor":10,"turns":4},{"damage":0,"enemies":"Exordium Thugs","floor":11,"turns":3},{"damage":4,"enemies":"3 Sentries","floor":12,"turns":5},{"damage":0,"enemies":"Exordium Wildlife","floor":13,"turns":2},{"damage":1,"enemies":"Large Slime","floor":14,"turns":3},{"damage":7,"enemies":"Slime Boss","floor":16,"turns":8},{"damage":0,"enemies":"3 Byrds","floor":18,"turns":4},{"damage":1,"enemies":"Chosen","floor":19,"turns":4},{"damage":1,"enemies":"Masked Bandits","floor":21,"turns":3},{"damage":0,"enemies":"Slavers","floor":23,"turns":3},{"damage":11,"enemies":"Slaver and Parasite","floor":24,"turns":5},{"damage":1,"enemies":"Chosen and Byrds","floor":27,"turns":4},{"damage":5,"enemies":"Book of Stabbing","floor":29,"turns":2},{"damage":19,"enemies":"Snake Plant","floor":31,"turns":3},{"damage":62,"enemies":"Champ","floor":33,"turns":6},{"damage":0,"enemies":"Orb Walker","floor":35,"turns":1},{"damage":9,"enemies":"Mysterious Sphere","floor":37,"turns":3},{"damage":4,"enemies":"3 Shapes","floor":39,"turns":3},{"damage":22,"enemies":"2 Orb Walkers","floor":41,"turns":4},{"damage":19,"enemies":"Flame Bruiser 2 Orb","floor":42,"turns":4},{"damage":103,"enemies":"Giant Head","floor":46,"turns":8},{"damage":31,"enemies":"Nemesis","floor":48,"turns":7},{"damage":93,"enemies":"Time Eater","floor":50,"turns":6}],"relics_obtained":[{"floor":6,"key":"Darkstone Periapt"},{"floor":8,"key":"Happy Flower"},{"floor":9,"key":"Kunai"},{"floor":10,"key":"Self Forming Clay"},{"floor":12,"key":"Meat on the Bone"},{"floor":21,"key":"Red Mask"},{"floor":23,"key":"Oddly Smooth Stone"},{"floor":26,"key":"Matryoshka"},{"floor":29,"key":"Bird Faced Urn"},{"floor":37,"key":"Dead Branch"},{"floor":41,"key":"Regal Pillow"},{"floor":43,"key":"Bronze Scales"},{"floor":43,"key":"Pen Nib"},{"floor":46,"key":"Bottled Flame"},{"floor":48,"key":"Toxic Egg 2"}],"event_choices":[{"event_name":"Scrap Ooze","player_choice":"success","floor":2,"damage_taken":7},{"event_name":"Masked Bandits","player_choice":"Fought over 12 gold","floor":21,"damage_taken":0},{"event_name":"Mysterious Sphere","player_choice":"Fight","floor":37,"damage_taken":0},{"event_name":"Tomb of Lord Red Mask","player_choice":"Wore Mask","floor":38,"damage_taken":0}],"boss_relics":[{"not_picked":["Pandora\u0027s Box","Snecko Eye"],"picked":"Lizard Tail"},{"not_picked":["Philosopher\u0027s Stone","Velvet Choker"],"picked":"Black Blood"}],"items_purged_floors":[5],"potions_floor_spawned":[1,12,13,14,16,18,24,27,33,37,41],"seed_played":"3929969891783675366","killed_by":"Time Eater","ascension_level":4,"potions_obtained":[{"floor":1,"key":"PowerPotion"},{"floor":12,"key":"Strength Potion"},{"floor":13,"key":"Block Potion"},{"floor":14,"key":"Poison Potion"},{"floor":16,"key":"SteroidPotion"},{"floor":18,"key":"PowerPotion"},{"floor":24,"key":"Energy Potion"},{"floor":33,"key":"Explosive Potion"},{"floor":37,"key":"SpeedPotion"},{"floor":41,"key":"Dexterity Potion"}],"is_trial":false}