{"gold_per_floor":[212,212,238,27,43,81,81,117,169,169,188,232,61,76,76,170,170,194,119,34,34,34,63,63,80,105,140,140,153,153,178,178,252,252,270,270,32,52,105,134,146,186,222,244,256,296,583,608,620,632,644,656,668,118,153,153],"floor_reached":56,"playtime":1952,"items_purged":["Strike_R","Strike_R"],"score":2364,"play_id":"e28a5f37-6b9e-4009-a354-cb9035ab6647","local_time":"20190417155334","is_ascension_mode":true,"campfire_choices":[{"data":"Uppercut","floor":7.0,"key":"SMITH"},{"floor":10.0,"key":"REST"},{"data":"1","floor":15.0,"key":"LIFT"},{"data":"2","floor":28.0,"key":"LIFT"},{"data":"3","floor":30.0,"key":"LIFT"},{"data":"Heavy Blade","floor":32.0,"key":"SMITH"},{"data":"Armaments","floor":41.0,"key":"SMITH"},{"data":"Heavy Blade","floor":45.0,"key":"SMITH"},{"floor":49.0,"key":"RECALL"},{"data":"Immolate","floor":53.0,"key":"SMITH"}],"neow_cost":"NONE","seed_source_timestamp":0,"circlet_count":0,"master_deck":["AscendersBane","Strike_R+1","Strike_R+1","Defend_R","Defend_R","Defend_R","Defend_R+1","Bash","Clothesline","Shrug It Off+1","Rampage","Uppercut+1","Heavy Blade+1","Cleave","Shrug It Off","Corruption","Immolate+1","Battle Trance","Heavy Blade+1","Shrug It Off","Dark Embrace","Sentinel","Shrug It Off","Shrug It Off","Armaments+1","Flame Barrier+1","Sword Boomerang","Seeing Red+1","Feel No Pain+1","Corruption+1","Evolve+1","Battle Trance","Barricade+1"],"special_seed":0,"relics":["Burning Blood","Bloody Idol","Vajra","Mercury Hourglass","Girya","Potion Belt","The Courier","Snecko Eye","PreservedInsect","War Paint","Pen Nib","Omamori","Boot","Runic Dome","Bronze Scales","Turnip","MawBank","Lantern","Whetstone","Frozen Egg 2","Bottled Tornado","Blue Candle"],"potions_floor_usage":[],"damage_taken":[{"damage":9.0,"enemies":"Jaw Worm","floor":1.0,"turns":4.0},{"damage":1.0,"enemies":"Cultist","floor":5.0,"turns":3.0},{"damage":43.0,"enemies":"Gremlin Nob","floor":6.0,"turns":5.0},{"damage":22.0,"enemies":"Lagavulin","floor":8.0,"turns":5.0},{"damage":6.0,"enemies":"2 Louse","floor":11.0,"turns":2.0},{"damage":4.0,"enemies":"3 Sentries","floor":12.0,"turns":5.0},{"damage":4.0,"enemies":"Large Slime","floor":14.0,"turns":4.0},{"damage":0.0,"enemies":"Slime Boss","floor":16.0,"turns":5.0},{"damage":0.0,"enemies":"Chosen","floor":18.0,"turns":2.0},{"damage":19.0,"enemies":"Gremlin Leader","floor":23.0,"turns":4.0},{"damage":14.0,"enemies":"2 Thieves","floor":25.0,"turns":2.0},{"damage":0.0,"enemies":"Book of Stabbing","floor":27.0,"turns":3.0},{"damage":7.0,"enemies":"Shelled Parasite and Fungi","floor":29.0,"turns":3.0},{"damage":0.0,"enemies":"Gremlin Leader","floor":31.0,"turns":3.0},{"damage":3.0,"enemies":"Automaton","floor":33.0,"turns":5.0},{"damage":0.0,"enemies":"Orb Walker","floor":35.0,"turns":2.0},{"damage":0.0,"enemies":"3 Darklings","floor":38.0,"turns":2.0},{"damage":2.0,"enemies":"2 Orb Walkers","floor":39.0,"turns":3.0},{"damage":0.0,"enemies":"Giant Head","floor":40.0,"turns":3.0},{"damage":23.0,"enemies":"Reptomancer","floor":42.0,"turns":4.0},{"damage":0.0,"enemies":"Maw","floor":44.0,"turns":4.0},{"damage":0.0,"enemies":"Giant Head","floor":46.0,"turns":2.0},{"damage":0.0,"enemies":"Transient","floor":48.0,"turns":6.0},{"damage":8.0,"enemies":"Time Eater","floor":50.0,"turns":5.0},{"damage":64.0,"enemies":"Awakened One","floor":51.0,"turns":9.0},{"damage":27.0,"enemies":"Shield and Spear","floor":55.0,"turns":3.0},{"damage":62,"enemies":"The Heart","floor":56,"turns":2}],"seed_played":"-7643731882430239022","potions_obtained":[{"floor":6.0,"key":"Energy Potion"},{"floor":8.0,"key":"Swift Potion"},{"floor":11.0,"key":"Energy Potion"},{"floor":27.0,"key":"Strength Potion"},{"floor":39.0,"key":"PowerPotion"},{"floor":48.0,"key":"AttackPotion"}],"is_trial":false,"path_per_floor":["M","?","T","$","M","E","R","E","T","R","M","E","$","M","R","B",null,"M","?","?","?","$","E","T","M","T","E","R","M","R","E","R","B",null,"M","?","$","M","?","E","R","E","T","M","R","E","?","M","R","B","B",null,"R","$","E","B"],"character_chosen":"IRONCLAD","items_purchased":["Shrug It Off","Rampage","FearPotion","Fire Potion","Shrug It Off","Fire Potion","Bronze Scales","Sentinel","Shrug It Off","Corruption+1","Evolve+1","Bottled Tornado","Swift Potion","Battle Trance","EssenceOfSteel"],"campfire_rested":1,"item_purchase_floors":[4,4,13,13,13,13,37,37,37,54,54,54,54,54,54],"current_hp_per_floor":[65,65,65,65,68,31,31,15,15,35,35,37,37,39,39,45,62,68,68,68,68,68,60,60,62,67,68,68,68,68,68,68,68,68,68,68,68,68,68,68,68,56,66,68,68,68,68,68,68,66,10,55,60,65,49,0],"gold":153,"neow_bonus":"HUNDRED_GOLD","is_prod":false,"is_daily":false,"chose_seed":false,"campfire_upgraded":5,"win_rate":0,"timestamp":1555509214,"path_taken":["M","?","?","$","M","E","R","E","T","R","M","E","$","M","R","BOSS","M","?","?","?","?","E","?","M","T","E","R","M","R","E","R","BOSS","M","?","$","M","?","E","R","E","T","M","R","E","?","M","R","BOSS","BOSS","R","$","E","BOSS"],"build_version":"2019-01-23","purchased_purges":2,"victory":false,"max_hp_per_floor":[75,68,68,68,68,68,68,68,68,68,68,68,68,68,68,68,68,68,68,68,68,68,68,68,68,68,68,68,68,68,68,68,68,68,68,68,68,68,68,68,68,68,68,68,68,68,68,68,68,68,68,68,68,68,68,68],"card_choices":[{"not_picked":["Havoc","Evolve"],"picked":"Clothesline","floor":1.0},{"not_picked":["Bloodletting","Flex","Havoc"],"picked":"SKIP","floor":5.0},{"not_picked":["Clash","Heavy Blade"],"picked":"Uppercut","floor":6.0},{"not_picked":["Body Slam","Metallicize"],"picked":"Heavy Blade","floor":8.0},{"not_picked":["Body Slam","Searing Blow"],"picked":"Cleave","floor":11.0},{"not_picked":["Entrench","Warcry","Clothesline"],"picked":"SKIP","floor":12.0},{"not_picked":["Intimidate","Heavy Blade"],"picked":"Corruption","floor":14.0},{"not_picked":["Double Tap","Bludgeon"],"picked":"Immolate","floor":16.0},{"not_picked":["Body Slam","Wild Strike","Flex"],"picked":"SKIP","floor":18.0},{"not_picked":["Disarm","True Grit"],"picked":"Battle Trance","floor":23.0},{"not_picked":["Body Slam","Thunderclap"],"picked":"Heavy Blade","floor":25.0},{"not_picked":["Warcry","Iron Wave","Thunderclap"],"picked":"SKIP","floor":27.0},{"not_picked":["Thunderclap+1","Clothesline","Searing Blow+1"],"picked":"SKIP","floor":29.0},{"not_picked":["Clothesline","Rage"],"picked":"Shrug It Off","floor":31.0},{"not_picked":["Bludgeon","Juggernaut"],"picked":"Dark Embrace","floor":33.0},{"not_picked":["Dropkick","Havoc+1","Thunderclap"],"picked":"SKIP","floor":35.0},{"not_picked":["Iron Wave+1","Armaments"],"picked":"Shrug It Off","floor":38.0},{"not_picked":["Dropkick","Iron Wave"],"picked":"Armaments","floor":39.0},{"not_picked":["Wild Strike","Berserk","Armaments"],"picked":"SKIP","floor":40.0},{"not_picked":["Havoc+1","Entrench"],"picked":"Flame Barrier+1","floor":42.0},{"not_picked":["Rupture","Havoc"],"picked":"Sword Boomerang","floor":44.0},{"not_picked":["Clothesline+1","Anger"],"picked":"Seeing Red+1","floor":46.0},{"not_picked":["Spot Weakness","Reaper"],"picked":"Feel No Pain+1","floor":48.0},{"not_picked":["Dark Embrace+1","Clash"],"picked":"Barricade+1","floor":55.0}],"player_experience":1606594,"relics_obtained":[{"floor":3.0,"key":"Vajra"},{"floor":6.0,"key":"Mercury Hourglass"},{"floor":8.0,"key":"Girya"},{"floor":9.0,"key":"Potion Belt"},{"floor":12.0,"key":"The Courier"},{"floor":23.0,"key":"War Paint"},{"floor":26.0,"key":"Pen Nib"},{"floor":27.0,"key":"Omamori"},{"floor":31.0,"key":"Boot"},{"floor":39.0,"key":"Turnip"},{"floor":40.0,"key":"MawBank"},{"floor":42.0,"key":"Lantern"},{"floor":43.0,"key":"Whetstone"},{"floor":46.0,"key":"Frozen Egg 2"},{"floor":55.0,"key":"Blue Candle"}],"event_choices":[{"damage_healed":0.0,"max_hp_gain":0.0,"max_hp_loss":7.0,"gold_gain":0.0,"event_name":"Golden Idol","player_choice":"Lose Max HP","floor":2.0,"gold_loss":0.0,"damage_taken":0.0,"relics_obtained":["Golden Idol"]},{"cards_removed":["Strike_R"],"damage_healed":0.0,"max_hp_gain":0.0,"max_hp_loss":0.0,"gold_gain":0.0,"event_name":"Beggar","player_choice":"Gave Gold","floor":19.0,"gold_loss":75.0,"damage_taken":0.0},{"damage_healed":0.0,"max_hp_gain":0.0,"max_hp_loss":0.0,"gold_gain":0.0,"event_name":"Addict","player_choice":"Obtained Relic","floor":20.0,"gold_loss":85.0,"damage_taken":0.0,"relics_obtained":["PreservedInsect"]},{"damage_healed":0.0,"max_hp_gain":0.0,"max_hp_loss":0.0,"gold_gain":0.0,"event_name":"Forgotten Altar","player_choice":"Gave Idol","floor":21.0,"relics_lost":["Golden Idol"],"gold_loss":0.0,"damage_taken":0.0,"relics_obtained":["Bloody Idol"]},{"damage_healed":0.0,"max_hp_gain":0.0,"max_hp_loss":0.0,"gold_gain":0.0,"event_name":"Tomb of Lord Red Mask","player_choice":"Ignored","floor":36.0,"gold_loss":0.0,"damage_taken":0.0},{"damage_healed":0.0,"max_hp_gain":0.0,"max_hp_loss":0.0,"gold_gain":0.0,"event_name":"Mysterious Sphere","player_choice":"Fight","floor":39.0,"gold_loss":0.0,"damage_taken":0.0},{"damage_healed":0.0,"max_hp_gain":0.0,"max_hp_loss":0.0,"gold_gain":275.0,"event_name":"Golden Shrine","player_choice":"Desecrate","floor":47.0,"gold_loss":0.0,"damage_taken":0.0,"cards_obtained":["Regret"]}],"is_beta":false,"boss_relics":[{"not_picked":["Pandora\u0027s Box","Calling Bell"],"picked":"Snecko Eye"},{"not_picked":["Fusion Hammer","Runic Cube"],"picked":"Runic Dome"}],"items_purged_floors":[4,54],"is_endless":false,"potions_floor_spawned":[6,8,11,27,29,31,35,39,46,48,55],"killed_by":"The Heart","ascension_level":20}