{"gold_per_floor":[113,61,7,7,7,7,38,38,38,69,69,79,105,124,124,222,222,241,254,1,1,1,1,29,29,78,93,93,112,61,61,61,61],"floor_reached":33,"playtime":1723,"items_purged":[],"score":494,"play_id":"cda80c55-596b-41ed-8a47-22fc8bdad380","local_time":"20180914110343","is_ascension_mode":true,"campfire_choices":[{"data":"Flex","floor":6,"key":"SMITH"},{"data":"Searing Blow","floor":8,"key":"SMITH"},{"data":"Searing Blow+1","floor":11,"key":"SMITH"},{"data":"Searing Blow+2","floor":15,"key":"SMITH"},{"data":"Searing Blow+3","floor":23,"key":"SMITH"},{"data":"Searing Blow+4","floor":25,"key":"SMITH"},{"data":"Searing Blow+5","floor":28,"key":"SMITH"},{"data":"Searing Blow+6","floor":32,"key":"SMITH"}],"neow_cost":"NONE","seed_source_timestamp":5095284003939,"circlet_count":0,"master_deck":["Strike_R+1","Strike_R","Strike_R","Strike_R","Defend_R","Defend_R","Defend_R","Defend_R","Bash","AscendersBane","Clash","Flex+1","Wild Strike","Juggernaut","Blood for Blood+1","Searing Blow+7","Inflame","Dropkick","Flex","Offering","Reaper","Clothesline+1","Clash","Warcry+1","Spot Weakness","Sword Boomerang"],"relics":["Burning Blood","NeowsBlessing","Pear","Question Card","Boot","Meat on the Bone","Paper Frog","Whetstone","Sozu","Self Forming Clay","Blood Vial","Potion Belt"],"potions_floor_usage":[16,16,33],"damage_taken":[{"damage":0,"enemies":"2 Louse","floor":1,"turns":1},{"damage":0,"enemies":"3 Sentries","floor":7,"turns":2},{"damage":0,"enemies":"Lagavulin","floor":10,"turns":1},{"damage":0,"enemies":"Cultist","floor":12,"turns":2},{"damage":40,"enemies":"3 Sentries","floor":13,"turns":7},{"damage":5,"enemies":"Small Slimes","floor":14,"turns":3},{"damage":53,"enemies":"Hexaghost","floor":16,"turns":8},{"damage":35,"enemies":"3 Byrds","floor":18,"turns":4},{"damage":12,"enemies":"Spheric Guardian","floor":19,"turns":3},{"damage":16,"enemies":"Book of Stabbing","floor":24,"turns":2},{"damage":6,"enemies":"Snecko","floor":27,"turns":2},{"damage":10,"enemies":"Sentry and Sphere","floor":29,"turns":3},{"damage":102,"enemies":"Champ","floor":33,"turns":8}],"seed_played":"1569390206703699422","potions_obtained":[{"floor":1,"key":"LiquidBronze"},{"floor":10,"key":"SmokeBomb"},{"floor":12,"key":"EssenceOfSteel"},{"floor":14,"key":"PowerPotion"}],"is_trial":false,"path_per_floor":["M","$","?","?","T","R","E","R","T","E","R","M","E","M","R","B",null,"M","M","$","?","$","R","E","R","T","M","R","M","$","?","R"],"character_chosen":"IRONCLAD","items_purchased":["Flex","Self Forming Clay","Sword Boomerang"],"campfire_rested":0,"item_purchase_floors":[2,20,30],"current_hp_per_floor":[78,78,88,88,88,88,90,90,90,90,90,90,56,57,57,22,73,53,59,59,59,59,59,61,61,61,63,63,67,67,90,90,0],"gold":61,"neow_bonus":"THREE_ENEMY_KILL","is_prod":false,"is_daily":false,"chose_seed":false,"campfire_upgraded":8,"win_rate":0,"timestamp":1536915823,"path_taken":["M","$","?","?","?","R","E","R","T","E","R","M","E","?","R","BOSS","M","M","$","?","?","R","E","R","T","M","R","?","$","?","R","BOSS"],"build_version":"2018-09-12","purchased_purges":0,"victory":false,"max_hp_per_floor":[80,80,90,90,90,90,90,90,90,90,90,90,90,90,90,90,90,90,90,90,90,90,90,90,90,90,90,90,90,90,90,90,90],"card_choices":[{"not_picked":["Burning Pact","Anger"],"picked":"Clash","floor":1},{"not_picked":["Shrug It Off","True Grit","Fire Breathing"],"picked":"Searing Blow","floor":7},{"not_picked":["Clothesline","Searing Blow","Immolate"],"picked":"Inflame","floor":10},{"not_picked":["Pommel Strike","Wild Strike","Dual Wield"],"picked":"Dropkick","floor":12},{"not_picked":["Shrug It Off","Reckless Charge","Searing Blow"],"picked":"Flex","floor":13},{"not_picked":["Pommel Strike","Wild Strike","Whirlwind"],"picked":"Offering","floor":14},{"not_picked":["Impervious","Limit Break","Fiend Fire"],"picked":"Reaper","floor":16},{"not_picked":["Pommel Strike","Sever Soul","Intimidate"],"picked":"Clothesline+1","floor":18},{"not_picked":["Battle Trance","Pommel Strike","Bloodletting+1"],"picked":"Clash","floor":19},{"not_picked":["Rampage+1","Metallicize","Iron Wave"],"picked":"Warcry+1","floor":24},{"not_picked":["Thunderclap","Body Slam","Rupture","Clothesline+1"],"picked":"SKIP","floor":27},{"not_picked":["Wild Strike","Anger","Combust"],"picked":"Spot Weakness","floor":29}],"player_experience":430100,"relics_obtained":[{"floor":5,"key":"Question Card"},{"floor":7,"key":"Boot"},{"floor":9,"key":"Meat on the Bone"},{"floor":10,"key":"Paper Frog"},{"floor":13,"key":"Whetstone"},{"floor":24,"key":"Blood Vial"},{"floor":26,"key":"Potion Belt"}],"event_choices":[{"event_name":"WeMeetAgain","player_choice":"Gold","floor":3,"damage_taken":0},{"event_name":"Match and Keep!","player_choice":"3 cards matched","floor":4,"damage_taken":0},{"event_name":"Purifier","player_choice":"One Purge","floor":21,"damage_taken":0},{"event_name":"The Library","player_choice":"Heal","floor":31,"damage_taken":0}],"is_beta":true,"boss_relics":[{"not_picked":["Empty Cage","Snecko Eye"],"picked":"Sozu"}],"items_purged_floors":[],"is_endless":false,"potions_floor_spawned":[1,10,12,14,27],"killed_by":"Champ","ascension_level":10}