{"gold_per_floor":[119,194,194,194,210,210,235,245,245,245,245,210,37,68,68,145,145,156,176,176,187,206,206,224,249,249,249],"floor_reached":27,"playtime":723,"items_purged":[],"score":532,"play_id":"c153d065-74b5-4c69-b53c-99ef1148238d","local_time":"20190228155753","is_ascension_mode":true,"campfire_choices":[{"floor":6,"key":"REST"},{"floor":10,"key":"REST"},{"data":"Defragment","floor":15,"key":"SMITH"},{"data":"Zap","floor":23,"key":"SMITH"}],"neow_cost":"NONE","seed_source_timestamp":24937869196814,"circlet_count":0,"master_deck":["AscendersBane","Strike_B","Strike_B+1","Strike_B","Defend_B","Defend_B+1","Defend_B","Defend_B","Zap+1","Dualcast","Rebound","Defragment+1","Gash","Buffer+1","Turbo","Gash","Electrodynamics+1","Ball Lightning","Coolheaded+1","Loop+1","Ball Lightning","Gash"],"relics":["Cracked Core","Frozen Egg 2","Mercury Hourglass","Bag of Preparation","Potion Belt","Coffee Dripper","Regal Pillow","Ornamental Fan"],"potions_floor_usage":[16,25,25,25],"damage_taken":[{"damage":0,"enemies":"Small Slimes","floor":1,"turns":2},{"damage":2,"enemies":"2 Louse","floor":5,"turns":3},{"damage":37,"enemies":"Lagavulin","floor":7,"turns":7},{"damage":0,"enemies":"Cultist","floor":8,"turns":3},{"damage":0,"enemies":"Gremlin Nob","floor":14,"turns":4},{"damage":4,"enemies":"Slime Boss","floor":16,"turns":8},{"damage":0,"enemies":"Spheric Guardian","floor":18,"turns":3},{"damage":16,"enemies":"Shell Parasite","floor":19,"turns":4},{"damage":14,"enemies":"Centurion and Healer","floor":21,"turns":5},{"damage":0,"enemies":"Chosen and Byrds","floor":22,"turns":3},{"damage":0,"enemies":"Snecko","floor":24,"turns":4},{"damage":14,"enemies":"Book of Stabbing","floor":25,"turns":3},{"damage":20,"enemies":"Snake Plant","floor":27,"turns":1}],"seed_played":"-6706424086690225982","potions_obtained":[{"floor":1,"key":"SkillPotion"},{"floor":7,"key":"SteroidPotion"},{"floor":14,"key":"AttackPotion"},{"floor":16,"key":"Fire Potion"},{"floor":19,"key":"FocusPotion"}],"is_trial":false,"path_per_floor":["M","?","?","?","M","R","E","M","T","R","$","?","$","E","R","B",null,"M","M","?","M","M","R","M","E","T","M"],"character_chosen":"DEFECT","items_purchased":["Bag of Preparation"],"campfire_rested":2,"item_purchase_floors":[13],"current_hp_per_floor":[64,53,46,25,23,44,7,7,7,28,28,45,45,45,45,41,64,64,48,48,34,34,34,34,20,20,0],"gold":249,"neow_bonus":"THREE_CARDS","is_prod":false,"is_daily":false,"chose_seed":false,"campfire_upgraded":2,"win_rate":0,"timestamp":1551365873,"path_taken":["M","?","?","?","M","R","E","M","T","R","$","?","?","E","R","BOSS","M","M","?","M","M","R","M","E","T","M"],"build_version":"2019-01-23","purchased_purges":0,"victory":false,"max_hp_per_floor":[71,71,71,71,71,71,71,71,71,71,71,71,71,71,71,71,71,71,71,71,71,71,71,71,71,71,71],"card_choices":[{"not_picked":["Chill","Auto Shields"],"picked":"Rebound","floor":0},{"not_picked":["Redo","Steam"],"picked":"Defragment","floor":1},{"not_picked":["Tempest","Steam"],"picked":"Gash","floor":5},{"not_picked":["Ball Lightning","Sunder"],"picked":"Buffer","floor":7},{"not_picked":["Rip and Tear","Redo"],"picked":"Turbo","floor":8},{"not_picked":["Rainbow","FTL"],"picked":"Gash","floor":14},{"not_picked":["Meteor Strike","Thunder Strike"],"picked":"Electrodynamics+1","floor":16},{"not_picked":["Leap","Barrage","Rebound+1"],"picked":"SKIP","floor":18},{"not_picked":["Gash","Streamline"],"picked":"Ball Lightning","floor":19},{"not_picked":["Glacier","Redo"],"picked":"Coolheaded+1","floor":21},{"not_picked":["Chaos","Electrodynamics+1"],"picked":"Loop+1","floor":22},{"not_picked":["Gash+1","Auto Shields"],"picked":"Ball Lightning","floor":24},{"not_picked":["Hologram","Barrage"],"picked":"Gash","floor":25}],"player_experience":1346131,"relics_obtained":[{"floor":7,"key":"Frozen Egg 2"},{"floor":9,"key":"Mercury Hourglass"},{"floor":14,"key":"Potion Belt"},{"floor":25,"key":"Regal Pillow"},{"floor":26,"key":"Ornamental Fan"}],"event_choices":[{"damage_healed":0,"gold_gain":75,"player_choice":"Gather Gold","damage_taken":11,"max_hp_gain":0,"max_hp_loss":0,"event_name":"World of Goop","floor":2,"gold_loss":0},{"cards_removed":["Strike_B"],"damage_healed":0,"gold_gain":0,"player_choice":"Card Removal","damage_taken":7,"max_hp_gain":0,"max_hp_loss":0,"event_name":"Golden Wing","floor":3,"gold_loss":0},{"damage_healed":0,"gold_gain":0,"player_choice":"Entered Light","damage_taken":21,"max_hp_gain":0,"max_hp_loss":0,"event_name":"Shining Light","floor":4,"gold_loss":0,"cards_upgraded":["Defend_B","Strike_B"]},{"damage_healed":17,"gold_gain":0,"player_choice":"Healed","damage_taken":0,"max_hp_gain":0,"max_hp_loss":0,"event_name":"The Cleric","floor":12,"gold_loss":35},{"damage_healed":0,"gold_gain":0,"player_choice":"Ignored","damage_taken":0,"max_hp_gain":0,"max_hp_loss":0,"event_name":"The Mausoleum","floor":20,"gold_loss":0}],"is_beta":false,"boss_relics":[{"not_picked":["FrozenCore","Calling Bell"],"picked":"Coffee Dripper"}],"items_purged_floors":[],"is_endless":false,"potions_floor_spawned":[1,7,14,16,19,21,22,24],"killed_by":"Snake Plant","ascension_level":20}