{"gold_per_floor":[117,117,67,67,67,67,99,99,99,111,143,162,194,206,206,302,302,315,331,331,431,447,447,472,472,498,50,69,69,89,103,103,201,201,217,231,251,0,0,26,37,37,63,63,63,63,95,115,115,115],"floor_reached":50,"playtime":1400,"items_purged":[],"score":904,"play_id":"94dccb5c-dfa7-4e50-b5f0-4256bdeea7c6","local_time":"20180924150544","is_ascension_mode":true,"campfire_choices":[{"data":"Double Tap","floor":6,"key":"SMITH"},{"data":"Bash","floor":8,"key":"SMITH"},{"data":"Demon Form","floor":15,"key":"SMITH"},{"data":"Limit Break","floor":23,"key":"SMITH"},{"data":"Demon Form","floor":25,"key":"SMITH"},{"floor":29,"key":"REST"},{"data":"Dual Wield","floor":32,"key":"SMITH"},{"data":"Heavy Blade","floor":42,"key":"SMITH"},{"data":"Limit Break","floor":44,"key":"SMITH"},{"data":"Reaper","floor":46,"key":"SMITH"},{"floor":49,"key":"REST"}],"neow_cost":"NONE","seed_source_timestamp":24088765043809,"circlet_count":0,"master_deck":["Strike_R","Strike_R","Strike_R","Strike_R","Defend_R","Defend_R","Defend_R","Bash+1","AscendersBane","Clash","Double Tap+1","Reaper","Thunderclap","Demon Form+1","Dual Wield+1","Demon Form+1","Dropkick","Limit Break+1","Second Wind+1","Flex+1","Pummel+1","Limit Break+1","Heavy Blade+1","Reaper+1"],"relics":["Burning Blood","NeowsBlessing","Ornamental Fan","Regal Pillow","Meat on the Bone","Bronze Scales","Charon\u0027s Ashes","Runic Dome","Bottled Flame","Bag of Marbles","ClockworkSouvenir","Singing Bowl","Lizard Tail","Red Mask","Omamori","Oddly Smooth Stone","Lantern"],"potions_floor_usage":[16,50],"damage_taken":[{"damage":0,"enemies":"2 Louse","floor":1,"turns":1},{"damage":0,"enemies":"3 Sentries","floor":7,"turns":2},{"damage":0,"enemies":"Jaw Worm","floor":10,"turns":1},{"damage":42,"enemies":"Lagavulin","floor":11,"turns":6},{"damage":6,"enemies":"Cultist","floor":12,"turns":4},{"damage":40,"enemies":"3 Sentries","floor":13,"turns":5},{"damage":11,"enemies":"Looter","floor":14,"turns":2},{"damage":60,"enemies":"The Guardian","floor":16,"turns":8},{"damage":12,"enemies":"Chosen","floor":18,"turns":4},{"damage":59,"enemies":"Spheric Guardian","floor":19,"turns":6},{"damage":6,"enemies":"3 Cultists","floor":22,"turns":4},{"damage":80,"enemies":"Gremlin Leader","floor":24,"turns":6},{"damage":19,"enemies":"Snake Plant","floor":28,"turns":3},{"damage":29,"enemies":"Centurion and Healer","floor":30,"turns":4},{"damage":22,"enemies":"Cultist and Chosen","floor":31,"turns":6},{"damage":50,"enemies":"Collector","floor":33,"turns":8},{"damage":23,"enemies":"3 Shapes","floor":35,"turns":2},{"damage":22,"enemies":"Orb Walker","floor":36,"turns":3},{"damage":35,"enemies":"Maw","floor":37,"turns":5},{"damage":45,"enemies":"2 Orb Walkers","floor":40,"turns":3},{"damage":45,"enemies":"Reptomancer","floor":41,"turns":4},{"damage":146,"enemies":"Nemesis","floor":47,"turns":6},{"damage":31,"enemies":"Jaw Worm Horde","floor":48,"turns":3},{"damage":98,"enemies":"Time Eater","floor":50,"turns":5}],"seed_played":"7178094019407368094","potions_obtained":[{"floor":10,"key":"EssenceOfSteel"},{"floor":11,"key":"Swift Potion"},{"floor":22,"key":"Strength Potion"},{"floor":30,"key":"FairyPotion"}],"is_trial":false,"path_per_floor":["M","?","?","?","T","R","E","R","T","M","E","M","E","M","R","B",null,"M","M","?","?","M","R","E","R","T","$","M","R","M","M","R","B",null,"M","M","M","?","$","E","M","R","T","R","?","R","E","M","R"],"character_chosen":"IRONCLAD","items_purchased":["ClockworkSouvenir","Singing Bowl"],"campfire_rested":2,"item_purchase_floors":[27,27],"current_hp_per_floor":[78,78,78,78,78,78,80,80,80,80,50,60,50,57,57,57,74,68,37,37,37,80,80,33,33,33,33,32,71,50,59,59,48,74,59,57,56,56,56,49,58,58,58,58,80,80,64,65,92,0],"gold":115,"neow_bonus":"THREE_ENEMY_KILL","is_prod":false,"is_daily":false,"chose_seed":false,"campfire_upgraded":9,"win_rate":0,"timestamp":1537794344,"path_taken":["M","?","?","?","?","R","E","R","T","M","E","M","E","M","R","BOSS","M","M","?","?","M","R","E","R","T","$","M","R","?","M","R","BOSS","M","M","M","?","$","E","M","R","T","R","?","R","E","M","R","BOSS"],"build_version":"2018-09-20","purchased_purges":0,"victory":false,"max_hp_per_floor":[80,80,80,80,80,80,80,80,80,80,80,80,80,80,80,80,80,80,80,80,80,80,80,80,80,80,80,80,80,82,82,82,82,82,84,86,86,86,86,86,88,88,88,88,88,88,90,92,92,92],"card_choices":[{"not_picked":["True Grit","Heavy Blade"],"picked":"Clash","floor":1},{"not_picked":["Headbutt","Pommel Strike"],"picked":"Reaper","floor":7},{"not_picked":["Evolve","Twin Strike"],"picked":"Thunderclap","floor":10},{"not_picked":["Uppercut","Rupture"],"picked":"Demon Form","floor":11},{"not_picked":["Shockwave","Battle Trance"],"picked":"Dual Wield","floor":12},{"not_picked":["Carnage","Heavy Blade"],"picked":"Demon Form","floor":13},{"not_picked":["Iron Wave","Hemokinesis"],"picked":"Dropkick","floor":14},{"not_picked":["Double Tap","Impervious"],"picked":"Limit Break","floor":16},{"not_picked":["Thunderclap","Armaments"],"picked":"Second Wind+1","floor":18},{"not_picked":["Second Wind","Burning Pact","Wild Strike"],"picked":"SKIP","floor":19},{"not_picked":["Combust","Intimidate+1","Headbutt+1"],"picked":"SKIP","floor":22},{"not_picked":["Anger","Headbutt","Twin Strike"],"picked":"SKIP","floor":24},{"not_picked":["Power Through","Rupture"],"picked":"Flex+1","floor":28},{"not_picked":["Havoc","Cleave","Clash+1"],"picked":"Singing Bowl","floor":30},{"not_picked":["Perfected Strike","Sentinel"],"picked":"Pummel+1","floor":31},{"not_picked":["Fiend Fire","Berserk"],"picked":"Limit Break","floor":33},{"not_picked":["Anger","Cleave","Reckless Charge"],"picked":"Singing Bowl","floor":35},{"not_picked":["Sword Boomerang","Warcry","Body Slam"],"picked":"Singing Bowl","floor":36},{"not_picked":["Warcry","Infernal Blade"],"picked":"Heavy Blade","floor":37},{"not_picked":["Wild Strike","Hemokinesis"],"picked":"Reaper","floor":40},{"not_picked":["Intimidate","Body Slam","Disarm"],"picked":"Singing Bowl","floor":41},{"not_picked":["Carnage","True Grit","Headbutt+1"],"picked":"Singing Bowl","floor":47},{"not_picked":["Perfected Strike+1","Twin Strike","Seeing Red"],"picked":"Singing Bowl","floor":48}],"player_experience":519322,"relics_obtained":[{"floor":5,"key":"Ornamental Fan"},{"floor":7,"key":"Regal Pillow"},{"floor":9,"key":"Meat on the Bone"},{"floor":11,"key":"Bronze Scales"},{"floor":13,"key":"Charon\u0027s Ashes"},{"floor":24,"key":"Bottled Flame"},{"floor":26,"key":"Bag of Marbles"},{"floor":40,"key":"Omamori"},{"floor":43,"key":"Oddly Smooth Stone"},{"floor":47,"key":"Lantern"}],"event_choices":[{"event_name":"Liars Game","player_choice":"disagreed","floor":2,"damage_taken":0},{"event_name":"The Cleric","player_choice":"Card Removal","floor":3,"damage_taken":0},{"event_name":"Transmorgrifier","player_choice":"Transform","floor":4,"damage_taken":0},{"event_name":"Vampires","player_choice":"Ignored","floor":20,"damage_taken":0},{"event_name":"Golden Shrine","player_choice":"Pray","floor":21,"damage_taken":0},{"event_name":"Tomb of Lord Red Mask","player_choice":"Paid","floor":38,"damage_taken":0},{"event_name":"Winding Halls","player_choice":"Writhe","floor":45,"damage_taken":0}],"is_beta":true,"boss_relics":[{"not_picked":["Snecko Eye","Runic Pyramid"],"picked":"Runic Dome"},{"not_picked":["White Beast Statue","Orrery"],"picked":"Lizard Tail"}],"items_purged_floors":[],"is_endless":false,"potions_floor_spawned":[10,11,13,14,22,24,30,31,37,41],"killed_by":"Time Eater","ascension_level":12}