{"path_per_floor":["M","$","M","?","?","E","R","M","T","M","$","?","?","?","R"],"character_chosen":"IRONCLAD","items_purchased":["Heavy Blade","Double Tap","Prayer Wheel"],"gold_per_floor":[14,14,32,332,332,361,361,376,376,390,116,116,191,366,366,366],"floor_reached":16,"campfire_rested":0,"playtime":676,"current_hp_per_floor":[73,73,79,67,67,42,42,42,42,44,44,44,33,33,33,0],"items_purged":[],"gold":366,"score":98,"play_id":"6ac6e2a1-3fc0-432d-819a-210f23598a3e","local_time":"20180513190930","is_prod":false,"is_daily":false,"chose_seed":false,"is_ascension_mode":false,"campfire_upgraded":2,"timestamp":1526231370,"path_taken":["M","$","M","?","?","E","R","?","T","M","$","?","?","?","R","BOSS"],"build_version":"2018-05-10","seed_source_timestamp":31188744791892,"purchased_purges":0,"victory":false,"master_deck":["Strike_R","Strike_R","Strike_R","Strike_R","Strike_R","Defend_R","Defend_R","Defend_R","Rupture","Whirlwind","Burning Pact","Flex+1","Clash","Uppercut","Heavy Blade","Double Tap+1","Doubt"],"max_hp_per_floor":[80,80,80,80,80,80,80,80,80,80,80,80,80,80,80,80],"relics":["Burning Blood","Sundial","Old Coin","Dream Catcher","Red Skull","Prayer Wheel"],"card_choices":[{"not_picked":["Clothesline","Pommel Strike"],"picked":"Rupture","floor":1},{"not_picked":["Intimidate","Power Through"],"picked":"Whirlwind","floor":3},{"not_picked":["Intimidate","Body Slam"],"picked":"Flex","floor":6},{"not_picked":["True Grit","Rupture"],"picked":"Clash","floor":8},{"not_picked":["Cleave","Twin Strike"],"picked":"Uppercut","floor":10}],"player_experience":36322,"potions_floor_usage":[],"damage_taken":[{"damage":13,"enemies":"Jaw Worm","floor":1,"turns":4},{"damage":0,"enemies":"2 Louse","floor":3,"turns":4},{"damage":31,"enemies":"Gremlin Nob","floor":6,"turns":5},{"damage":6,"enemies":"Cultist","floor":8,"turns":5},{"damage":4,"enemies":"Exordium Wildlife","floor":10,"turns":2},{"damage":38,"enemies":"The Guardian","floor":16,"turns":4}],"event_choices":[{"event_name":"Scrap Ooze","player_choice":"success","floor":4,"damage_taken":12},{"event_name":"Living Wall","player_choice":"Change","floor":5,"damage_taken":0},{"event_name":"Wheel of Change","player_choice":"Card Removal","floor":12,"damage_taken":0},{"event_name":"World of Goop","player_choice":"Gather Gold","floor":13,"damage_taken":0},{"event_name":"Liars Game","player_choice":"agreed","floor":14,"damage_taken":0}],"boss_relics":[],"potions_floor_spawned":[3,10],"seed_played":"581546482807771107","killed_by":"The Guardian","ascension_level":0,"is_trial":false}