{"gold_per_floor":[209,73,73,73,87,130,130,165,165,178,199,218,57,57,57,150,150,163,121,121],"floor_reached":20,"playtime":932,"items_purged":["Strike_G"],"score":368,"play_id":"ae1a9ca4-e9b2-4d8e-9a98-6ed6c319d42d","local_time":"20190617111136","is_ascension_mode":true,"campfire_choices":[{"floor":7,"key":"REST"},{"data":"Noxious Fumes","floor":15,"key":"SMITH"}],"neow_cost":"NONE","seed_source_timestamp":7807729401064,"circlet_count":0,"master_deck":["AscendersBane","Defend_G","Defend_G","Defend_G","Defend_G","Defend_G","Strike_G","Survivor","Neutralize","Backstab","Noxious Fumes+1","Blade Dance","Backflip","Backflip","Bane","Dash","Malaise","After Image","Setup+1","Night Terror+1","Masterful Stab+1","Acrobatics","Blade Dance"],"relics":["Ring of the Snake","Golden Idol","Bottled Tornado","Centennial Puzzle","Mummified Hand","Astrolabe"],"potions_floor_usage":[8,8,16,20],"damage_taken":[{"damage":4,"enemies":"Small Slimes","floor":1,"turns":6},{"damage":0,"enemies":"Jaw Worm","floor":5,"turns":4},{"damage":29,"enemies":"3 Sentries","floor":6,"turns":10},{"damage":25,"enemies":"Lagavulin","floor":8,"turns":4},{"damage":0,"enemies":"2 Louse","floor":10,"turns":3},{"damage":0,"enemies":"Blue Slaver","floor":11,"turns":4},{"damage":2,"enemies":"3 Louse","floor":12,"turns":3},{"damage":10,"enemies":"Hexaghost","floor":16,"turns":11},{"damage":5,"enemies":"3 Byrds","floor":18,"turns":5},{"damage":12,"enemies":"2 Thieves","floor":19,"turns":5},{"damage":6,"enemies":"Colosseum Slavers","floor":20,"turns":5},{"damage":46,"enemies":"Colosseum Nobs","floor":20,"turns":3}],"seed_played":"959632056424966076","potions_obtained":[{"floor":1,"key":"Ancient Potion"},{"floor":5,"key":"Strength Potion"},{"floor":8,"key":"Weak Potion"},{"floor":12,"key":"Energy Potion"}],"is_trial":false,"path_per_floor":["M","$","?","?","M","E","R","E","T","M","M","M","$","?","R","B",null,"M","M","?"],"character_chosen":"THE_SILENT","items_purchased":["Noxious Fumes","AttackPotion","Malaise"],"campfire_rested":1,"item_purchase_floors":[2,2,13],"current_hp_per_floor":[55,55,55,55,55,26,44,19,19,19,19,17,17,22,22,12,52,47,35,0],"gold":121,"neow_bonus":"HUNDRED_GOLD","is_prod":false,"is_daily":false,"chose_seed":false,"campfire_upgraded":1,"win_rate":0,"timestamp":1560762696,"path_taken":["M","$","?","?","M","E","R","E","T","M","M","M","?","?","R","BOSS","M","M","?"],"build_version":"2019-01-23","purchased_purges":1,"victory":false,"max_hp_per_floor":[66,66,66,60,60,60,60,60,60,60,60,60,60,65,65,65,65,65,65,65],"card_choices":[{"not_picked":["Blade Dance","PiercingWail"],"picked":"Backstab","floor":1},{"not_picked":["Reflex","Slice"],"picked":"Blade Dance","floor":5},{"not_picked":["Deflect","Endless Agony"],"picked":"Backflip","floor":6},{"not_picked":["Blade Dance","Flying Knee","Prepared"],"picked":"SKIP","floor":8},{"not_picked":["Bane","Outmaneuver"],"picked":"Backflip","floor":10},{"not_picked":["Blur","Finisher"],"picked":"Bane","floor":11},{"not_picked":["Endless Agony","Flechettes"],"picked":"Dash","floor":12},{"not_picked":["Storm of Steel","Doppelganger"],"picked":"After Image","floor":16},{"not_picked":["Flying Knee","Prepared"],"picked":"Acrobatics","floor":18},{"not_picked":["Deflect","Dodge and Roll"],"picked":"Blade Dance","floor":19}],"player_experience":1745103,"relics_obtained":[{"floor":6,"key":"Bottled Tornado"},{"floor":8,"key":"Centennial Puzzle"},{"floor":9,"key":"Mummified Hand"}],"event_choices":[{"damage_healed":0,"gold_gain":0,"player_choice":"Ignored","damage_taken":0,"max_hp_gain":0,"max_hp_loss":0,"event_name":"Liars Game","floor":3,"gold_loss":0},{"damage_healed":0,"gold_gain":0,"player_choice":"Lose Max HP","damage_taken":0,"relics_obtained":["Golden Idol"],"max_hp_gain":0,"max_hp_loss":6,"event_name":"Golden Idol","floor":4,"gold_loss":0},{"damage_healed":0,"gold_gain":0,"player_choice":"Donut","damage_taken":0,"max_hp_gain":5,"max_hp_loss":0,"event_name":"Big Fish","floor":14,"gold_loss":0},{"damage_healed":0,"gold_gain":0,"player_choice":"Fight","damage_taken":0,"max_hp_gain":0,"max_hp_loss":0,"event_name":"Colosseum","floor":20,"gold_loss":0},{"damage_healed":0,"gold_gain":0,"player_choice":"Fought Nobs","damage_taken":0,"max_hp_gain":0,"max_hp_loss":0,"event_name":"Colosseum","floor":20,"gold_loss":0}],"is_beta":false,"boss_relics":[{"not_picked":["Empty Cage","Busted Crown"],"picked":"Astrolabe"}],"items_purged_floors":[13],"is_endless":false,"potions_floor_spawned":[1,5,8,12],"killed_by":"Colosseum Nobs","ascension_level":20}