{"gold_per_floor":[114,129,144,144,71,101,101,116,116,116,146,187,217,232,232,332,332,347,347,27,27,42,72,72,87,87,87,162,162,192,207,207,307,307,322,337,352,132,147,147,27,27,52,82,112,127,142,6,6,6],"floor_reached":51,"playtime":12078,"items_purged":[],"score":785,"play_id":"9b36b142-f59c-40b2-aa37-0c3860eaf35e","local_time":"20190408100847","daily_mods":["Draft","ControlledChaos","Night Terrors"],"is_ascension_mode":false,"campfire_choices":[{"data":"Armaments","floor":7,"key":"SMITH"},{"data":"Inflame","floor":10,"key":"SMITH"},{"data":"Armaments","floor":15,"key":"SMITH"},{"data":"Heavy Blade","floor":24,"key":"SMITH"},{"data":"Seeing Red","floor":32,"key":"SMITH"},{"data":"Metallicize","floor":40,"key":"SMITH"},{"data":"Flex","floor":42,"key":"SMITH"},{"data":"Fiend Fire","floor":49,"key":"SMITH"}],"neow_cost":"","seed_source_timestamp":803558478920988,"circlet_count":0,"master_deck":["Power Through","Ghostly Armor","Anger","Armaments+1","Inflame+1","Evolve","Sever Soul","Shrug It Off","Rage","Heavy Blade+1","Dual Wield","Shrug It Off","Pummel","Shrug It Off","Seeing Red+1","Flex+1","Metallicize+1","Double Tap","Intimidate","Flex","Armaments+1","Fiend Fire+1","Clothesline+1","Armaments+1","Havoc+1","Impervious+1","Combust+1","Carnage+1","Armaments+1","Shrug It Off+1","Sentinel+1","Anger+1","Dark Embrace","Master of Strategy+1"],"special_seed":17994,"relics":["Burning Blood","Frozen Eye","Orichalcum","The Courier","Juzu Bracelet","Vajra","Bag of Preparation","White Beast Statue","MutagenicStrength","PreservedInsect","Toxic Egg 2","Meat on the Bone","Mercury Hourglass","Bottled Lightning","Question Card","Coffee Dripper","Membership Card","Anchor","Champion Belt","Omamori","Incense Burner","Bottled Flame","Oddly Smooth Stone"],"potions_floor_usage":[13,16,16,23,25,30,33,33,33,35,39,39,39,44,50,50,50],"damage_taken":[{"damage":0,"enemies":"Jaw Worm","floor":1,"turns":3},{"damage":0,"enemies":"2 Louse","floor":2,"turns":2},{"damage":0,"enemies":"Small Slimes","floor":3,"turns":3},{"damage":19,"enemies":"Gremlin Nob","floor":6,"turns":5},{"damage":0,"enemies":"Red Slaver","floor":8,"turns":3},{"damage":0,"enemies":"3 Sentries","floor":11,"turns":7},{"damage":9,"enemies":"Gremlin Nob","floor":12,"turns":4},{"damage":1,"enemies":"Lagavulin","floor":13,"turns":5},{"damage":0,"enemies":"Exordium Thugs","floor":14,"turns":3},{"damage":13,"enemies":"The Guardian","floor":16,"turns":10},{"damage":2,"enemies":"Spheric Guardian","floor":18,"turns":4},{"damage":0,"enemies":"Chosen","floor":22,"turns":5},{"damage":11,"enemies":"Book of Stabbing","floor":23,"turns":5},{"damage":3,"enemies":"3 Cultists","floor":25,"turns":4},{"damage":0,"enemies":"Gremlin Leader","floor":30,"turns":4},{"damage":19,"enemies":"Sentry and Sphere","floor":31,"turns":4},{"damage":31,"enemies":"Automaton","floor":33,"turns":12},{"damage":16,"enemies":"3 Darklings","floor":35,"turns":7},{"damage":10,"enemies":"Orb Walker","floor":36,"turns":4},{"damage":18,"enemies":"Transient","floor":37,"turns":5},{"damage":14,"enemies":"Maw","floor":39,"turns":8},{"damage":19,"enemies":"2 Orb Walkers","floor":44,"turns":5},{"damage":8,"enemies":"Nemesis","floor":45,"turns":5},{"damage":2,"enemies":"Jaw Worm Horde","floor":46,"turns":3},{"damage":2,"enemies":"3 Darklings","floor":47,"turns":8},{"damage":74,"enemies":"Awakened One","floor":50,"turns":12}],"seed_played":"-2695250490538151915","potions_obtained":[{"floor":1,"key":"LiquidBronze"},{"floor":8,"key":"Weak Potion"},{"floor":11,"key":"Explosive Potion"},{"floor":12,"key":"Strength Potion"},{"floor":13,"key":"SteroidPotion"},{"floor":18,"key":"Block Potion"},{"floor":22,"key":"Ancient Potion"},{"floor":23,"key":"Dexterity Potion"},{"floor":25,"key":"AttackPotion"},{"floor":30,"key":"Swift Potion"},{"floor":31,"key":"SkillPotion"},{"floor":33,"key":"EssenceOfSteel"},{"floor":35,"key":"PowerPotion"},{"floor":36,"key":"SpeedPotion"},{"floor":37,"key":"SpeedPotion"},{"floor":39,"key":"Explosive Potion"},{"floor":44,"key":"GamblersBrew"},{"floor":45,"key":"Weak Potion"},{"floor":46,"key":"Regen Potion"}],"is_trial":false,"path_per_floor":["M","M","M","?","$","E","R","M","T","R","E","?","E","M","R","B",null,"M","?","$","?","M","E","R","M","T","?","T","?","E","M","R","B",null,"M","M","M","$","M","R","$","R","T","?","E","M","M","$","R","B",null],"character_chosen":"IRONCLAD","items_purchased":["Double Tap","PreservedInsect","Toxic Egg 2","Membership Card","Anchor","Champion Belt","Oddly Smooth Stone","Master of Strategy+1"],"campfire_rested":0,"item_purchase_floors":[5,20,20,38,38,41,48,48],"current_hp_per_floor":[80,80,80,80,80,67,67,73,73,73,79,76,80,80,80,73,80,80,80,80,80,80,75,75,78,78,63,63,63,69,56,56,43,85,75,71,59,59,51,51,51,51,51,50,60,64,68,68,68,27],"gold":6,"neow_bonus":"","is_prod":false,"is_daily":true,"chose_seed":false,"campfire_upgraded":8,"win_rate":0,"timestamp":1554743327,"path_taken":["M","M","M","?","$","E","R","M","T","R","E","?","E","M","R","BOSS","M","?","$","?","M","E","R","M","T","?","?","?","E","M","R","BOSS","M","M","M","$","M","R","$","R","T","?","E","M","M","$","R","BOSS"],"build_version":"2019-01-23","purchased_purges":0,"victory":true,"max_hp_per_floor":[80,80,80,80,80,80,80,80,80,80,80,80,80,80,80,80,80,80,80,80,80,80,80,80,80,80,85,85,85,85,85,85,85,85,85,85,85,85,85,85,85,85,85,85,85,85,85,85,85,85],"card_choices":[{"not_picked":["Perfected Strike","Body Slam"],"picked":"Power Through","floor":0},{"not_picked":["Perfected Strike","Body Slam"],"picked":"Ghostly Armor","floor":0},{"not_picked":["Headbutt","Heavy Blade"],"picked":"Anger","floor":0},{"not_picked":["Shrug It Off","Iron Wave"],"picked":"Armaments","floor":0},{"not_picked":["True Grit","Headbutt"],"picked":"Inflame","floor":0},{"not_picked":["Thunderclap","Shockwave"],"picked":"Evolve","floor":0},{"not_picked":["Evolve","Headbutt"],"picked":"Sever Soul","floor":0},{"not_picked":["Havoc","Clash"],"picked":"Shrug It Off","floor":0},{"not_picked":["Headbutt","Heavy Blade"],"picked":"Rage","floor":0},{"not_picked":["Disarm","Rupture"],"picked":"Heavy Blade","floor":0},{"not_picked":["Second Wind","Dropkick"],"picked":"Dual Wield","floor":0},{"not_picked":["Power Through","Clash"],"picked":"Shrug It Off","floor":0},{"not_picked":["Anger","Bloodletting"],"picked":"Pummel","floor":0},{"not_picked":["Fire Breathing","Sever Soul"],"picked":"Shrug It Off","floor":0},{"not_picked":["Warcry","Shrug It Off"],"picked":"Seeing Red","floor":0},{"not_picked":["Cleave","Second Wind"],"picked":"Flex","floor":1},{"not_picked":["Wild Strike","Sentinel","Sword Boomerang"],"picked":"SKIP","floor":2},{"not_picked":["Infernal Blade","Thunderclap"],"picked":"Metallicize","floor":3},{"not_picked":["Thunderclap","Heavy Blade"],"picked":"Intimidate","floor":6},{"not_picked":["Cleave","Combust","Clothesline"],"picked":"SKIP","floor":8},{"not_picked":["Bludgeon","Sentinel"],"picked":"Flex","floor":11},{"not_picked":["Bloodletting","Sever Soul"],"picked":"Armaments","floor":13},{"not_picked":["Sword Boomerang","Flex","Dual Wield"],"picked":"SKIP","floor":14},{"not_picked":["Double Tap","Berserk"],"picked":"Fiend Fire","floor":16},{"not_picked":["True Grit","Cleave","Uppercut"],"picked":"SKIP","floor":18},{"not_picked":["Havoc+1","Combust","Heavy Blade"],"picked":"SKIP","floor":22},{"not_picked":["True Grit+1","Brutality"],"picked":"Clothesline+1","floor":23},{"not_picked":["Anger","Feel No Pain"],"picked":"Armaments+1","floor":25},{"not_picked":["Disarm+1","Rampage"],"picked":"Havoc+1","floor":30},{"not_picked":["Sword Boomerang","Warcry+1","Wild Strike","Thunderclap"],"picked":"SKIP","floor":31},{"not_picked":["Bludgeon","Fiend Fire","Immolate"],"picked":"Impervious+1","floor":33},{"not_picked":["Rampage","Bloodletting+1","Headbutt+1","Heavy Blade+1"],"picked":"SKIP","floor":35},{"not_picked":["Thunderclap","Havoc+1","Flex+1"],"picked":"Combust+1","floor":36},{"not_picked":["Anger","Body Slam","Sever Soul+1"],"picked":"Carnage+1","floor":37},{"not_picked":["Thunderclap","Perfected Strike","Heavy Blade+1"],"picked":"Armaments+1","floor":39},{"not_picked":["Armaments+1","Blood for Blood+1","Heavy Blade"],"picked":"Shrug It Off+1","floor":44},{"not_picked":["Evolve","Thunderclap","Wild Strike"],"picked":"Sentinel+1","floor":45},{"not_picked":["Sentinel+1","Shrug It Off+1","Searing Blow+1"],"picked":"Anger+1","floor":46},{"not_picked":["Fire Breathing","Bloodletting+1","Armaments+1"],"picked":"Dark Embrace","floor":47}],"player_experience":519374,"relics_obtained":[{"floor":6,"key":"Orichalcum"},{"floor":9,"key":"The Courier"},{"floor":11,"key":"Juzu Bracelet"},{"floor":12,"key":"Vajra"},{"floor":13,"key":"Bag of Preparation"},{"floor":23,"key":"Meat on the Bone"},{"floor":26,"key":"Mercury Hourglass"},{"floor":28,"key":"Bottled Lightning"},{"floor":30,"key":"Question Card"},{"floor":43,"key":"Omamori"},{"floor":44,"key":"Incense Burner"},{"floor":45,"key":"Bottled Flame"}],"event_choices":[{"damage_healed":0,"gold_gain":0,"player_choice":"Leave","damage_taken":0,"max_hp_gain":0,"max_hp_loss":0,"event_name":"The Cleric","floor":4,"gold_loss":0},{"damage_healed":0,"gold_gain":30,"player_choice":"Searched \u00273\u0027 times","damage_taken":0,"max_hp_gain":0,"max_hp_loss":0,"event_name":"Dead Adventurer","floor":12,"gold_loss":0},{"damage_healed":0,"gold_gain":0,"player_choice":"Inject Mutagens","damage_taken":0,"relics_obtained":["MutagenicStrength"],"max_hp_gain":0,"max_hp_loss":0,"event_name":"Drug Dealer","floor":19,"gold_loss":0},{"damage_healed":0,"gold_gain":0,"player_choice":"Ignored","damage_taken":0,"max_hp_gain":0,"max_hp_loss":0,"event_name":"Beggar","floor":21,"gold_loss":0},{"damage_healed":0,"gold_gain":0,"player_choice":"Shed Blood","damage_taken":20,"max_hp_gain":5,"max_hp_loss":0,"event_name":"Forgotten Altar","floor":27,"gold_loss":0},{"damage_healed":0,"gold_gain":0,"player_choice":"Ignored","damage_taken":0,"max_hp_gain":0,"max_hp_loss":0,"event_name":"Vampires","floor":29,"gold_loss":0},{"damage_healed":0,"gold_gain":0,"player_choice":"Fight","damage_taken":0,"max_hp_gain":0,"max_hp_loss":0,"event_name":"Mysterious Sphere","floor":44,"gold_loss":0}],"is_beta":false,"boss_relics":[{"not_picked":["Runic Pyramid","Astrolabe"],"picked":"White Beast Statue"},{"not_picked":["Runic Cube","Cursed Key"],"picked":"Coffee Dripper"}],"items_purged_floors":[],"is_endless":false,"potions_floor_spawned":[1,8,11,12,13,18,22,23,25,30,31,33,35,36,37,39,44,45,46,47],"ascension_level":0}