{"gold_per_floor":[118,118,130,145,15,15,28,60,60,71,71,71,85,119,119,198,198,211,161,18,34,54,54],"floor_reached":23,"playtime":892,"items_purged":["Decay","Strike_G"],"score":406,"play_id":"3cd5ed14-9598-420b-a50b-0e35fb2a06a7","local_time":"20190714233903","is_ascension_mode":true,"campfire_choices":[{"data":"Deadly Poison","floor":6.0,"key":"SMITH"},{"data":"Neutralize","floor":11.0,"key":"SMITH"},{"data":"Noxious Fumes","floor":15,"key":"SMITH"}],"neow_cost":"NONE","seed_source_timestamp":39190535670293,"circlet_count":0,"master_deck":["AscendersBane","Strike_G","Strike_G","Strike_G","Strike_G","Defend_G","Defend_G","Defend_G","Defend_G","Defend_G","Survivor","Neutralize+1","Adrenaline","Dagger Spray","Unload","Terror","Deadly Poison+1","PiercingWail","Backflip","Noxious Fumes+1","Burst","Bullet Time","Deflect","Escape Plan","Dodge and Roll"],"special_seed":0,"relics":["Ring of the Snake","Boot","Snake Skull","The Courier","Bag of Preparation","Runic Pyramid"],"potions_floor_usage":[16,18,21,23,23],"damage_taken":[{"damage":1.0,"enemies":"2 Louse","floor":1.0,"turns":4.0},{"damage":1.0,"enemies":"Cultist","floor":3.0,"turns":4.0},{"damage":4.0,"enemies":"Jaw Worm","floor":4.0,"turns":4.0},{"damage":3.0,"enemies":"Looter","floor":7.0,"turns":3.0},{"damage":17.0,"enemies":"Lagavulin","floor":8.0,"turns":6.0},{"damage":3.0,"enemies":"Gremlin Gang","floor":10.0,"turns":3.0},{"damage":3.0,"enemies":"Blue Slaver","floor":13.0,"turns":4.0},{"damage":6.0,"enemies":"Gremlin Nob","floor":14.0,"turns":3.0},{"damage":1,"enemies":"The Guardian","floor":16,"turns":7},{"damage":41,"enemies":"Chosen","floor":18,"turns":6},{"damage":12,"enemies":"2 Thieves","floor":21,"turns":5},{"damage":13,"enemies":"3 Cultists","floor":22,"turns":5},{"damage":2,"enemies":"Book of Stabbing","floor":23,"turns":5}],"seed_played":"1249044549786175998","potions_obtained":[{"floor":3.0,"key":"GamblersBrew"},{"floor":8.0,"key":"Ancient Potion"},{"floor":14.0,"key":"GhostInAJar"},{"floor":16,"key":"GamblersBrew"},{"floor":22,"key":"SkillPotion"}],"is_trial":false,"path_per_floor":["M","?","M","M","$","R","M","E","T","M","R","?","M","E","R","B",null,"M","?","$","M","M","E"],"character_chosen":"THE_SILENT","items_purchased":["Deadly Poison","Regen Potion"],"campfire_rested":0,"item_purchase_floors":[5,20],"current_hp_per_floor":[58,58,57,53,53,53,50,33,33,30,30,25,22,16,16,15,53,12,12,12,15,2,0],"gold":54,"neow_bonus":"ONE_RANDOM_RARE_CARD","is_prod":false,"is_daily":false,"chose_seed":false,"campfire_upgraded":3,"win_rate":0,"timestamp":1563140343,"path_taken":["M","?","?","?","$","R","M","E","T","M","R","?","M","E","R","BOSS","M","?","$","M","?","E"],"build_version":"2019-07-05","purchased_purges":2,"victory":false,"max_hp_per_floor":[66,66,66,66,66,66,66,66,66,66,66,66,66,66,66,66,66,66,66,66,66,66,66],"card_choices":[{"not_picked":["Deflect","Outmaneuver"],"picked":"Dagger Spray","floor":1.0},{"not_picked":["Bane","Acrobatics"],"picked":"Unload","floor":3.0},{"not_picked":["Underhanded Strike","Dagger Spray"],"picked":"Terror","floor":4.0},{"not_picked":["Blur","Dagger Spray"],"picked":"PiercingWail","floor":7.0},{"not_picked":["Tactician","All Out Attack","Finisher"],"picked":"SKIP","floor":8.0},{"not_picked":["Finisher","Poisoned Stab"],"picked":"Backflip","floor":10.0},{"not_picked":["Underhanded Strike","Prepared"],"picked":"Noxious Fumes","floor":13.0},{"not_picked":["Cloak And Dagger","Reflex"],"picked":"Burst","floor":14.0},{"not_picked":["Night Terror","Tools of the Trade"],"picked":"Bullet Time","floor":16},{"not_picked":["Underhanded Strike","Setup"],"picked":"Deflect","floor":18},{"not_picked":["Blur","Choke"],"picked":"Escape Plan","floor":21},{"not_picked":["Poisoned Stab","Underhanded Strike"],"picked":"Dodge and Roll","floor":22}],"player_experience":1808164,"relics_obtained":[{"floor":8.0,"key":"Boot"},{"floor":9.0,"key":"Snake Skull"},{"floor":14.0,"key":"Bag of Preparation"}],"event_choices":[{"damage_healed":0.0,"max_hp_gain":0.0,"max_hp_loss":0.0,"gold_gain":0.0,"event_name":"Wheel of Change","player_choice":"Cursed","floor":2.0,"gold_loss":0.0,"damage_taken":0.0,"cards_obtained":["Decay"]},{"damage_healed":0.0,"max_hp_gain":0.0,"max_hp_loss":0.0,"gold_gain":0.0,"event_name":"Scrap Ooze","player_choice":"Success","floor":12.0,"gold_loss":0.0,"damage_taken":5.0,"relics_obtained":["The Courier"]},{"damage_healed":0,"gold_gain":0,"player_choice":"Bet on Murderer","damage_taken":0,"max_hp_gain":0,"max_hp_loss":0,"event_name":"The Joust","floor":19,"gold_loss":50}],"is_beta":false,"boss_relics":[{"not_picked":["Empty Cage","Fusion Hammer"],"picked":"Runic Pyramid"}],"items_purged_floors":[5,20],"is_endless":false,"potions_floor_spawned":[3,8,14,16,22],"killed_by":"Book of Stabbing","ascension_level":20}