{"gold_per_floor":[115,132,132,152,164,199,199,215,215,233,233,233],"floor_reached":12,"playtime":437,"items_purged":[],"score":139,"play_id":"4086662c-6679-435d-9be7-9437ab52460a","local_time":"20181108093546","is_ascension_mode":true,"campfire_choices":[{"floor":7,"key":"REST"},{"data":"Leg Sweep","floor":11,"key":"SMITH"}],"neow_cost":"NONE","seed_source_timestamp":1801262806290,"circlet_count":0,"master_deck":["AscendersBane","Defend_G","Defend_G","Defend_G","Defend_G","Defend_G","Strike_G","Strike_G","Strike_G","Strike_G","Strike_G","Survivor","Neutralize","Poisoned Stab","Backflip","Backflip","Leg Sweep+1","Dagger Spray","Quick Slash","Backflip"],"relics":["Ring of the Snake","Art of War","NlothsMask","Snake Skull"],"potions_floor_usage":[12],"damage_taken":[{"damage":4,"enemies":"Small Slimes","floor":1,"turns":4},{"damage":4,"enemies":"Cultist","floor":2,"turns":3},{"damage":0,"enemies":"Jaw Worm","floor":4,"turns":4},{"damage":3,"enemies":"Blue Slaver","floor":5,"turns":5},{"damage":47,"enemies":"Gremlin Nob","floor":6,"turns":6},{"damage":0,"enemies":"2 Fungi Beasts","floor":8,"turns":4},{"damage":6,"enemies":"Lots of Slimes","floor":10,"turns":3},{"damage":22,"enemies":"Lagavulin","floor":12,"turns":8}],"seed_played":"-7728437880759113499","potions_obtained":[{"floor":2,"key":"LiquidBronze"},{"floor":5,"key":"GamblersBrew"},{"floor":8,"key":"Block Potion"}],"is_trial":false,"path_per_floor":["M","M","?","M","M","E","R","M","T","M","R","E"],"character_chosen":"THE_SILENT","items_purchased":[],"campfire_rested":1,"item_purchase_floors":[],"current_hp_per_floor":[55,51,51,51,48,1,20,20,20,14,14,0],"gold":233,"neow_bonus":"RANDOM_COMMON_RELIC","is_prod":false,"is_daily":false,"chose_seed":false,"campfire_upgraded":1,"win_rate":0,"timestamp":1541666146,"path_taken":["M","M","?","M","M","E","R","M","T","M","R","E"],"build_version":"2018-11-07","purchased_purges":0,"victory":false,"max_hp_per_floor":[66,66,66,66,66,66,66,66,66,66,66,66],"card_choices":[{"not_picked":["Dodge and Roll","Prepared"],"picked":"Poisoned Stab","floor":1},{"not_picked":["Deflect","Prepared"],"picked":"Backflip","floor":2},{"not_picked":["Outmaneuver","Caltrops"],"picked":"Backflip","floor":4},{"not_picked":["Expertise","Underhanded Strike"],"picked":"Leg Sweep","floor":5},{"not_picked":["Blade Dance","A Thousand Cuts"],"picked":"Dagger Spray","floor":6},{"not_picked":["Setup","Backflip"],"picked":"Quick Slash","floor":8},{"not_picked":["Predator","Setup"],"picked":"Backflip","floor":10}],"player_experience":769812,"relics_obtained":[{"floor":6,"key":"Snake Skull"}],"event_choices":[{"damage_healed":0,"gold_gain":0,"player_choice":"Trade","damage_taken":0,"relics_obtained":["NlothsMask"],"max_hp_gain":0,"max_hp_loss":0,"event_name":"FaceTrader","floor":3,"gold_loss":0}],"is_beta":true,"boss_relics":[],"items_purged_floors":[],"is_endless":false,"potions_floor_spawned":[2,5,8,10],"killed_by":"Lagavulin","ascension_level":14}