{"gold_per_floor":[114,264,54,74,91,91,166,200,200,200,233,233,244,264,264,338,338,354,354,60,86,97,97,108,108],"floor_reached":25,"playtime":1187,"items_purged":["Doubt","Strike_G"],"score":422,"play_id":"cddf8f22-79e5-4f58-90f6-a5e8ae6e954e","local_time":"20190713125313","is_ascension_mode":true,"campfire_choices":[{"data":"Deadly Poison","floor":6.0,"key":"SMITH"},{"floor":10.0,"key":"REST"},{"floor":15.0,"key":"REST"},{"floor":23,"key":"REST"}],"neow_cost":"NONE","seed_source_timestamp":0,"circlet_count":0,"master_deck":["AscendersBane","Strike_G","Strike_G","Defend_G","Defend_G","Defend_G","Defend_G","Defend_G","Survivor","Neutralize","Dagger Spray","Deadly Poison+1","Poisoned Stab","PiercingWail","Leg Sweep","Wraith Form v2","Deflect","Dash","After Image","A Thousand Cuts","Masterful Stab","PiercingWail+1"],"special_seed":0,"relics":["Ring of the Snake","Juzu Bracelet","The Courier","Letter Opener","Boot","CultistMask","Sozu","Ninja Scroll","Red Mask"],"potions_floor_usage":[21],"damage_taken":[{"damage":4.0,"enemies":"Small Slimes","floor":1.0,"turns":7.0},{"damage":0.0,"enemies":"2 Louse","floor":4.0,"turns":3.0},{"damage":0.0,"enemies":"Cultist","floor":5.0,"turns":4.0},{"damage":21.0,"enemies":"Lagavulin","floor":8.0,"turns":8.0},{"damage":19.0,"enemies":"3 Sentries","floor":11.0,"turns":9.0},{"damage":0.0,"enemies":"3 Louse","floor":13.0,"turns":3.0},{"damage":15.0,"enemies":"Large Slime","floor":14.0,"turns":7.0},{"damage":22.0,"enemies":"Hexaghost","floor":16.0,"turns":15.0},{"damage":12.0,"enemies":"Spheric Guardian","floor":18.0,"turns":6.0},{"damage":19,"enemies":"Masked Bandits","floor":21,"turns":4},{"damage":0,"enemies":"3 Byrds","floor":22,"turns":4},{"damage":3,"enemies":"Snake Plant","floor":24,"turns":4},{"damage":47,"enemies":"Gremlin Leader","floor":25,"turns":7}],"seed_played":"-8245257738866734122","potions_obtained":[{"floor":8.0,"key":"Weak Potion"},{"floor":14.0,"key":"Weak Potion"},{"floor":16.0,"key":"Poison Potion"}],"is_trial":false,"path_per_floor":["M","?","$","M","M","R","?","E","T","R","E","?","M","M","R","B",null,"M","?","$","?","M","R","M","E"],"character_chosen":"THE_SILENT","items_purchased":["Deadly Poison","Poisoned Stab","PiercingWail","Ninja Scroll"],"campfire_rested":3,"item_purchase_floors":[3,3,3,20],"current_hp_per_floor":[55,55,55,55,55,55,44,23,23,42,23,23,23,8,27,5,51,39,39,39,20,20,39,36,0],"gold":108,"neow_bonus":"RANDOM_COMMON_RELIC","is_prod":false,"is_daily":false,"chose_seed":false,"campfire_upgraded":1,"win_rate":0,"timestamp":1563015193,"path_taken":["M","?","$","M","M","R","?","E","T","R","E","?","M","M","R","BOSS","M","?","$","?","M","R","M","E"],"build_version":"2019-07-05","purchased_purges":2,"victory":false,"max_hp_per_floor":[66,66,66,66,66,66,66,66,66,66,66,66,66,66,66,66,66,66,66,66,66,66,66,66,66],"card_choices":[{"not_picked":["PiercingWail","Quick Slash"],"picked":"Dagger Spray","floor":1.0},{"not_picked":["Poisoned Stab","Underhanded Strike"],"picked":"Leg Sweep","floor":4.0},{"not_picked":["Choke","Blade Dance","Slice"],"picked":"SKIP","floor":5.0},{"not_picked":["Dagger Throw","Dagger Spray"],"picked":"Wraith Form v2","floor":8.0},{"not_picked":["Dagger Throw","All Out Attack","Tactician"],"picked":"SKIP","floor":11.0},{"not_picked":["Distraction","Sucker Punch"],"picked":"Deflect","floor":13.0},{"not_picked":["Dagger Throw","Choke"],"picked":"Dash","floor":14.0},{"not_picked":["Phantasmal Killer","Bullet Time"],"picked":"After Image","floor":16.0},{"not_picked":["All Out Attack","Dagger Throw","Finisher"],"picked":"SKIP","floor":18.0},{"not_picked":["Eviscerate","hubris:Sniper","Bane"],"picked":"SKIP","floor":22},{"not_picked":["Cloak And Dagger","hubris:TrickCloak+1"],"picked":"PiercingWail+1","floor":24}],"player_experience":1816306,"relics_obtained":[{"floor":8.0,"key":"The Courier"},{"floor":9.0,"key":"Letter Opener"},{"floor":11.0,"key":"Boot"},{"floor":21,"key":"Red Mask"}],"event_choices":[{"damage_healed":0.0,"max_hp_gain":0.0,"max_hp_loss":0.0,"gold_gain":150.0,"event_name":"Liars Game","player_choice":"AGREE","floor":2.0,"gold_loss":0.0,"damage_taken":0.0,"cards_obtained":["Doubt"]},{"damage_healed":0.0,"max_hp_gain":0.0,"max_hp_loss":0.0,"gold_gain":75.0,"event_name":"World of Goop","player_choice":"Gather Gold","floor":7.0,"gold_loss":0.0,"damage_taken":11.0},{"damage_healed":0.0,"max_hp_gain":0.0,"max_hp_loss":0.0,"gold_gain":0.0,"event_name":"FaceTrader","player_choice":"Trade","floor":12.0,"gold_loss":0.0,"damage_taken":0.0,"relics_obtained":["CultistMask"]},{"damage_healed":0.0,"max_hp_gain":0.0,"max_hp_loss":0.0,"gold_gain":0.0,"cards_transformed":["Strike_G","Strike_G"],"event_name":"Drug Dealer","player_choice":"Became Test Subject","floor":19.0,"gold_loss":0.0,"damage_taken":0.0,"cards_obtained":["A Thousand Cuts","Masterful Stab"]},{"damage_healed":0,"gold_gain":0,"player_choice":"Fought Bandits","damage_taken":0,"max_hp_gain":0,"max_hp_loss":0,"event_name":"Masked Bandits","floor":21,"gold_loss":0}],"is_beta":false,"boss_relics":[{"not_picked":["Runic Dome","Astrolabe"],"picked":"Sozu"}],"items_purged_floors":[3,20],"is_endless":false,"potions_floor_spawned":[8,14,16],"killed_by":"Gremlin Leader","ascension_level":20}