{"gold_per_floor":[113,113,126,149,195,195,220,220,220,255,255,286,246,171,171,264,264,284,299,299,199,199,199,215,256,281,57,91,107,146,160,160,160],"floor_reached":33,"playtime":3504,"items_purged":["Strike_R","Writhe"],"score":588,"play_id":"e7193485-dc26-44cc-8d89-d769d9baae98","local_time":"20181030211151","is_ascension_mode":true,"campfire_choices":[{"data":"Uppercut","floor":6.0,"key":"SMITH"},{"data":"Flame Barrier","floor":8.0,"key":"SMITH"},{"data":"Carnage","floor":11.0,"key":"SMITH"},{"data":"Evolve","floor":15,"key":"SMITH"},{"data":"Feed","floor":23,"key":"SMITH"},{"data":"Uppercut","floor":32,"key":"SMITH"}],"neow_cost":"NONE","seed_source_timestamp":0,"circlet_count":0,"master_deck":["Strike_R+1","Strike_R+1","Strike_R+1","Strike_R+1","Defend_R+1","Defend_R+1","Defend_R+1","Defend_R+1","Bash+1","AscendersBane","Uppercut+1","Iron Wave","Evolve+1","Flame Barrier+1","Carnage+1","Headbutt","Feed+1","Uppercut+1","Heavy Blade+1","Rampage","Warcry","Terror"],"special_seed":0,"relics":["Burning Blood","Vajra","Golden Idol","Bag of Preparation","Art of War","PreservedInsect","Mummified Hand","Snecko Eye","War Paint","Meat on the Bone","Strawberry","PrismaticShard","Whetstone","Ancient Tea Set"],"potions_floor_usage":[19,29,31],"damage_taken":[{"damage":3.0,"enemies":"2 Louse","floor":1.0,"turns":3.0},{"damage":1.0,"enemies":"Cultist","floor":3.0,"turns":3.0},{"damage":6.0,"enemies":"Jaw Worm","floor":4.0,"turns":3.0},{"damage":12.0,"enemies":"3 Louse","floor":7.0,"turns":4.0},{"damage":25.0,"enemies":"Lagavulin","floor":10.0,"turns":5.0},{"damage":15,"enemies":"3 Sentries","floor":12,"turns":4},{"damage":24,"enemies":"Hexaghost","floor":16,"turns":10},{"damage":3,"enemies":"Chosen","floor":18,"turns":2},{"damage":6,"enemies":"Spheric Guardian","floor":19,"turns":3},{"damage":0,"enemies":"Snake Plant","floor":24,"turns":2},{"damage":9,"enemies":"Gremlin Leader","floor":25,"turns":5},{"damage":33,"enemies":"Slavers","floor":28,"turns":4},{"damage":10,"enemies":"Centurion and Healer","floor":29,"turns":5},{"damage":5,"enemies":"Gremlin Leader","floor":30,"turns":4},{"damage":0,"enemies":"Sentry and Sphere","floor":31,"turns":3},{"damage":83,"enemies":"Automaton","floor":33,"turns":6}],"seed_played":"-7834192168622458760","potions_obtained":[{"floor":10.0,"key":"Fire Potion"},{"floor":13,"key":"Fire Potion"},{"floor":19,"key":"Fruit Juice"},{"floor":25,"key":"Fire Potion"},{"floor":29,"key":"Fruit Juice"}],"is_trial":false,"path_per_floor":["M","?","M","M","T","R","M","R","T","E","R","E","?","$","R","B",null,"M","M","?","$","?","R","M","E","T","$","E","M","E","M","R"],"character_chosen":"IRONCLAD","items_purchased":["PrismaticShard"],"campfire_rested":0,"item_purchase_floors":[27],"current_hp_per_floor":[71,68,68,68,68,68,62,62,62,43,43,34,34,34,34,16,55,61,69,69,69,69,69,79,80,87,87,64,65,66,76,76,0],"gold":160,"neow_bonus":"RANDOM_COMMON_RELIC","is_prod":false,"is_daily":false,"chose_seed":false,"campfire_upgraded":6,"win_rate":0,"timestamp":1540930311,"path_taken":["M","?","M","M","?","R","M","R","T","E","R","E","?","$","R","BOSS","M","M","?","$","?","R","M","E","T","$","E","M","E","M","R","BOSS"],"build_version":"2018-10-29v2","purchased_purges":2,"victory":false,"max_hp_per_floor":[75,68,68,68,68,68,68,68,68,68,68,68,68,68,68,68,68,71,79,79,79,79,79,83,87,94,94,98,103,103,107,107,107],"card_choices":[{"not_picked":["Twin Strike","Pommel Strike"],"picked":"Uppercut","floor":1.0},{"not_picked":["Bloodletting","Clash"],"picked":"Iron Wave","floor":3.0},{"not_picked":["Armaments","Burning Pact"],"picked":"Evolve","floor":4.0},{"not_picked":["Sword Boomerang","Flex"],"picked":"Flame Barrier","floor":7.0},{"not_picked":["Twin Strike","Uppercut"],"picked":"Carnage","floor":10.0},{"not_picked":["Body Slam","Iron Wave"],"picked":"Headbutt","floor":12},{"not_picked":["Dark Embrace","Juggernaut"],"picked":"Feed","floor":16},{"not_picked":["Havoc","Heavy Blade"],"picked":"Uppercut","floor":18},{"not_picked":["Flex","True Grit+1","Cleave"],"picked":"SKIP","floor":19},{"not_picked":["Corruption","Havoc+1"],"picked":"Heavy Blade","floor":24},{"not_picked":["Pommel Strike","Warcry"],"picked":"Rampage","floor":25},{"not_picked":["Anger+1","Bane","Intimidate"],"picked":"SKIP","floor":28},{"not_picked":["Force Field","Capacitor"],"picked":"Warcry","floor":29},{"not_picked":["Blur","Twin Strike"],"picked":"Terror","floor":30},{"not_picked":["Sever Soul","Capacitor","Sword Boomerang"],"picked":"SKIP","floor":31}],"player_experience":716551,"relics_obtained":[{"floor":5.0,"key":"Bag of Preparation"},{"floor":9.0,"key":"Art of War"},{"floor":10.0,"key":"PreservedInsect"},{"floor":12,"key":"Mummified Hand"},{"floor":25,"key":"Meat on the Bone"},{"floor":26,"key":"Strawberry"},{"floor":28,"key":"Whetstone"},{"floor":30,"key":"Ancient Tea Set"}],"event_choices":[{"damage_healed":0.0,"max_hp_gain":0.0,"max_hp_loss":7.0,"gold_gain":0.0,"event_name":"Golden Idol","player_choice":"Lose Max HP","floor":2.0,"gold_loss":0.0,"damage_taken":0.0,"relics_obtained":["Golden Idol"]},{"damage_healed":0,"gold_gain":0,"player_choice":"Bought 3 Potions","damage_taken":0,"max_hp_gain":0,"max_hp_loss":0,"event_name":"The Woman in Blue","floor":13,"gold_loss":0},{"damage_healed":0,"gold_gain":0,"player_choice":"Opened","damage_taken":0,"relics_obtained":["War Paint"],"max_hp_gain":0,"max_hp_loss":0,"event_name":"The Mausoleum","floor":20,"gold_loss":0,"cards_obtained":["Writhe"]},{"damage_healed":0,"gold_gain":0,"player_choice":"Simplicity","damage_taken":0,"max_hp_gain":0,"max_hp_loss":0,"event_name":"Back to Basics","floor":22,"gold_loss":0,"cards_upgraded":["Strike_R","Strike_R","Strike_R","Strike_R","Defend_R","Defend_R"]}],"is_beta":true,"boss_relics":[{"not_picked":["Fusion Hammer","Eternal Feather"],"picked":"Snecko Eye"}],"items_purged_floors":[14,21],"is_endless":false,"potions_floor_spawned":[10,16,19,25,29],"killed_by":"Automaton","ascension_level":16}