{"gold_per_floor":[114,114,128,27,43,43,77,97,120,138,157,173,183,199,199,199],"floor_reached":16,"playtime":2625,"items_purged":[],"score":184,"play_id":"460942bd-aee7-44f4-94b4-e674c0dc83b8","local_time":"20181107001227","is_ascension_mode":true,"campfire_choices":[{"data":"Infinite Blades","floor":6,"key":"SMITH"},{"floor":15,"key":"REST"}],"neow_cost":"NONE","seed_source_timestamp":55780044043922,"circlet_count":0,"master_deck":["AscendersBane","Defend_G","Defend_G","Defend_G","Defend_G","Defend_G","Strike_G","Strike_G","Strike_G","Strike_G","Strike_G","Survivor","Neutralize","Slice","Cloak And Dagger","Infinite Blades+1","Blade Dance","Sucker Punch","Skewer","Leg Sweep","Footwork","Dash","Well Laid Plans","Dagger Throw","All Out Attack"],"relics":["Ring of the Snake","NeowsBlessing","Bag of Marbles","Ancient Tea Set"],"potions_floor_usage":[7,7,14,16],"damage_taken":[{"damage":0,"enemies":"Small Slimes","floor":1,"turns":1},{"damage":0,"enemies":"Cultist","floor":3,"turns":1},{"damage":0,"enemies":"Jaw Worm","floor":5,"turns":1},{"damage":27,"enemies":"Lagavulin","floor":7,"turns":8},{"damage":6,"enemies":"Large Slime","floor":8,"turns":6},{"damage":0,"enemies":"2 Fungi Beasts","floor":10,"turns":2},{"damage":6,"enemies":"Exordium Wildlife","floor":11,"turns":4},{"damage":0,"enemies":"Gremlin Gang","floor":12,"turns":7},{"damage":11,"enemies":"Lots of Slimes","floor":13,"turns":6},{"damage":0,"enemies":"Exordium Thugs","floor":14,"turns":4},{"damage":28,"enemies":"Slime Boss","floor":16,"turns":9}],"seed_played":"-5899497664936393336","potions_obtained":[{"floor":1,"key":"SpeedPotion"},{"floor":2,"key":"Weak Potion"},{"floor":3,"key":"EssenceOfSteel"},{"floor":11,"key":"Fire Potion"},{"floor":12,"key":"SpeedPotion"}],"is_trial":false,"path_per_floor":["M","?","M","$","M","R","E","M","T","M","M","M","M","M","R","B"],"character_chosen":"THE_SILENT","items_purchased":["Infinite Blades","Blade Dance"],"campfire_rested":1,"item_purchase_floors":[4,4],"current_hp_per_floor":[59,59,59,59,59,59,32,26,26,26,20,20,9,9,28,0],"gold":199,"neow_bonus":"THREE_ENEMY_KILL","is_prod":false,"is_daily":false,"chose_seed":false,"campfire_upgraded":1,"win_rate":0,"timestamp":1541545947,"path_taken":["M","?","?","$","?","R","E","M","T","M","M","M","M","M","R","BOSS"],"build_version":"2018-11-05","purchased_purges":0,"victory":false,"max_hp_per_floor":[66,66,66,66,66,66,66,66,66,66,66,66,66,66,66,66],"card_choices":[{"not_picked":["Well Laid Plans","Cloak And Dagger"],"picked":"Slice","floor":1},{"not_picked":["Slice","Prepared"],"picked":"Cloak And Dagger","floor":3},{"not_picked":["Underhanded Strike","Deflect"],"picked":"Sucker Punch","floor":5},{"not_picked":["Dagger Spray","Well Laid Plans"],"picked":"Skewer","floor":7},{"not_picked":["Sucker Punch","Calculated Gamble"],"picked":"Leg Sweep","floor":8},{"not_picked":["Dagger Spray","Endless Agony"],"picked":"Footwork","floor":10},{"not_picked":["Flying Knee","Wraith Form v2"],"picked":"Dash","floor":11},{"not_picked":["Cloak And Dagger","Deadly Poison"],"picked":"Well Laid Plans","floor":12},{"not_picked":["Prepared","Bane"],"picked":"Dagger Throw","floor":13},{"not_picked":["Dagger Throw","Underhanded Strike"],"picked":"All Out Attack","floor":14}],"player_experience":761959,"relics_obtained":[{"floor":7,"key":"Bag of Marbles"},{"floor":9,"key":"Ancient Tea Set"}],"event_choices":[{"damage_healed":0,"gold_gain":0,"player_choice":"Got Potions","damage_taken":0,"max_hp_gain":0,"max_hp_loss":0,"event_name":"Lab","floor":2,"gold_loss":0}],"is_beta":true,"boss_relics":[],"items_purged_floors":[],"is_endless":false,"potions_floor_spawned":[1,3,11,12],"killed_by":"Slime Boss","ascension_level":14}