{"gold_per_floor":[110,120,53,64,81,81,81,81,108,108,108,134,108,118,118,217,217,228,211,231,231],"floor_reached":21,"playtime":924,"items_purged":[],"score":181,"play_id":"28cf4afe-296a-40de-8d58-fd1d1cd5d9cd","local_time":"20190412223750","is_ascension_mode":false,"campfire_choices":[{"data":"Havoc","floor":6,"key":"SMITH"},{"floor":8,"key":"REST"},{"floor":10,"key":"RECALL"},{"floor":15,"key":"REST"}],"neow_cost":"NONE","seed_source_timestamp":5879582107826,"circlet_count":0,"master_deck":["Strike_R","Strike_R","Strike_R","Strike_R","Strike_R","Defend_R","Defend_R","Defend_R","Defend_R","Bash","Havoc+1","Perfected Strike","Hemokinesis","Feel No Pain+1","Flex","Perfected Strike","Corruption","Warcry","Pummel","Reaper","Anger","Dual Wield"],"relics":["Burning Blood","Orichalcum","Eternal Feather"],"potions_floor_usage":[16],"damage_taken":[{"damage":7,"enemies":"Cultist","floor":1,"turns":5},{"damage":11,"enemies":"2 Louse","floor":2,"turns":3},{"damage":7,"enemies":"Jaw Worm","floor":4,"turns":4},{"damage":40,"enemies":"Gremlin Gang","floor":5,"turns":5},{"damage":21,"enemies":"3 Sentries","floor":12,"turns":8},{"damage":11,"enemies":"2 Fungi Beasts","floor":14,"turns":3},{"damage":39,"enemies":"Slime Boss","floor":16,"turns":11},{"damage":22,"enemies":"Shell Parasite","floor":18,"turns":7},{"damage":31,"enemies":"2 Thieves","floor":19,"turns":4},{"damage":32,"enemies":"Cultist and Chosen","floor":20,"turns":8},{"damage":26,"enemies":"Snake Plant","floor":21,"turns":3}],"seed_played":"7933441814791032628","potions_obtained":[{"floor":1,"key":"Fire Potion"},{"floor":4,"key":"Dexterity Potion"},{"floor":16,"key":"Strength Potion"},{"floor":19,"key":"GamblersBrew"}],"is_trial":false,"path_per_floor":["M","M","$","M","M","R","?","R","T","R","?","E","$","M","R","B",null,"M","M","M","M"],"character_chosen":"IRONCLAD","items_purchased":["Feel No Pain","Warcry"],"campfire_rested":2,"item_purchase_floors":[3,13],"current_hp_per_floor":[79,74,74,73,39,39,39,63,63,63,63,48,48,43,67,34,80,64,40,21,0],"gold":231,"neow_bonus":"THREE_CARDS","is_prod":false,"is_daily":false,"chose_seed":false,"campfire_upgraded":1,"win_rate":0,"timestamp":1555079870,"path_taken":["M","M","$","?","M","R","?","R","T","R","?","E","?","?","R","BOSS","M","M","?","M"],"build_version":"2019-01-23","purchased_purges":0,"victory":false,"max_hp_per_floor":[80,80,80,80,80,80,80,80,80,80,80,80,80,80,80,80,80,80,80,80,80],"card_choices":[{"not_picked":["Ghostly Armor","Rupture"],"picked":"Havoc","floor":0},{"not_picked":["Rupture","Hemokinesis"],"picked":"Perfected Strike","floor":1},{"not_picked":["Iron Wave","Body Slam"],"picked":"Hemokinesis","floor":2},{"not_picked":["Wild Strike","Uppercut"],"picked":"Flex","floor":4},{"not_picked":["Warcry","Shrug It Off"],"picked":"Perfected Strike","floor":5},{"not_picked":["Metallicize","Berserk"],"picked":"Corruption","floor":12},{"not_picked":["Twin Strike","Blood for Blood"],"picked":"Pummel","floor":14},{"not_picked":["Immolate","Berserk"],"picked":"Reaper","floor":16},{"not_picked":["Sword Boomerang","Evolve+1"],"picked":"Anger","floor":18},{"not_picked":["Iron Wave","Clothesline","Perfected Strike"],"picked":"SKIP","floor":19},{"not_picked":["Sword Boomerang","Corruption"],"picked":"Dual Wield","floor":20}],"player_experience":192211,"relics_obtained":[{"floor":12,"key":"Orichalcum"}],"event_choices":[{"damage_healed":0,"gold_gain":0,"player_choice":"Grow","damage_taken":0,"max_hp_gain":0,"max_hp_loss":0,"event_name":"Living Wall","floor":7,"gold_loss":0,"cards_upgraded":["Feel No Pain"]},{"damage_healed":0,"gold_gain":0,"player_choice":"Ignored","damage_taken":0,"max_hp_gain":0,"max_hp_loss":0,"event_name":"Liars Game","floor":11,"gold_loss":0}],"is_beta":false,"boss_relics":[{"not_picked":["Empty Cage","Pandora\u0027s Box"],"picked":"Eternal Feather"}],"items_purged_floors":[],"is_endless":false,"potions_floor_spawned":[1,4,16,19],"killed_by":"Snake Plant","ascension_level":0}