{"gold_per_floor":[115,127,127,146,32,32,42,68,68,68,42,192,192,192,192,192],"floor_reached":16,"playtime":606,"items_purged":[],"score":196,"play_id":"c80cb0de-5c2f-4785-85d4-7a1b3eb8076d","local_time":"20190424121457","is_ascension_mode":true,"campfire_choices":[{"data":"Body Slam","floor":6.0,"key":"SMITH"},{"data":"Armaments","floor":10.0,"key":"SMITH"},{"floor":15.0,"key":"REST"}],"neow_cost":"NONE","seed_source_timestamp":0,"circlet_count":0,"master_deck":["AscendersBane","Strike_R+1","Strike_R","Strike_R","Strike_R","Defend_R","Defend_R","Defend_R","Defend_R","Bash","Ghostly Armor","Power Through+1","Body Slam+1","True Grit","Shrug It Off","Shrug It Off","Armaments+1","Iron Wave","Doubt"],"special_seed":0,"relics":["Burning Blood","Bag of Preparation","Strawberry"],"potions_floor_usage":[16],"damage_taken":[{"damage":15.0,"enemies":"2 Louse","floor":1.0,"turns":3.0},{"damage":4.0,"enemies":"Jaw Worm","floor":2.0,"turns":4.0},{"damage":0.0,"enemies":"Cultist","floor":4.0,"turns":4.0},{"damage":10.0,"enemies":"Gremlin Gang","floor":7.0,"turns":7.0},{"damage":32.0,"enemies":"3 Sentries","floor":8.0,"turns":20.0},{"damage":41,"enemies":"Slime Boss","floor":16,"turns":8}],"seed_played":"-467977291961012523","potions_obtained":[{"floor":0.0,"key":"SneckoOil"},{"floor":0.0,"key":"Swift Potion"},{"floor":0.0,"key":"Swift Potion"},{"floor":2.0,"key":"SkillPotion"},{"floor":7.0,"key":"Block Potion"}],"is_trial":false,"path_per_floor":["M","M","?","M","$","R","M","E","T","R","$","?","$","?","R","B"],"character_chosen":"IRONCLAD","items_purchased":["True Grit","Shrug It Off","Iron Wave"],"campfire_rested":1,"item_purchase_floors":[5,5,11],"current_hp_per_floor":[59,61,38,44,44,44,40,14,21,21,21,21,21,14,38,0],"gold":192,"neow_bonus":"THREE_SMALL_POTIONS","is_prod":false,"is_daily":false,"chose_seed":false,"campfire_upgraded":2,"win_rate":0,"timestamp":1556100897,"path_taken":["M","M","?","M","$","R","M","E","T","R","$","?","$","?","R","BOSS"],"build_version":"2019-01-23","purchased_purges":0,"victory":false,"max_hp_per_floor":[75,75,75,75,75,75,75,75,82,82,82,82,82,82,82,82],"card_choices":[{"not_picked":["Rupture","Searing Blow"],"picked":"Ghostly Armor","floor":1.0},{"not_picked":["Flex","Warcry"],"picked":"Power Through","floor":2.0},{"not_picked":["Sentinel","Headbutt"],"picked":"Body Slam","floor":4.0},{"not_picked":["Pommel Strike","Clothesline"],"picked":"Shrug It Off","floor":7.0},{"not_picked":["Seeing Red","Warcry"],"picked":"Armaments","floor":8.0}],"player_experience":1619405,"relics_obtained":[{"floor":8.0,"key":"Bag of Preparation"},{"floor":9.0,"key":"Strawberry"}],"event_choices":[{"damage_healed":0.0,"max_hp_gain":0.0,"max_hp_loss":0.0,"gold_gain":0.0,"event_name":"Shining Light","player_choice":"Entered Light","floor":3.0,"gold_loss":0.0,"damage_taken":23.0,"cards_upgraded":["Power Through","Strike_R"]},{"damage_healed":0.0,"max_hp_gain":0.0,"max_hp_loss":0.0,"gold_gain":150.0,"event_name":"Liars Game","player_choice":"AGREE","floor":12.0,"gold_loss":0.0,"damage_taken":0.0,"cards_obtained":["Doubt"]},{"cards_removed":["Strike_R"],"damage_healed":0.0,"max_hp_gain":0.0,"max_hp_loss":0.0,"gold_gain":0.0,"event_name":"Golden Wing","player_choice":"Card Removal","floor":14.0,"gold_loss":0.0,"damage_taken":7.0}],"is_beta":false,"boss_relics":[],"items_purged_floors":[],"is_endless":false,"potions_floor_spawned":[2,7],"killed_by":"Slime Boss","ascension_level":20}