{"gold_per_floor":[111,125,137,157,173,199,199,234,234,234,234,248,276,296,296,394,394,405,417,99,99,119,119,147,147,192,225,145,157,172,190,190,295,295,306,306,316,332,200,200,200],"floor_reached":41,"playtime":5299,"items_purged":["Strike_G","Strike_G","Strike_G"],"score":528,"play_id":"392905aa-d5fc-42db-99a4-c922cdffddeb","local_time":"20190923010253","is_ascension_mode":true,"campfire_choices":[{"data":"Neutralize","floor":7,"key":"SMITH"},{"data":"Terror","floor":11,"key":"SMITH"},{"floor":15,"key":"DIG"},{"floor":23,"key":"DIG"},{"floor":25,"key":"DIG"},{"floor":32,"key":"DIG"},{"floor":40,"key":"DIG"}],"neow_cost":"NONE","seed_source_timestamp":958865987190000,"circlet_count":0,"master_deck":["Strike_G","Defend_G","Defend_G+1","Defend_G+1","Defend_G","Defend_G","Survivor","Neutralize+1","Dagger Throw","Backstab","Flying Knee","Terror+1","Crippling Poison","Endless Agony","Venomology","All Out Attack","Finisher","Dodge and Roll","Flying Knee","Unload","Injury","Doubt","Doubt","Dagger Throw","A Thousand Cuts+1","Well Laid Plans","Prepared+1","Backflip","A Thousand Cuts","Cloak And Dagger+1","Acrobatics","Adrenaline","Dodge and Roll","Backflip+1","Footwork"],"relics":["Ring of the Snake","Regal Pillow","The Specimen","Letter Opener","Shovel","Mercury Hourglass","Calling Bell","Anchor","The Courier","Mango","Kunai","Nilry\u0027s Codex","Bird Faced Urn","Bottled Tornado","Centennial Puzzle","Nunchaku","War Paint","Black Star","Dodecahedron"],"potions_floor_usage":[5,12,16,16,16,19,22,24,24,27,27,29,30,31,33,33,35,41],"damage_taken":[{"damage":8,"enemies":"Jaw Worm","floor":1,"turns":5},{"damage":0,"enemies":"Cultist","floor":2,"turns":3},{"damage":0,"enemies":"2 Louse","floor":3,"turns":2},{"damage":2,"enemies":"Exordium Wildlife","floor":4,"turns":4},{"damage":6,"enemies":"Red Slaver","floor":5,"turns":3},{"damage":21,"enemies":"3 Sentries","floor":6,"turns":10},{"damage":7,"enemies":"Gremlin Nob","floor":8,"turns":3},{"damage":0,"enemies":"Blue Slaver","floor":12,"turns":2},{"damage":5,"enemies":"3 Sentries","floor":13,"turns":6},{"damage":0,"enemies":"Large Slime","floor":14,"turns":3},{"damage":16,"enemies":"The Guardian","floor":16,"turns":13},{"damage":0,"enemies":"Chosen","floor":18,"turns":3},{"damage":0,"enemies":"3 Byrds","floor":19,"turns":3},{"damage":18,"enemies":"Shelled Parasite and Fungi","floor":22,"turns":8},{"damage":14,"enemies":"Slavers","floor":24,"turns":5},{"damage":5,"enemies":"Gremlin Leader","floor":27,"turns":6},{"damage":7,"enemies":"Centurion and Healer","floor":29,"turns":5},{"damage":17,"enemies":"Snecko","floor":30,"turns":6},{"damage":12,"enemies":"Cultist and Chosen","floor":31,"turns":6},{"damage":10,"enemies":"Champ","floor":33,"turns":16},{"damage":5,"enemies":"Orb Walker","floor":35,"turns":4},{"damage":6,"enemies":"3 Shapes","floor":37,"turns":3},{"damage":26,"enemies":"Sphere and 2 Shapes","floor":38,"turns":6},{"damage":76,"enemies":"Giant Head","floor":41,"turns":10}],"seed_played":"3661631217302314454","potions_obtained":[{"floor":1,"key":"SkillPotion"},{"floor":3,"key":"Poison Potion"},{"floor":12,"key":"GhostInAJar"},{"floor":13,"key":"Fire Potion"},{"floor":16,"key":"Block Potion"},{"floor":18,"key":"Poison Potion"},{"floor":22,"key":"GamblersBrew"},{"floor":24,"key":"Block Potion"},{"floor":27,"key":"Strength Potion"},{"floor":30,"key":"Strength Potion"},{"floor":33,"key":"Block Potion"},{"floor":35,"key":"LiquidBronze"}],"is_trial":false,"path_per_floor":["M","M","M","M","M","E","R","E","T","?","R","M","E","M","R","B",null,"M","M","$","?","M","R","E","R","T","E","$","M","M","M","R","B",null,"M","?","M","M","$","R","E"],"character_chosen":"THE_SILENT","items_purchased":["Well Laid Plans","Kunai","Footwork"],"campfire_rested":0,"item_purchase_floors":[20,20,39],"current_hp_per_floor":[62,62,62,60,54,33,33,26,26,26,26,26,21,21,21,5,84,84,84,84,68,50,50,38,38,38,39,39,38,25,17,17,17,84,79,79,75,53,53,53,0],"gold":200,"neow_bonus":"THREE_CARDS","is_prod":false,"is_daily":false,"chose_seed":false,"campfire_upgraded":2,"win_rate":0,"timestamp":1569211373,"path_taken":["M","M","M","M","M","E","R","E","T","?","R","?","E","M","R","BOSS","M","M","$","?","M","R","E","R","T","E","$","M","M","M","R","BOSS","M","?","M","?","$","R","E"],"build_version":"2019-07-17","purchased_purges":3,"victory":false,"max_hp_per_floor":[70,70,70,70,70,70,70,70,70,70,70,70,70,70,70,70,84,84,84,84,84,84,84,84,84,84,84,84,84,84,84,84,84,84,84,84,84,84,84,84,84],"card_choices":[{"not_picked":["Accuracy","Expertise"],"picked":"Dagger Throw","floor":0},{"not_picked":["Terror","Dodge and Roll"],"picked":"Backstab","floor":1},{"not_picked":["Dagger Throw","Prepared"],"picked":"Flying Knee","floor":2},{"not_picked":["Bane","Blade Dance"],"picked":"Terror","floor":3},{"not_picked":["Dodge and Roll","Cloak And Dagger"],"picked":"Crippling Poison","floor":4},{"not_picked":["Riddle With Holes","Deflect"],"picked":"Endless Agony","floor":5},{"not_picked":["Blur","Eviscerate"],"picked":"Venomology","floor":6},{"not_picked":["Underhanded Strike","Bouncing Flask"],"picked":"All Out Attack","floor":8},{"not_picked":["Blur","Blade Dance"],"picked":"Finisher","floor":12},{"not_picked":["Cloak And Dagger","Slice"],"picked":"Dodge and Roll","floor":13},{"not_picked":["Eviscerate","Backstab"],"picked":"Flying Knee","floor":14},{"not_picked":["Night Terror","Venomology"],"picked":"Unload","floor":16},{"not_picked":["Catalyst","Flying Knee"],"picked":"Dagger Throw","floor":18},{"not_picked":["Dagger Throw+1","Well Laid Plans"],"picked":"A Thousand Cuts","floor":19},{"not_picked":["Slice","Sucker Punch"],"picked":"Prepared+1","floor":22},{"not_picked":["Wraith Form v2","Deflect"],"picked":"Backflip","floor":24},{"not_picked":["Bane","Accuracy","Deflect"],"picked":"SKIP","floor":27},{"not_picked":["Catalyst","Dagger Spray"],"picked":"A Thousand Cuts","floor":29},{"not_picked":["Predator","Well Laid Plans"],"picked":"Cloak And Dagger+1","floor":30},{"not_picked":["Poisoned Stab","Bane"],"picked":"Acrobatics","floor":31},{"not_picked":["Phantasmal Killer","Die Die Die"],"picked":"Adrenaline","floor":33},{"not_picked":["Blade Dance","PiercingWail+1","Flying Knee"],"picked":"SKIP","floor":35},{"not_picked":["Sucker Punch","Well Laid Plans+1"],"picked":"Dodge and Roll","floor":37},{"not_picked":["Choke+1","Dash+1"],"picked":"Backflip+1","floor":38}],"player_experience":95993,"relics_obtained":[{"floor":6,"key":"Regal Pillow"},{"floor":8,"key":"The Specimen"},{"floor":9,"key":"Letter Opener"},{"floor":13,"key":"Shovel"},{"floor":15,"key":"Mercury Hourglass"},{"floor":17,"key":"Anchor"},{"floor":17,"key":"The Courier"},{"floor":17,"key":"Mango"},{"floor":21,"key":"Nilry\u0027s Codex"},{"floor":23,"key":"Bird Faced Urn"},{"floor":24,"key":"Bottled Tornado"},{"floor":25,"key":"Centennial Puzzle"},{"floor":27,"key":"Nunchaku"},{"floor":32,"key":"War Paint"},{"floor":40,"key":"Dodecahedron"}],"event_choices":[{"cards_removed":["Strike_G"],"damage_healed":0,"gold_gain":0,"player_choice":"Purged","damage_taken":0,"max_hp_gain":0,"max_hp_loss":0,"event_name":"Purifier","floor":10,"gold_loss":0},{"damage_healed":0,"gold_gain":0,"player_choice":"Obtained Book","damage_taken":16,"max_hp_gain":0,"max_hp_loss":0,"event_name":"Cursed Tome","floor":21,"gold_loss":0},{"damage_healed":0,"gold_gain":0,"player_choice":"Upgraded","damage_taken":0,"max_hp_gain":0,"max_hp_loss":0,"event_name":"Upgrade Shrine","floor":36,"gold_loss":0,"cards_upgraded":["A Thousand Cuts"]}],"is_beta":false,"boss_relics":[{"not_picked":["Empty Cage","Runic Pyramid"],"picked":"Calling Bell"},{"not_picked":["White Beast Statue","Eternal Feather"],"picked":"Black Star"}],"items_purged_floors":[20,28,39],"is_endless":false,"potions_floor_spawned":[1,3,12,13,14,16,18,22,24,27,30,33,35],"killed_by":"Giant Head","ascension_level":2}