{"gold_per_floor":[110,35,45,56,73,73,107,30,55,83,83,100,100,114,114,215,215,232,245,245,257,172,172,199,54,80,95,95,95,95,106,106,106],"floor_reached":33,"playtime":1297,"items_purged":["Pain"],"score":416,"play_id":"d1825ee1-48ad-41f6-a711-eb35c24b921f","local_time":"20180917235517","is_ascension_mode":true,"campfire_choices":[{"data":"Noxious Fumes","floor":6,"key":"SMITH"},{"floor":13,"key":"REST"},{"data":"Unload","floor":15,"key":"SMITH"},{"floor":23,"key":"REST"},{"floor":28,"key":"REST"},{"data":"Adrenaline","floor":30,"key":"SMITH"},{"floor":32,"key":"REST"}],"neow_cost":"CURSE","seed_source_timestamp":10768539560896,"circlet_count":0,"master_deck":["Defend_G+1","Defend_G","Defend_G","Defend_G+1","Defend_G","Strike_G","Strike_G","Strike_G","Strike_G","Strike_G","Survivor","Neutralize","AscendersBane","Unload+1","Noxious Fumes+1","Deadly Poison","Footwork","Leg Sweep","Backstab","Noxious Fumes+1","Sucker Punch","Adrenaline+1","Noxious Fumes","Backflip+1","Leg Sweep","Malaise","Blade Dance+1","Cloak And Dagger","Infinite Blades+1","Heel Hook"],"relics":["Ring of the Snake","Centennial Puzzle","PreservedInsect","WristBlade","Nloth\u0027s Gift","Dream Catcher","Question Card","Bag of Marbles","Oddly Smooth Stone","Enchiridion"],"potions_floor_usage":[7,7,14,33,33,33],"damage_taken":[{"damage":4,"enemies":"Cultist","floor":1,"turns":4},{"damage":0,"enemies":"Small Slimes","floor":3,"turns":3},{"damage":0,"enemies":"2 Louse","floor":4,"turns":3},{"damage":5,"enemies":"Looter","floor":5,"turns":5},{"damage":16,"enemies":"Gremlin Nob","floor":7,"turns":3},{"damage":12,"enemies":"3 Sentries","floor":10,"turns":8},{"damage":12,"enemies":"Large Slime","floor":12,"turns":5},{"damage":10,"enemies":"Gremlin Gang","floor":14,"turns":5},{"damage":16,"enemies":"Slime Boss","floor":16,"turns":9},{"damage":21,"enemies":"2 Thieves","floor":18,"turns":4},{"damage":8,"enemies":"Chosen","floor":19,"turns":4},{"damage":1,"enemies":"Centurion and Healer","floor":21,"turns":5},{"damage":18,"enemies":"Gremlin Leader","floor":24,"turns":6},{"damage":10,"enemies":"Sentry and Sphere","floor":27,"turns":6},{"damage":7,"enemies":"Snake Plant","floor":31,"turns":4},{"damage":58,"enemies":"Champ","floor":33,"turns":12}],"seed_played":"-6971768760310778693","potions_obtained":[{"floor":1,"key":"FearPotion"},{"floor":3,"key":"Poison Potion"},{"floor":4,"key":"Ancient Potion"},{"floor":12,"key":"PowerPotion"},{"floor":16,"key":"Regen Potion"},{"floor":21,"key":"SneckoOil"}],"is_trial":false,"path_per_floor":["M","$","M","M","M","R","E","$","T","E","?","M","R","M","R","B",null,"M","M","?","M","?","R","E","$","T","M","R","?","R","M","R"],"character_chosen":"THE_SILENT","items_purchased":["Backstab","Bag of Marbles"],"campfire_rested":4,"item_purchase_floors":[8,25],"current_hp_per_floor":[59,59,59,59,54,54,38,38,38,26,26,14,35,25,25,9,55,34,26,26,25,25,46,28,28,28,18,39,23,23,16,37,0],"gold":106,"neow_bonus":"THREE_RARE_CARDS","is_prod":false,"is_daily":false,"chose_seed":false,"campfire_upgraded":3,"win_rate":0,"timestamp":1537221317,"path_taken":["M","$","M","M","?","R","E","$","T","E","?","M","R","M","R","BOSS","M","M","?","M","?","R","E","?","T","M","R","?","R","?","R","BOSS"],"build_version":"2018-09-12","purchased_purges":1,"victory":false,"max_hp_per_floor":[70,70,70,70,70,70,70,70,70,70,70,70,70,70,70,70,70,70,70,70,70,70,70,70,70,70,70,70,70,70,70,70,70],"card_choices":[{"not_picked":["A Thousand Cuts","Phantasmal Killer"],"picked":"Unload","floor":0},{"not_picked":["Poisoned Stab","Choke"],"picked":"Noxious Fumes","floor":1},{"not_picked":["Prepared","Footwork"],"picked":"Deadly Poison","floor":3},{"not_picked":["Calculated Gamble","Outmaneuver"],"picked":"Footwork","floor":4},{"not_picked":["Dodge and Roll","Dagger Throw","Quick Slash"],"picked":"SKIP","floor":5},{"not_picked":["Flechettes","Flying Knee"],"picked":"Leg Sweep","floor":7},{"not_picked":["Deadly Poison","Slice"],"picked":"Noxious Fumes","floor":10},{"not_picked":["Concentrate","Night Terror"],"picked":"Sucker Punch","floor":12},{"not_picked":["Poisoned Stab","Underhanded Strike","Prepared"],"picked":"SKIP","floor":14},{"not_picked":["Unload","Tools of the Trade"],"picked":"Adrenaline","floor":16},{"not_picked":["Underhanded Strike+1","Prepared+1"],"picked":"Noxious Fumes","floor":18},{"not_picked":["Deadly Poison","Predator+1"],"picked":"Backflip+1","floor":19},{"not_picked":["Flechettes","Deflect+1"],"picked":"Leg Sweep","floor":21},{"not_picked":["Dagger Spray","Deadly Poison"],"picked":"Malaise","floor":23},{"not_picked":["Caltrops","Acrobatics+1","Sucker Punch"],"picked":"SKIP","floor":24},{"not_picked":["Poisoned Stab","Predator","Choke+1"],"picked":"Blade Dance+1","floor":27},{"not_picked":["Bouncing Flask+1","Eviscerate","Prepared"],"picked":"Cloak And Dagger","floor":28},{"not_picked":["Flying Knee","Blade Dance","Slice+1"],"picked":"Infinite Blades+1","floor":31},{"not_picked":["Dodge and Roll+1","Cloak And Dagger","Deflect"],"picked":"Heel Hook","floor":32}],"player_experience":455737,"relics_obtained":[{"floor":7,"key":"Centennial Puzzle"},{"floor":9,"key":"War Paint"},{"floor":10,"key":"PreservedInsect"},{"floor":24,"key":"Question Card"},{"floor":26,"key":"Oddly Smooth Stone"},{"floor":29,"key":"Enchiridion"}],"event_choices":[{"event_name":"Living Wall","player_choice":"Grow","floor":11,"damage_taken":0},{"event_name":"N\u0027loth","player_choice":"Traded a War Paint","floor":20,"damage_taken":0},{"event_name":"Addict","player_choice":"Obtained Relic","floor":22,"damage_taken":0},{"event_name":"Cursed Tome","player_choice":"Obtained Book","floor":29,"damage_taken":0}],"is_beta":true,"boss_relics":[{"not_picked":["Runic Pyramid","Philosopher\u0027s Stone"],"picked":"WristBlade"}],"items_purged_floors":[2],"is_endless":false,"potions_floor_spawned":[1,3,4,12,16,21,24],"killed_by":"Champ","ascension_level":10}