{"path_per_floor":["M","M","M","M","$","R","E","M","T","R","M","M","R","?","R"],"character_chosen":"THE_SILENT","items_purchased":["Swift Strike"],"gold_per_floor":[110,122,132,146,55,55,86,102,102,102,116,126,126,126,126,126],"floor_reached":16,"campfire_rested":0,"playtime":1523,"current_hp_per_floor":[69,68,68,68,68,68,52,52,52,52,52,52,52,57,57,0],"items_purged":[],"gold":126,"score":114,"play_id":"591107a3-12ad-4a69-91b4-04e1ea9996e8","local_time":"20180515155815","is_prod":false,"is_daily":false,"chose_seed":false,"is_ascension_mode":true,"campfire_upgraded":4,"timestamp":1526392695,"path_taken":["M","M","M","M","$","R","E","M","T","R","M","M","R","?","R","BOSS"],"build_version":"2018-05-10","seed_source_timestamp":23419798935318,"purchased_purges":0,"victory":false,"master_deck":["Defend_G","Defend_G+1","Defend_G+1","Defend_G","Defend_G","Strike_G","Strike_G","Strike_G","Strike_G","Strike_G","Survivor","Neutralize","Distraction+1","Deflect","Poisoned Stab","Deadly Poison+1","Swift Strike","Backstab","Blade Dance+1","Cloak And Dagger","Bouncing Flask+1"],"max_hp_per_floor":[70,70,70,70,70,70,70,70,70,70,70,70,70,75,75,75],"relics":["Ring of the Snake","War Paint","Paper Crane","Meat on the Bone"],"card_choices":[{"not_picked":["Dagger Throw","PiercingWail"],"picked":"Distraction","floor":1},{"not_picked":["Setup","Choke"],"picked":"Deflect","floor":2},{"not_picked":["Underhanded Strike","Sucker Punch"],"picked":"Poisoned Stab","floor":3},{"not_picked":["Outmaneuver","Poisoned Stab"],"picked":"Deadly Poison","floor":4},{"not_picked":["Acrobatics","Doppelganger"],"picked":"Backstab","floor":7},{"not_picked":["Poisoned Stab","Backflip"],"picked":"Blade Dance","floor":8},{"not_picked":["Sucker Punch","Heel Hook"],"picked":"Cloak And Dagger","floor":11},{"not_picked":["Predator","Concentrate"],"picked":"Bouncing Flask","floor":12}],"player_experience":87908,"potions_floor_usage":[7,7,16],"damage_taken":[{"damage":1,"enemies":"Small Slimes","floor":1,"turns":5},{"damage":1,"enemies":"Jaw Worm","floor":2,"turns":3},{"damage":0,"enemies":"2 Louse","floor":3,"turns":3},{"damage":0,"enemies":"Red Slaver","floor":4,"turns":6},{"damage":16,"enemies":"Gremlin Nob","floor":7,"turns":5},{"damage":0,"enemies":"Exordium Wildlife","floor":8,"turns":2},{"damage":0,"enemies":"Exordium Thugs","floor":11,"turns":4},{"damage":0,"enemies":"Looter","floor":12,"turns":2},{"damage":57,"enemies":"Slime Boss","floor":16,"turns":11}],"event_choices":[{"event_name":"Big Fish","player_choice":"Donut","floor":14,"damage_taken":0}],"boss_relics":[],"potions_floor_spawned":[1,4,12],"seed_played":"5480912119019777104","killed_by":"Slime Boss","ascension_level":2,"is_trial":false}