{"gold_per_floor":[139,139,150,160,20,54,54,54,81,107,107,122,122,139,139,217,217,227,204,55,69,69,69,69,69,69,69],"floor_reached":27,"playtime":1168,"items_purged":["Parasite"],"score":567,"play_id":"4b36332a-dcb7-496d-adf8-56491d6ded01","local_time":"20190506215946","is_ascension_mode":true,"campfire_choices":[{"data":"Catalyst","floor":7,"key":"SMITH"},{"floor":13,"key":"REST"},{"data":"Catalyst","floor":15,"key":"SMITH"},{"data":"Clumsy","floor":23,"key":"PURGE"},{"data":"Decay","floor":25,"key":"PURGE"}],"neow_cost":"NONE","seed_source_timestamp":48152744877559,"circlet_count":0,"master_deck":["AscendersBane","Defend_G","Defend_G","Defend_G","Defend_G","Defend_G","Strike_G","Strike_G","Strike_G","Strike_G","Strike_G","Survivor","Neutralize","Noxious Fumes+1","Catalyst+1","Dodge and Roll","Catalyst+1","Well Laid Plans","Footwork+1","PiercingWail","Bullet Time","Clumsy","Backstab","Poisoned Stab","Crippling Poison","Escape Plan"],"relics":["Ring of the Snake","Tiny Chest","Bag of Marbles","Centennial Puzzle","Darkstone Periapt","Calling Bell","Bag of Preparation","Question Card","Peace Pipe","Bottled Tornado"],"potions_floor_usage":[6,16,16,21,27],"damage_taken":[{"damage":8,"enemies":"Small Slimes","floor":1,"turns":9},{"damage":1,"enemies":"Cultist","floor":3,"turns":4},{"damage":4,"enemies":"2 Louse","floor":4,"turns":4},{"damage":15,"enemies":"Lagavulin","floor":6,"turns":8},{"damage":20,"enemies":"3 Sentries","floor":10,"turns":9},{"damage":5,"enemies":"Blue Slaver","floor":12,"turns":6},{"damage":7,"enemies":"2 Fungi Beasts","floor":14,"turns":4},{"damage":0,"enemies":"The Guardian","floor":16,"turns":8},{"damage":14,"enemies":"Shell Parasite","floor":18,"turns":6},{"damage":17,"enemies":"2 Thieves","floor":19,"turns":4},{"damage":8,"enemies":"Snecko","floor":21,"turns":6},{"damage":52,"enemies":"Chosen and Byrds","floor":27,"turns":6}],"seed_played":"3427298764643345473","potions_obtained":[{"floor":4,"key":"SkillPotion"},{"floor":6,"key":"GamblersBrew"},{"floor":14,"key":"AttackPotion"},{"floor":16,"key":"GamblersBrew"},{"floor":19,"key":"GamblersBrew"}],"is_trial":false,"path_per_floor":["M","?","M","M","$","E","R","$","T","E","?","M","R","M","R","B",null,"M","M","$","M","?","R","?","R","T","M"],"character_chosen":"THE_SILENT","items_purchased":["Catalyst","Fire Potion","Crippling Poison"],"campfire_rested":1,"item_purchase_floors":[5,5,20],"current_hp_per_floor":[51,51,50,46,46,31,31,31,31,11,11,6,25,18,18,18,72,58,41,41,33,33,33,39,39,39,0],"gold":69,"neow_bonus":"RANDOM_COMMON_RELIC","is_prod":false,"is_daily":false,"chose_seed":false,"campfire_upgraded":2,"win_rate":0,"timestamp":1557172786,"path_taken":["M","?","?","M","$","E","R","$","T","E","?","M","R","M","R","BOSS","M","M","$","M","?","R","?","R","T","M"],"build_version":"2019-01-23","purchased_purges":1,"victory":false,"max_hp_per_floor":[66,66,66,66,66,66,66,66,66,66,66,66,66,66,66,66,84,84,84,81,81,81,81,87,87,87,87],"card_choices":[{"not_picked":["PiercingWail","All Out Attack"],"picked":"Noxious Fumes","floor":1},{"not_picked":["PiercingWail","Expertise"],"picked":"Catalyst","floor":3},{"not_picked":["Bane","Deflect"],"picked":"Dodge and Roll","floor":4},{"not_picked":["Reflex","Terror"],"picked":"Well Laid Plans","floor":6},{"not_picked":["Storm of Steel","Finisher"],"picked":"Footwork","floor":10},{"not_picked":["Dagger Throw","Escape Plan"],"picked":"PiercingWail","floor":12},{"not_picked":["Prepared","Slice","Terror"],"picked":"SKIP","floor":14},{"not_picked":["Unload","Storm of Steel"],"picked":"Bullet Time","floor":16},{"not_picked":["Expertise","Noxious Fumes","Deflect"],"picked":"Backstab","floor":18},{"not_picked":["Prepared","Dagger Throw","Terror"],"picked":"Poisoned Stab","floor":19},{"not_picked":["Underhanded Strike","Sucker Punch","Finisher"],"picked":"Escape Plan","floor":21}],"player_experience":1661099,"relics_obtained":[{"floor":6,"key":"Bag of Marbles"},{"floor":9,"key":"Centennial Puzzle"},{"floor":10,"key":"Darkstone Periapt"},{"floor":17,"key":"Bag of Preparation"},{"floor":17,"key":"Question Card"},{"floor":17,"key":"Peace Pipe"},{"floor":26,"key":"Bottled Tornado"}],"event_choices":[{"damage_healed":0,"gold_gain":0,"player_choice":"Upgraded","damage_taken":0,"max_hp_gain":0,"max_hp_loss":0,"event_name":"Upgrade Shrine","floor":2,"gold_loss":0,"cards_upgraded":["Noxious Fumes"]},{"damage_healed":0,"gold_gain":0,"player_choice":"Grow","damage_taken":0,"max_hp_gain":0,"max_hp_loss":0,"event_name":"Living Wall","floor":11,"gold_loss":0,"cards_upgraded":["Footwork"]},{"damage_healed":0,"gold_gain":0,"player_choice":"Ignored","damage_taken":0,"max_hp_gain":0,"max_hp_loss":0,"event_name":"Beggar","floor":22,"gold_loss":0},{"damage_healed":0,"gold_gain":0,"player_choice":"Smashed Altar","damage_taken":0,"max_hp_gain":0,"max_hp_loss":0,"event_name":"Forgotten Altar","floor":24,"gold_loss":0,"cards_obtained":["Decay"]}],"is_beta":false,"boss_relics":[{"not_picked":["WristBlade","Ectoplasm"],"picked":"Calling Bell"}],"items_purged_floors":[20],"is_endless":false,"potions_floor_spawned":[4,6,14,16,19],"killed_by":"Chosen and Byrds","ascension_level":20}