{"path_per_floor":["M","M","?","M","?","R","M","E","T","R","M","M","E","$","R","B",null,"M","?","M","T","M"],"character_chosen":"IRONCLAD","items_purchased":["Apotheosis","Trip"],"gold_per_floor":[117,137,137,153,328,328,345,371,371,371,388,398,423,155,155,252,252,272,272,290,316,328,328],"floor_reached":23,"campfire_rested":0,"playtime":1443,"current_hp_per_floor":[80,80,80,80,80,80,59,54,54,54,53,67,72,72,72,30,80,58,43,19,19,11,0],"items_purged":[],"gold":328,"score":203,"play_id":"e4705658-5cc9-432c-b38f-a659f30e7514","local_time":"20180513161105","is_prod":false,"is_daily":false,"chose_seed":false,"is_ascension_mode":false,"campfire_upgraded":3,"timestamp":1526220665,"path_taken":["M","M","?","M","?","R","M","E","T","R","?","?","E","$","R","BOSS","M","?","M","?","M","E"],"build_version":"2018-05-10","seed_source_timestamp":19708256542284,"purchased_purges":0,"victory":false,"master_deck":["Strike_R","Strike_R","Strike_R","Strike_R","Strike_R","Defend_R","Defend_R","Defend_R","Defend_R","Bash","Whirlwind+1","Wild Strike","Combust","Reaper+1","Doubt","Dropkick","Twin Strike","Fire Breathing","Heavy Blade","Dual Wield","Apotheosis+1","Trip","Barricade","Cleave+1","Shrug It Off","Second Wind"],"max_hp_per_floor":[80,80,80,80,80,80,80,80,80,80,80,80,80,80,80,80,80,80,85,85,85,85,85],"relics":["Burning Blood","Oddly Smooth Stone","Dodecahedron","Darkstone Periapt","Eternal Feather","Dream Catcher"],"card_choices":[{"not_picked":["Hemokinesis","Twin Strike"],"picked":"Whirlwind","floor":0},{"not_picked":["Perfected Strike","Power Through"],"picked":"Wild Strike","floor":1},{"not_picked":["Feel No Pain","Power Through"],"picked":"Combust","floor":2},{"not_picked":["Shrug It Off","Cleave"],"picked":"Reaper","floor":4},{"not_picked":["Sword Boomerang","Iron Wave"],"picked":"Dropkick","floor":7},{"not_picked":["Body Slam","Corruption"],"picked":"Twin Strike","floor":8},{"not_picked":["Armaments","Sword Boomerang"],"picked":"Fire Breathing","floor":11},{"not_picked":["Armaments","Clothesline"],"picked":"Heavy Blade","floor":12},{"not_picked":["Entrench","Shockwave"],"picked":"Dual Wield","floor":13},{"not_picked":["Offering","Brutality"],"picked":"Barricade","floor":16},{"not_picked":["Pommel Strike","Perfected Strike"],"picked":"Cleave","floor":18},{"not_picked":["True Grit","Anger"],"picked":"Shrug It Off","floor":20},{"not_picked":["Wild Strike","Fire Breathing"],"picked":"Second Wind","floor":22}],"player_experience":29202,"potions_floor_usage":[8,8,13,16,22],"damage_taken":[{"damage":0,"enemies":"2 Louse","floor":1,"turns":2},{"damage":1,"enemies":"Cultist","floor":2,"turns":3},{"damage":0,"enemies":"Small Slimes","floor":4,"turns":2},{"damage":32,"enemies":"Blue Slaver","floor":7,"turns":4},{"damage":16,"enemies":"Gremlin Nob","floor":8,"turns":3},{"damage":9,"enemies":"Exordium Thugs","floor":11,"turns":4},{"damage":12,"enemies":"Gremlin Gang","floor":12,"turns":3},{"damage":16,"enemies":"3 Sentries","floor":13,"turns":4},{"damage":55,"enemies":"The Guardian","floor":16,"turns":8},{"damage":28,"enemies":"Spheric Guardian","floor":18,"turns":5},{"damage":40,"enemies":"2 Thieves","floor":20,"turns":5},{"damage":14,"enemies":"Cultist and Chosen","floor":22,"turns":5},{"damage":33,"enemies":"Slavers","floor":23,"turns":1}],"event_choices":[{"event_name":"The Lab","player_choice":"Got Potions","floor":3,"damage_taken":0},{"event_name":"Liars Game","player_choice":"agreed","floor":5,"damage_taken":0},{"event_name":"Forgotten Altar","player_choice":"Shed Blood","floor":19,"damage_taken":0}],"boss_relics":[{"not_picked":["Orrery","Tiny House"],"picked":"Eternal Feather"}],"potions_floor_spawned":[2,4,8,12,20],"seed_played":"-3591499822161897825","killed_by":"Slavers","ascension_level":0,"is_trial":false}