{"gold_per_floor":[118,132,162,174,99,125,125,152,178,196,81,81,81,91,91,170,170,188,59,71,71,96,127,146,173,173,173,190,216,233,264,264,338,338,357,357,357,374,248,248,278,278,302,320,145,165,175,208,208,208],"floor_reached":51,"playtime":19827,"items_purged":["Strike_R","Strike_R","Strike_R"],"score":1521,"play_id":"508263d9-c7fa-459d-a620-25c4fd277547","local_time":"20181116004910","is_ascension_mode":true,"campfire_choices":[{"data":"Whirlwind","floor":7.0,"key":"SMITH"},{"data":"Barricade","floor":12.0,"key":"SMITH"},{"data":"Entrench","floor":15.0,"key":"SMITH"},{"data":"Body Slam","floor":27.0,"key":"SMITH"},{"data":"Impervious","floor":32,"key":"SMITH"},{"data":"True Grit","floor":40,"key":"SMITH"},{"data":"Warcry","floor":42,"key":"SMITH"},{"data":"True Grit","floor":49,"key":"SMITH"}],"neow_cost":"TEN_PERCENT_HP_LOSS","seed_source_timestamp":0,"circlet_count":0,"master_deck":["AscendersBane","Defend_R","Defend_R","Defend_R","Defend_R","Bash","Good Instincts","Anger","Whirlwind+1","Shrug It Off","Barricade+1","Pummel","Warcry","Inflame","Entrench+1","Finesse","Clothesline","Impervious+1","Body Slam+1","Warcry+1","Spot Weakness","Shrug It Off","Juggernaut","True Grit+1","True Grit+1","Parasite"],"special_seed":0,"relics":["Burning Blood","Tiny Chest","Strawberry","Pocketwatch","PreservedInsect","Busted Crown","Lantern","Blood Vial","Sundial","Nunchaku","Pear","Bag of Preparation","Runic Pyramid","Shuriken","Red Skull","Happy Flower","Bag of Marbles"],"potions_floor_usage":[35,38,50,50],"damage_taken":[{"damage":4.0,"enemies":"Small Slimes","floor":1.0,"turns":4.0},{"damage":0.0,"enemies":"2 Louse","floor":2.0,"turns":4.0},{"damage":0.0,"enemies":"Cultist","floor":4.0,"turns":3.0},{"damage":20.0,"enemies":"3 Sentries","floor":6.0,"turns":7.0},{"damage":9.0,"enemies":"Lagavulin","floor":8.0,"turns":7.0},{"damage":14.0,"enemies":"Exordium Thugs","floor":10.0,"turns":6.0},{"damage":10.0,"enemies":"2 Fungi Beasts","floor":14.0,"turns":5.0},{"damage":0.0,"enemies":"Hexaghost","floor":16.0,"turns":13.0},{"damage":0.0,"enemies":"3 Byrds","floor":18.0,"turns":3.0},{"damage":16.0,"enemies":"2 Thieves","floor":20.0,"turns":5.0},{"damage":8.0,"enemies":"Slavers","floor":23.0,"turns":6.0},{"damage":2.0,"enemies":"Chosen and Byrds","floor":24.0,"turns":10.0},{"damage":19.0,"enemies":"Book of Stabbing","floor":25.0,"turns":4.0},{"damage":2,"enemies":"Snecko","floor":28,"turns":4},{"damage":31,"enemies":"Slavers","floor":29,"turns":7},{"damage":0,"enemies":"3 Cultists","floor":30,"turns":3},{"damage":15,"enemies":"Book of Stabbing","floor":31,"turns":3},{"damage":18,"enemies":"Champ","floor":33,"turns":18},{"damage":2,"enemies":"3 Shapes","floor":35,"turns":5},{"damage":0,"enemies":"3 Darklings","floor":38,"turns":6},{"damage":0,"enemies":"Giant Head","floor":41,"turns":7},{"damage":0,"enemies":"Spire Growth","floor":44,"turns":4},{"damage":0,"enemies":"Maw","floor":46,"turns":8},{"damage":14,"enemies":"Writhing Mass","floor":47,"turns":9},{"damage":14,"enemies":"Nemesis","floor":48,"turns":7},{"damage":1,"enemies":"Time Eater","floor":50,"turns":11}],"seed_played":"-5615980599334522677","potions_obtained":[{"floor":1.0,"key":"AttackPotion"},{"floor":4.0,"key":"AttackPotion"},{"floor":14.0,"key":"Dexterity Potion"},{"floor":16.0,"key":"AttackPotion"},{"floor":23.0,"key":"GamblersBrew"},{"floor":28,"key":"AttackPotion"},{"floor":33,"key":"Dexterity Potion"},{"floor":35,"key":"SpeedPotion"},{"floor":41,"key":"GamblersBrew"}],"is_trial":false,"path_per_floor":["M","M","?","M","?","E","R","E","T","M","$","R","?","M","R","B",null,"M","$","M","$","T","E","M","E","T","R","M","E","M","E","R","B",null,"M","T","?","M","$","R","E","R","T","M","$","M","M","E","R","B",null],"character_chosen":"IRONCLAD","items_purchased":["Inflame","Entrench","Body Slam","True Grit","True Grit"],"campfire_rested":0,"item_purchase_floors":[11,11,19,39,45],"current_hp_per_floor":[68,68,50,56,56,49,49,46,46,38,38,38,38,34,34,40,66,72,72,62,62,62,60,66,55,55,55,61,48,56,49,49,39,74,80,80,80,85,85,85,85,85,85,85,85,85,77,71,71,78],"gold":208,"neow_bonus":"RANDOM_COLORLESS_2","is_prod":false,"is_daily":false,"chose_seed":false,"campfire_upgraded":8,"win_rate":0,"timestamp":1542325750,"path_taken":["M","M","?","M","?","E","R","E","T","M","$","R","?","M","R","BOSS","M","$","M","$","?","E","M","E","T","R","M","E","M","E","R","BOSS","M","?","?","M","$","R","E","R","T","?","$","M","M","E","R","BOSS"],"build_version":"2018-11-14","purchased_purges":3,"victory":true,"max_hp_per_floor":[68,68,68,68,68,75,75,75,75,75,75,75,75,75,75,75,75,75,75,75,75,75,75,75,75,75,75,75,85,85,85,85,85,85,85,85,85,85,85,85,85,85,85,85,85,85,85,85,85,85],"card_choices":[{"not_picked":["Disarm","Havoc"],"picked":"Anger","floor":1.0},{"not_picked":["Twin Strike","Combust"],"picked":"Whirlwind","floor":2.0},{"not_picked":["Headbutt","Flex"],"picked":"Shrug It Off","floor":4.0},{"not_picked":["Twin Strike","Heavy Blade"],"picked":"Barricade","floor":6.0},{"not_picked":["True Grit","Armaments"],"picked":"Pummel","floor":8.0},{"not_picked":["Thunderclap","Twin Strike"],"picked":"Warcry","floor":10.0},{"not_picked":["Sever Soul","Warcry"],"picked":"Clothesline","floor":14.0},{"not_picked":["Bludgeon","Double Tap"],"picked":"Impervious","floor":16.0},{"not_picked":["Second Wind"],"picked":"SKIP","floor":18.0},{"not_picked":[],"picked":"Warcry","floor":20.0},{"not_picked":["Clash"],"picked":"SKIP","floor":23.0},{"not_picked":[],"picked":"Spot Weakness","floor":24.0},{"not_picked":["Flex"],"picked":"SKIP","floor":25.0},{"not_picked":[],"picked":"Shrug It Off","floor":28},{"not_picked":["Twin Strike"],"picked":"SKIP","floor":29},{"not_picked":["Hemokinesis"],"picked":"SKIP","floor":30},{"not_picked":["Rampage"],"picked":"SKIP","floor":31},{"not_picked":[],"picked":"Juggernaut","floor":33},{"not_picked":["Second Wind"],"picked":"SKIP","floor":35},{"not_picked":["Thunderclap+1"],"picked":"SKIP","floor":38},{"not_picked":["Clash"],"picked":"SKIP","floor":41},{"not_picked":["Iron Wave+1"],"picked":"SKIP","floor":44},{"not_picked":["Searing Blow+1"],"picked":"SKIP","floor":46},{"not_picked":["Clothesline"],"picked":"SKIP","floor":47},{"not_picked":["Sword Boomerang"],"picked":"SKIP","floor":48}],"player_experience":815117,"relics_obtained":[{"floor":6.0,"key":"Strawberry"},{"floor":8.0,"key":"Pocketwatch"},{"floor":9.0,"key":"PreservedInsect"},{"floor":22.0,"key":"Lantern"},{"floor":23.0,"key":"Blood Vial"},{"floor":25.0,"key":"Sundial"},{"floor":26.0,"key":"Nunchaku"},{"floor":29,"key":"Pear"},{"floor":31,"key":"Bag of Preparation"},{"floor":36,"key":"Shuriken"},{"floor":41,"key":"Red Skull"},{"floor":43,"key":"Happy Flower"},{"floor":48,"key":"Bag of Marbles"}],"event_choices":[{"damage_healed":0.0,"max_hp_gain":0.0,"max_hp_loss":0.0,"gold_gain":0.0,"event_name":"Scrap Ooze","player_choice":"Success","floor":3.0,"gold_loss":0.0,"damage_taken":18.0,"relics_obtained":["Tiny Chest"]},{"cards_removed":["Strike_R"],"damage_healed":0.0,"max_hp_gain":0.0,"max_hp_loss":0.0,"gold_gain":0.0,"event_name":"The Cleric","player_choice":"Card Removal","floor":5.0,"gold_loss":75.0,"damage_taken":0.0},{"damage_healed":0.0,"max_hp_gain":0.0,"max_hp_loss":0.0,"gold_gain":0.0,"cards_transformed":["Purity"],"event_name":"Transmorgrifier","player_choice":"Transformed","floor":13.0,"gold_loss":0.0,"damage_taken":0.0,"cards_obtained":["Finesse"]},{"cards_removed":["Strike_R"],"damage_healed":0,"gold_gain":0,"player_choice":"Purged","damage_taken":0,"max_hp_gain":0,"max_hp_loss":0,"event_name":"Purifier","floor":37,"gold_loss":0}],"is_beta":true,"boss_relics":[{"not_picked":["Runic Dome","White Beast Statue"],"picked":"Busted Crown"},{"not_picked":["Eternal Feather","Fusion Hammer"],"picked":"Runic Pyramid"}],"items_purged_floors":[19,39,45],"is_endless":false,"potions_floor_spawned":[1,4,14,16,23,24,28,33,35,41,44],"ascension_level":16}