{"gold_per_floor":[111,122,122,19,32,60,60,90,90,90,108,108,128,23,23,23],"floor_reached":16,"playtime":733,"items_purged":["Strike_G"],"score":220,"play_id":"ad24b08d-c625-4cda-b9a7-40eb8c7dc626","local_time":"20190202020445","is_ascension_mode":true,"campfire_choices":[{"data":"Poisoned Stab","floor":7,"key":"SMITH"},{"data":"Footwork","floor":10,"key":"SMITH"},{"data":"Neutralize","floor":15,"key":"SMITH"}],"neow_cost":"NONE","seed_source_timestamp":19312937962522,"circlet_count":0,"master_deck":["AscendersBane","Defend_G","Defend_G","Defend_G+1","Defend_G","Defend_G+1","Strike_G","Strike_G","Strike_G","Survivor","Neutralize+1","Endless Agony","Footwork+1","PiercingWail","Poisoned Stab+1","Infinite Blades+1","Distraction","Backflip"],"relics":["Ring of the Snake","War Paint","hubris:ToyBattleship","hubris:MysteriousPyramids","infinitespire:Beetle Shell"],"potions_floor_usage":[6],"damage_taken":[{"damage":3,"enemies":"Cultist","floor":1,"turns":5},{"damage":2,"enemies":"Jaw Worm","floor":2,"turns":5},{"damage":0,"enemies":"2 Louse","floor":5,"turns":4},{"damage":12,"enemies":"Lagavulin","floor":6,"turns":8},{"damage":12,"enemies":"3 Sentries","floor":8,"turns":11},{"damage":0,"enemies":"Blue Slaver","floor":11,"turns":4},{"damage":4,"enemies":"Lots of Slimes","floor":13,"turns":6},{"damage":21,"enemies":"Hexaghost","floor":16,"turns":16}],"seed_played":"-4213896356222809372","potions_obtained":[{"floor":1,"key":"SkillPotion"},{"floor":8,"key":"Dexterity Potion"},{"floor":13,"key":"Dexterity Potion"}],"is_trial":false,"path_per_floor":["M","M","?","$","M","E","R","E","T","R","M","?","M","$","R","B"],"character_chosen":"THE_SILENT","items_purchased":["Footwork","PiercingWail","Backflip"],"campfire_rested":0,"item_purchase_floors":[4,4,14],"current_hp_per_floor":[56,54,47,47,47,35,35,23,23,23,23,23,19,19,19,0],"gold":23,"neow_bonus":"RANDOM_COMMON_RELIC","is_prod":false,"is_daily":false,"chose_seed":false,"campfire_upgraded":3,"win_rate":0,"timestamp":1549069485,"path_taken":["M","?","?","$","M","E","R","E","T","R","M","?","?","$","R","BOSS"],"build_version":"2019-01-23","purchased_purges":1,"victory":false,"max_hp_per_floor":[66,66,66,66,66,66,66,66,66,66,66,66,66,66,66,66],"card_choices":[{"not_picked":["Blade Dance","hubris:TrickCloak"],"picked":"Endless Agony","floor":1},{"not_picked":["Terror","Acrobatics","hubris:SlightOfHand"],"picked":"SKIP","floor":2},{"not_picked":["Acrobatics","Flying Knee"],"picked":"Poisoned Stab","floor":5},{"not_picked":["Concentrate","Slice","hubris:Sniper"],"picked":"SKIP","floor":6},{"not_picked":["Underhanded Strike","hubris:SlightOfHand","Expertise"],"picked":"SKIP","floor":8},{"not_picked":["Dodge and Roll","Masterful Stab"],"picked":"Infinite Blades","floor":11},{"not_picked":["Terror","Acrobatics"],"picked":"Distraction","floor":13}],"player_experience":1219730,"relics_obtained":[{"floor":6,"key":"hubris:ToyBattleship"},{"floor":8,"key":"hubris:MysteriousPyramids"},{"floor":9,"key":"infinitespire:Beetle Shell"}],"event_choices":[{"cards_removed":["Strike_G"],"damage_healed":0,"gold_gain":0,"player_choice":"Card Removal","damage_taken":7,"max_hp_gain":0,"max_hp_loss":0,"event_name":"Golden Wing","floor":3,"gold_loss":0},{"damage_healed":0,"gold_gain":0,"player_choice":"Upgraded","damage_taken":0,"max_hp_gain":0,"max_hp_loss":0,"event_name":"Upgrade Shrine","floor":12,"gold_loss":0,"cards_upgraded":["Infinite Blades"]}],"is_beta":false,"boss_relics":[],"items_purged_floors":[14],"is_endless":false,"potions_floor_spawned":[1,8,13],"killed_by":"Hexaghost","ascension_level":20}