{"path_per_floor":["M","M","M","?","$","R","E","M","T","M","E","?","R","E","R","B",null,"M","M","M","$","M","E","M","R","T","T","M","?","?","E","R","B",null,"M","M","$","M","$","R","E","M","T","?","M","$","?","M","R","B"],"character_chosen":"THE_SILENT","items_purchased":["Molten Egg 2","Dagger Spray","Noxious Fumes+1","Strawberry","Thread and Needle","Regal Pillow","The Specimen"],"gold_per_floor":[113,131,151,401,38,38,64,82,82,95,130,130,130,174,174,302,340,354,368,393,169,189,225,243,243,270,270,294,294,294,332,332,455,455,474,492,178,192,42,42,76,101,401,401,420,20,20,33,33,33],"floor_reached":51,"campfire_rested":3,"playtime":2626,"item_purchase_floors":[5,5,21,21,37,39,46],"current_hp_per_floor":[66,66,62,62,62,62,62,59,59,59,53,36,36,36,57,20,63,59,48,41,48,40,30,15,39,39,39,39,39,66,66,66,38,71,67,64,64,53,53,53,42,52,52,52,43,43,43,43,82,53],"items_purged":["Regret","Clumsy"],"gold":33,"score":1080,"play_id":"6fb6b468-c496-404d-97c2-9e116d541840","local_time":"20180528183501","is_prod":false,"is_daily":false,"chose_seed":false,"is_ascension_mode":true,"campfire_upgraded":4,"win_rate":0,"timestamp":1527525301,"campfire_choices":[{"data":"Neutralize","floor":6,"key":"SMITH"},{"data":"Dagger Spray","floor":13,"key":"SMITH"},{"floor":15,"key":"REST"},{"floor":25,"key":"REST"},{"data":"Backflip","floor":32,"key":"SMITH"},{"data":"PiercingWail","floor":40,"key":"SMITH"},{"floor":49,"key":"REST"}],"path_taken":["M","M","M","?","$","R","E","M","T","M","E","?","R","E","R","BOSS","M","?","M","$","M","E","M","R","T","?","M","?","?","E","R","BOSS","M","?","$","M","$","R","E","?","T","?","M","$","?","?","R","BOSS"],"build_version":"2018-05-27","seed_source_timestamp":28479223823559,"purchased_purges":2,"victory":true,"master_deck":["Defend_G+1","Defend_G+1","Defend_G+1","Defend_G+1","Strike_G+1","Strike_G+1","Strike_G+1","Strike_G+1","Strike_G+1","Survivor","Neutralize+1","All Out Attack+1","Dagger Spray+1","Expertise","Dagger Spray+1","Die Die Die+1","Dagger Spray+1","Quick Slash+1","Dagger Spray+1","Choke+1","A Thousand Cuts+1","Well Laid Plans+1","Dash+1","Flying Knee+1","PiercingWail+1","Noxious Fumes+1","Cloak And Dagger+1","Backflip+1","Crippling Poison+1","Underhanded Strike+1","Envenom+1","Flying Knee+1","Predator+1","Choke+1","Bouncing Flask+1","Skewer+1","Cloak And Dagger+1","Outmaneuver+1","Leg Sweep+1"],"max_hp_per_floor":[70,70,70,70,70,70,70,70,70,70,70,70,70,70,70,70,75,75,75,75,82,82,82,82,82,82,82,82,82,82,82,82,82,82,82,82,82,82,82,82,82,82,82,82,82,82,82,82,82,82],"relics":["Velvet Choker","Molten Egg 2","Frozen Egg 2","Paper Crane","Bronze Scales","Golden Idol","Pen Nib","Tiny House","Strawberry","Matryoshka","Dream Catcher","Anchor","Boot","Du-Vu Doll","Meat on the Bone","Cursed Key","Thread and Needle","Regal Pillow","Whetstone","Old Coin","The Specimen"],"card_choices":[{"not_picked":["Sucker Punch","Crippling Poison"],"picked":"All Out Attack","floor":1},{"not_picked":["Deadly Poison","Outmaneuver"],"picked":"Dagger Spray","floor":2},{"not_picked":["Dagger Spray","Slice"],"picked":"Expertise","floor":3},{"not_picked":["Prepared","Deadly Poison"],"picked":"Die Die Die+1","floor":7},{"not_picked":["PiercingWail","Leg Sweep"],"picked":"Dagger Spray+1","floor":8},{"not_picked":["Deadly Poison","Malaise"],"picked":"Quick Slash+1","floor":10},{"not_picked":["Cloak And Dagger","Finisher+1"],"picked":"Dagger Spray+1","floor":11},{"not_picked":["Underhanded Strike+1","Slice+1"],"picked":"Choke+1","floor":14},{"not_picked":["Die Die Die+1","Grand Finale+1"],"picked":"A Thousand Cuts+1","floor":16},{"not_picked":["Underhanded Strike+1","Deadly Poison"],"picked":"Well Laid Plans+1","floor":17},{"not_picked":["Acrobatics+1","Cloak And Dagger"],"picked":"Dash+1","floor":18},{"not_picked":["Reflex+1","Choke+1"],"picked":"Flying Knee+1","floor":19},{"not_picked":["Slice+1","Deadly Poison"],"picked":"PiercingWail","floor":20},{"not_picked":["A Thousand Cuts+1","Deflect"],"picked":"Cloak And Dagger+1","floor":22},{"not_picked":["Accuracy+1","All Out Attack+1"],"picked":"Dash+1","floor":23},{"not_picked":["Heel Hook+1","Skewer+1"],"picked":"Backflip","floor":24},{"not_picked":["Blade Dance+1","Catalyst"],"picked":"Crippling Poison+1","floor":28},{"not_picked":["PiercingWail","Phantasmal Killer"],"picked":"Underhanded Strike+1","floor":31},{"not_picked":["Venomology","Tactician"],"picked":"Envenom+1","floor":33},{"not_picked":["Cloak And Dagger","Prepared+1"],"picked":"Flying Knee+1","floor":35},{"not_picked":["Acrobatics+1","Underhanded Strike+1"],"picked":"Predator+1","floor":36},{"not_picked":["Venomology","Calculated Gamble+1"],"picked":"Choke+1","floor":38},{"not_picked":["Deflect+1","Accuracy+1"],"picked":"Bouncing Flask+1","floor":41},{"not_picked":["Dodge and Roll+1","Backflip+1"],"picked":"Skewer+1","floor":42},{"not_picked":["Underhanded Strike+1","Endless Agony+1"],"picked":"Cloak And Dagger+1","floor":45},{"not_picked":["Sucker Punch+1","Dagger Throw+1"],"picked":"Outmaneuver+1","floor":48},{"not_picked":["Dash+1","Backflip"],"picked":"Leg Sweep+1","floor":49}],"player_experience":236067,"potions_floor_usage":[11,14,14,41,50,50,50],"damage_taken":[{"damage":4,"enemies":"Small Slimes","floor":1,"turns":4},{"damage":0,"enemies":"Cultist","floor":2,"turns":3},{"damage":4,"enemies":"Jaw Worm","floor":3,"turns":3},{"damage":0,"enemies":"3 Sentries","floor":7,"turns":4},{"damage":3,"enemies":"Blue Slaver","floor":8,"turns":3},{"damage":0,"enemies":"Gremlin Gang","floor":10,"turns":1},{"damage":6,"enemies":"Lagavulin","floor":11,"turns":5},{"damage":0,"enemies":"Gremlin Nob","floor":14,"turns":2},{"damage":37,"enemies":"The Guardian","floor":16,"turns":9},{"damage":4,"enemies":"Chosen","floor":18,"turns":3},{"damage":11,"enemies":"Spheric Guardian","floor":19,"turns":3},{"damage":7,"enemies":"Snake Plant","floor":20,"turns":3},{"damage":8,"enemies":"Chosen and Byrds","floor":22,"turns":3},{"damage":10,"enemies":"Slavers","floor":23,"turns":2},{"damage":15,"enemies":"3 Cultists","floor":24,"turns":4},{"damage":0,"enemies":"Centurion and Healer","floor":28,"turns":4},{"damage":0,"enemies":"Gremlin Leader","floor":31,"turns":4},{"damage":40,"enemies":"Champ","floor":33,"turns":10},{"damage":4,"enemies":"3 Shapes","floor":35,"turns":2},{"damage":3,"enemies":"Orb Walker","floor":36,"turns":3},{"damage":11,"enemies":"Transient","floor":38,"turns":5},{"damage":23,"enemies":"Giant Head","floor":41,"turns":8},{"damage":2,"enemies":"4 Shapes","floor":42,"turns":4},{"damage":21,"enemies":"Spire Growth","floor":45,"turns":3},{"damage":0,"enemies":"Transient","floor":48,"turns":5},{"damage":29,"enemies":"Time Eater","floor":50,"turns":12}],"relics_obtained":[{"floor":7,"key":"Frozen Egg 2"},{"floor":9,"key":"Paper Crane"},{"floor":11,"key":"Bronze Scales"},{"floor":14,"key":"Pen Nib"},{"floor":23,"key":"Matryoshka"},{"floor":26,"key":"Dream Catcher"},{"floor":26,"key":"Anchor"},{"floor":27,"key":"Boot"},{"floor":27,"key":"Du-Vu Doll"},{"floor":31,"key":"Meat on the Bone"},{"floor":41,"key":"Whetstone"},{"floor":43,"key":"Old Coin"}],"event_choices":[{"event_name":"Golden Shrine","player_choice":"Desecrate","floor":4,"damage_taken":0},{"event_name":"Golden Idol","player_choice":"Take Damage","floor":12,"damage_taken":0},{"event_name":"Back to Basics","player_choice":"Simplicity","floor":29,"damage_taken":0},{"event_name":"The Library","player_choice":"Heal","floor":30,"damage_taken":0},{"event_name":"Purifier","player_choice":"One Purge","floor":47,"damage_taken":0}],"boss_relics":[{"not_picked":["Lizard Tail","Orrery"],"picked":"Tiny House"},{"not_picked":["Runic Dome","Philosopher\u0027s Stone"],"picked":"Cursed Key"}],"items_purged_floors":[5,46],"potions_floor_spawned":[3,10,11,14,16,19,20,22,24,33,36,42,45],"seed_played":"150117969823913003","ascension_level":5,"potions_obtained":[{"floor":3,"key":"EssenceOfSteel"},{"floor":10,"key":"GamblersBrew"},{"floor":11,"key":"Poison Potion"},{"floor":14,"key":"Explosive Potion"},{"floor":16,"key":"GhostInAJar"},{"floor":17,"key":"Ancient Potion"},{"floor":20,"key":"Energy Potion"},{"floor":33,"key":"GhostInAJar"},{"floor":42,"key":"EssenceOfSteel"}],"is_trial":false}