{"gold_per_floor":[116,116,136,136,146,146,177,188,188,207,207,223,8,88,88,88],"floor_reached":16,"playtime":2370,"items_purged":[],"score":168,"play_id":"ec5e54a3-d253-4032-b28d-753af1eb2d84","local_time":"20181015231858","is_ascension_mode":true,"campfire_choices":[{"data":"Predator","floor":6,"key":"SMITH"},{"data":"Tactician","floor":11,"key":"SMITH"},{"data":"Footwork","floor":15,"key":"SMITH"}],"neow_cost":"","seed_source_timestamp":0,"circlet_count":0,"master_deck":["Defend_G","Defend_G","Defend_G","Defend_G","Defend_G","Strike_G","Strike_G","Strike_G","Strike_G","Survivor","Neutralize+1","AscendersBane","Underhanded Strike","Accuracy","Predator+1","Tactician+1","Escape Plan","Heel Hook","Backstab","Footwork+1"],"special_seed":0,"relics":["Ring of the Snake","Anchor","Sundial","Orichalcum"],"potions_floor_usage":[7,8,16],"damage_taken":[{"damage":1.0,"enemies":"Small Slimes","floor":1.0,"turns":4.0},{"damage":0,"enemies":"2 Louse","floor":3,"turns":3},{"damage":0,"enemies":"Cultist","floor":5,"turns":5},{"damage":17,"enemies":"3 Sentries","floor":7,"turns":12},{"damage":13,"enemies":"Gremlin Gang","floor":8,"turns":9},{"damage":8,"enemies":"2 Fungi Beasts","floor":10,"turns":5},{"damage":0,"enemies":"Large Slime","floor":12,"turns":5},{"damage":39,"enemies":"Hexaghost","floor":16,"turns":14}],"seed_played":"-3196913733091108608","potions_obtained":[{"floor":3,"key":"Regen Potion"},{"floor":5,"key":"Dexterity Potion"},{"floor":7,"key":"Poison Potion"}],"is_trial":false,"path_per_floor":["M","?","M","?","M","R","E","M","T","M","R","M","$","?","R"],"character_chosen":"THE_SILENT","items_purchased":["Orichalcum","Footwork"],"campfire_rested":0,"item_purchase_floors":[13,13],"current_hp_per_floor":[62,62,62,62,62,62,45,47,47,39,39,39,39,39,39,0],"gold":88,"neow_bonus":"","is_prod":false,"is_daily":false,"chose_seed":false,"campfire_upgraded":3,"win_rate":0,"timestamp":1539638338,"path_taken":["M","?","M","?","?","R","E","M","T","M","R","M","$","?","R","BOSS"],"build_version":"2018-10-11","purchased_purges":0,"victory":false,"max_hp_per_floor":[70,70,70,70,70,70,70,70,70,70,70,70,70,70,70,70],"card_choices":[{"not_picked":["Deflect","Expertise"],"picked":"Underhanded Strike","floor":1},{"not_picked":["Distraction","Finisher"],"picked":"Accuracy","floor":3},{"not_picked":["Dodge and Roll","Well Laid Plans"],"picked":"Predator","floor":5},{"not_picked":["Night Terror","Choke"],"picked":"Tactician","floor":7},{"not_picked":["Heel Hook","Poisoned Stab"],"picked":"Escape Plan","floor":8},{"not_picked":["Crippling Poison","Reflex"],"picked":"Heel Hook","floor":10},{"not_picked":["Poisoned Stab","Backflip"],"picked":"Backstab","floor":12}],"player_experience":614262,"relics_obtained":[{"floor":7,"key":"Anchor"},{"floor":9,"key":"Sundial"}],"event_choices":[{"event_name":"Living Wall","player_choice":"Grow","floor":2,"damage_taken":0},{"event_name":"Bonfire Elementals","player_choice":"BASIC","floor":4,"damage_taken":0},{"event_name":"Golden Wing","player_choice":"Gained Gold","floor":14,"damage_taken":0}],"is_beta":true,"boss_relics":[],"items_purged_floors":[],"is_endless":false,"potions_floor_spawned":[3,5,7],"killed_by":"Hexaghost","ascension_level":13}