{"gold_per_floor":[119,119,129,129,139,139,165,165,233,233,253,281,36,48,48,122,122,135,149,64,64,80,80],"floor_reached":23,"playtime":1033,"items_purged":[],"score":352,"play_id":"edda2816-a9ea-44d7-8c28-0c884d6c3e12","local_time":"20181129230345","is_ascension_mode":true,"campfire_choices":[{"data":"Neutralize","floor":6,"key":"SMITH"},{"data":"Quick Slash","floor":8,"key":"SMITH"},{"floor":10,"key":"REST"},{"data":"Noxious Fumes","floor":15,"key":"SMITH"}],"neow_cost":"NONE","seed_source_timestamp":52249151241146,"circlet_count":0,"master_deck":["AscendersBane","Defend_G","Defend_G","Defend_G","Defend_G","Defend_G","Strike_G","Strike_G","Strike_G","Strike_G","Strike_G+1","Survivor","Neutralize+1","Quick Slash+1","Deflect","Flying Knee","Unload+1","Deadly Poison","Infinite Blades","Noxious Fumes+1","Cloak And Dagger","Corpse Explosion","Backflip"],"relics":["Ring of the Snake","Snake Skull","FaceOfCleric","Whetstone","Singing Bowl","Pen Nib","TwistedFunnel","Runic Pyramid","Meat on the Bone"],"potions_floor_usage":[16,22,23,23],"damage_taken":[{"damage":0,"enemies":"2 Louse","floor":1,"turns":5},{"damage":1,"enemies":"Cultist","floor":3,"turns":3},{"damage":5,"enemies":"Small Slimes","floor":5,"turns":4},{"damage":36,"enemies":"Lagavulin","floor":7,"turns":11},{"damage":12,"enemies":"Gremlin Gang","floor":11,"turns":5},{"damage":13,"enemies":"3 Sentries","floor":12,"turns":9},{"damage":0,"enemies":"3 Louse","floor":14,"turns":1},{"damage":6,"enemies":"Hexaghost","floor":16,"turns":9},{"damage":22,"enemies":"2 Thieves","floor":18,"turns":3},{"damage":4,"enemies":"Chosen","floor":19,"turns":4},{"damage":22,"enemies":"Shelled Parasite and Fungi","floor":22,"turns":5},{"damage":30,"enemies":"Slavers","floor":23,"turns":2}],"seed_played":"6796528676984148876","potions_obtained":[{"floor":3,"key":"SpeedPotion"},{"floor":7,"key":"EssenceOfSteel"},{"floor":19,"key":"SkillPotion"},{"floor":22,"key":"SneckoOil"}],"is_trial":false,"path_per_floor":["M","?","M","?","M","R","E","R","T","R","M","E","$","M","R","B",null,"M","M","?","?","M","E"],"character_chosen":"THE_SILENT","items_purchased":["TwistedFunnel","Noxious Fumes"],"campfire_rested":1,"item_purchase_floors":[13,13],"current_hp_per_floor":[59,59,58,58,54,54,19,19,19,39,28,16,16,17,17,12,57,38,35,35,35,28,0],"gold":80,"neow_bonus":"RANDOM_COMMON_RELIC","is_prod":false,"is_daily":false,"chose_seed":false,"campfire_upgraded":3,"win_rate":0,"timestamp":1543529025,"path_taken":["M","?","?","?","M","R","E","R","T","R","M","E","$","?","R","BOSS","M","M","?","?","M","E"],"build_version":"2018-11-15","purchased_purges":0,"victory":false,"max_hp_per_floor":[66,66,66,66,67,67,68,68,68,68,69,70,70,71,71,72,72,75,76,76,76,79,79],"card_choices":[{"not_picked":["Slice","Underhanded Strike"],"picked":"Quick Slash","floor":1},{"not_picked":["Reflex","Sucker Punch"],"picked":"Deflect","floor":3},{"not_picked":["Quick Slash","Prepared"],"picked":"Flying Knee","floor":5},{"not_picked":["Expertise","Escape Plan"],"picked":"Unload","floor":7},{"not_picked":["Quick Slash","Backflip"],"picked":"Deadly Poison","floor":11},{"not_picked":["Deflect","Quick Slash"],"picked":"Infinite Blades","floor":12},{"not_picked":["Expertise","Choke"],"picked":"Cloak And Dagger","floor":14},{"not_picked":["Wraith Form v2","Adrenaline"],"picked":"Corpse Explosion","floor":16},{"not_picked":["Dagger Throw","Finisher","Expertise"],"picked":"Singing Bowl","floor":18},{"not_picked":["Bane","Predator"],"picked":"Backflip","floor":19},{"not_picked":["Poisoned Stab+1","Flying Knee","Dodge and Roll"],"picked":"Singing Bowl","floor":22}],"player_experience":921442,"relics_obtained":[{"floor":7,"key":"Whetstone"},{"floor":9,"key":"Singing Bowl"},{"floor":12,"key":"Pen Nib"}],"event_choices":[{"damage_healed":0,"gold_gain":0,"player_choice":"0 cards matched","damage_taken":0,"max_hp_gain":0,"max_hp_loss":0,"event_name":"Match and Keep!","floor":2,"gold_loss":0,"cards_obtained":[]},{"damage_healed":0,"gold_gain":0,"player_choice":"Trade","damage_taken":0,"relics_obtained":["FaceOfCleric"],"max_hp_gain":0,"max_hp_loss":0,"event_name":"FaceTrader","floor":4,"gold_loss":0},{"damage_healed":0,"gold_gain":0,"player_choice":"Obtained Relic","damage_taken":0,"relics_obtained":["Meat on the Bone"],"max_hp_gain":0,"max_hp_loss":0,"event_name":"Addict","floor":20,"gold_loss":85},{"damage_healed":0,"gold_gain":0,"player_choice":"Got Potions","damage_taken":0,"max_hp_gain":0,"max_hp_loss":0,"event_name":"Lab","floor":21,"gold_loss":0}],"is_beta":true,"boss_relics":[{"not_picked":["Fusion Hammer","Cursed Key"],"picked":"Runic Pyramid"}],"items_purged_floors":[],"is_endless":false,"potions_floor_spawned":[3,7,12,19,22],"killed_by":"Slavers","ascension_level":15}