{"gold_per_floor":[218,235,255,255,103,103,134,145,145,145,170,170,205,223,223,297,297,307,307,188,198,198,198,208,238,238,270,270,270,270,295,295,366,366,377,377,377,377],"floor_reached":38,"playtime":1630,"items_purged":["Strike_B"],"score":946,"play_id":"ff3e6375-2b51-408b-a279-2badfc29066d","local_time":"20190212115012","is_ascension_mode":true,"campfire_choices":[{"data":"Chill","floor":6,"key":"SMITH"},{"data":"Zap","floor":10,"key":"SMITH"},{"data":"Defragment","floor":15,"key":"SMITH"},{"data":"Loop","floor":23,"key":"SMITH"},{"data":"Capacitor","floor":29,"key":"SMITH"},{"floor":32,"key":"REST"}],"neow_cost":"NONE","seed_source_timestamp":6738383249357,"circlet_count":0,"master_deck":["AscendersBane","Strike_B","Strike_B","Strike_B","Defend_B","Defend_B","Defend_B","Zap+1","Dualcast","Coolheaded","Chill+1","Cold Snap","Rip and Tear","Loop+1","Gash","Compile Driver","Defragment+1","Ball Lightning","Electrodynamics","Coolheaded","Loop","Ball Lightning","Gash","Capacitor+1","Decay","Thunder Strike","All For One"],"relics":["Cracked Core","Ancient Tea Set","Sundial","Thread and Needle","Meat on the Bone","Sozu","NlothsMask","Shuriken","Bag of Preparation","Calipers","Cursed Key"],"potions_floor_usage":[24],"damage_taken":[{"damage":1,"enemies":"Cultist","floor":1,"turns":3},{"damage":12,"enemies":"Jaw Worm","floor":2,"turns":4},{"damage":4,"enemies":"Small Slimes","floor":3,"turns":5},{"damage":19,"enemies":"Gremlin Nob","floor":7,"turns":4},{"damage":0,"enemies":"2 Fungi Beasts","floor":8,"turns":3},{"damage":16,"enemies":"Lagavulin","floor":11,"turns":7},{"damage":0,"enemies":"3 Sentries","floor":13,"turns":8},{"damage":8,"enemies":"Exordium Thugs","floor":14,"turns":4},{"damage":12,"enemies":"Hexaghost","floor":16,"turns":11},{"damage":1,"enemies":"Chosen","floor":18,"turns":5},{"damage":5,"enemies":"Shell Parasite","floor":21,"turns":5},{"damage":15,"enemies":"Snecko","floor":24,"turns":5},{"damage":19,"enemies":"Slavers","floor":25,"turns":3},{"damage":14,"enemies":"Gremlin Leader","floor":27,"turns":5},{"damage":27,"enemies":"Book of Stabbing","floor":31,"turns":6},{"damage":13,"enemies":"Champ","floor":33,"turns":12},{"damage":12,"enemies":"3 Darklings","floor":35,"turns":3},{"damage":55,"enemies":"2 Orb Walkers","floor":38,"turns":3}],"seed_played":"9066146160924206186","potions_obtained":[{"floor":1,"key":"SpeedPotion"},{"floor":2,"key":"SmokeBomb"},{"floor":13,"key":"Swift Potion"}],"is_trial":false,"path_per_floor":["M","M","M","?","$","R","E","M","T","R","E","?","E","M","R","B",null,"M","?","$","M","$","R","M","E","T","E","?","R","?","E","R","B",null,"M","?","?","?"],"character_chosen":"DEFECT","items_purchased":["Rip and Tear","Loop","Loop"],"campfire_rested":1,"item_purchase_floors":[5,5,20],"current_hp_per_floor":[63,51,47,52,52,52,33,33,33,33,17,17,17,21,21,21,62,61,61,61,56,56,56,41,34,34,32,32,32,32,17,39,38,67,55,55,55,0],"gold":377,"neow_bonus":"HUNDRED_GOLD","is_prod":false,"is_daily":false,"chose_seed":false,"campfire_upgraded":5,"win_rate":0,"timestamp":1549968612,"path_taken":["M","?","M","?","$","R","E","M","T","R","E","?","E","M","R","BOSS","M","?","$","M","?","R","M","E","T","E","?","R","?","E","R","BOSS","M","?","?","?"],"build_version":"2019-01-23","purchased_purges":1,"victory":false,"max_hp_per_floor":[71,71,71,76,76,76,76,76,76,76,76,76,76,76,76,76,76,76,76,76,76,76,76,76,76,76,76,76,76,76,76,76,76,76,76,76,76,76],"card_choices":[{"not_picked":["Beam Cell","Go for the Eyes"],"picked":"Coolheaded","floor":1},{"not_picked":["Turbo","Stack"],"picked":"Chill","floor":2},{"not_picked":["BootSequence","Leap"],"picked":"Cold Snap","floor":3},{"not_picked":["Stack","Thunder Strike"],"picked":"Gash","floor":7},{"not_picked":["Steam Power","Auto Shields"],"picked":"Compile Driver","floor":8},{"not_picked":["Beam Cell","Loop"],"picked":"Defragment","floor":11},{"not_picked":["Steam","Tempest","Lockon"],"picked":"SKIP","floor":13},{"not_picked":["Rip and Tear","Recycle"],"picked":"Ball Lightning","floor":14},{"not_picked":["Creative AI","Multi-Cast"],"picked":"Electrodynamics","floor":16},{"not_picked":["Sweeping Beam","Go for the Eyes"],"picked":"Coolheaded","floor":18},{"not_picked":["BootSequence","Hello World"],"picked":"Ball Lightning","floor":21},{"not_picked":["Go for the Eyes","Streamline","Undo"],"picked":"SKIP","floor":24},{"not_picked":["Rip and Tear","Sweeping Beam"],"picked":"Gash","floor":25},{"not_picked":["Storm","BootSequence"],"picked":"Capacitor","floor":27},{"not_picked":["Meteor Strike","Aggregate"],"picked":"Thunder Strike","floor":31},{"not_picked":["Rainbow","Creative AI"],"picked":"All For One","floor":33},{"not_picked":["Ball Lightning","Self Repair","Leap"],"picked":"SKIP","floor":35}],"player_experience":1246718,"relics_obtained":[{"floor":7,"key":"Ancient Tea Set"},{"floor":9,"key":"Sundial"},{"floor":11,"key":"Thread and Needle"},{"floor":13,"key":"Meat on the Bone"},{"floor":25,"key":"Shuriken"},{"floor":27,"key":"Bag of Preparation"},{"floor":31,"key":"Calipers"}],"event_choices":[{"damage_healed":0,"gold_gain":0,"player_choice":"Donut","damage_taken":0,"max_hp_gain":5,"max_hp_loss":0,"event_name":"Big Fish","floor":4,"gold_loss":0},{"damage_healed":0,"gold_gain":0,"player_choice":"Searched \u00271\u0027 times","damage_taken":0,"max_hp_gain":0,"max_hp_loss":0,"event_name":"Dead Adventurer","floor":12,"gold_loss":0},{"damage_healed":0,"gold_gain":0,"player_choice":"Trade","damage_taken":0,"relics_obtained":["NlothsMask"],"max_hp_gain":0,"max_hp_loss":0,"event_name":"FaceTrader","floor":19,"gold_loss":0},{"damage_healed":0,"gold_gain":0,"player_choice":"Smashed Altar","damage_taken":0,"max_hp_gain":0,"max_hp_loss":0,"event_name":"Forgotten Altar","floor":28,"gold_loss":0,"cards_obtained":["Decay"]},{"damage_healed":0,"gold_gain":0,"player_choice":"Ignored","damage_taken":0,"max_hp_gain":0,"max_hp_loss":0,"event_name":"Vampires","floor":30,"gold_loss":0},{"cards_removed":["Defend_B"],"damage_healed":0,"gold_gain":0,"player_choice":"Removed Skill","damage_taken":0,"max_hp_gain":0,"max_hp_loss":0,"event_name":"Falling","floor":36,"gold_loss":0},{"damage_healed":0,"gold_gain":0,"player_choice":"Ignored","damage_taken":0,"max_hp_gain":0,"max_hp_loss":0,"event_name":"Tomb of Lord Red Mask","floor":37,"gold_loss":0},{"damage_healed":0,"gold_gain":0,"player_choice":"Fight","damage_taken":0,"max_hp_gain":0,"max_hp_loss":0,"event_name":"Mysterious Sphere","floor":38,"gold_loss":0}],"is_beta":false,"boss_relics":[{"not_picked":["Empty Cage","Eternal Feather"],"picked":"Sozu"},{"not_picked":["Fusion Hammer","Philosopher\u0027s Stone"],"picked":"Cursed Key"}],"items_purged_floors":[20],"is_endless":false,"potions_floor_spawned":[1,2,13,16,24,25,27,31],"killed_by":"2 Orb Walkers","ascension_level":20}