{"gold_per_floor":[112,126,142,142,160,192,192,208,208,358,369,401,135,100,100,172,172,190,190,190,210,210,210,239,259,329,344,378,107,107,120,120,120],"floor_reached":33,"playtime":1508,"items_purged":["Doubt","Normality"],"score":594,"play_id":"d2a321dc-6bc6-474d-a58b-b23ccfa18d80","local_time":"20190117151017","is_ascension_mode":true,"campfire_choices":[{"data":"Deadly Poison","floor":7.0,"key":"SMITH"},{"data":"Noxious Fumes","floor":15.0,"key":"SMITH"},{"data":"Night Terror","floor":23.0,"key":"SMITH"},{"floor":30,"key":"REST"},{"floor":32,"key":"REST"}],"neow_cost":"NONE","seed_source_timestamp":0,"circlet_count":0,"master_deck":["AscendersBane","Defend_G","Defend_G","Defend_G","Defend_G","Defend_G","Strike_G","Strike_G","Survivor","Neutralize","Poisoned Stab","Noxious Fumes+1","Deadly Poison+1","Backflip","Backflip","Caltrops","Deadly Poison","Night Terror+1","Backflip","Dash","Ghostly","Ghostly","Ghostly","PiercingWail","Storm of Steel","PiercingWail","Acrobatics","Dodge and Roll+1","Acrobatics+1","Noxious Fumes","Blur"],"special_seed":0,"relics":["Ring of the Snake","NeowsBlessing","Pear","Bottled Lightning","hubris:SphereOfDissonance","Cursed Key","hubris:DeckOfHolding","Sundial","Molten Egg 2"],"potions_floor_usage":[28,28],"damage_taken":[{"damage":0.0,"enemies":"Cultist","floor":1.0,"turns":1.0},{"damage":0.0,"enemies":"2 Louse","floor":2.0,"turns":1.0},{"damage":0.0,"enemies":"Small Slimes","floor":3.0,"turns":1.0},{"damage":30.0,"enemies":"Exordium Thugs","floor":5.0,"turns":5.0},{"damage":21.0,"enemies":"3 Sentries","floor":6.0,"turns":9.0},{"damage":1.0,"enemies":"Looter","floor":8.0,"turns":3.0},{"damage":7.0,"enemies":"Blue Slaver","floor":11.0,"turns":4.0},{"damage":16.0,"enemies":"Lagavulin","floor":12.0,"turns":7.0},{"damage":12.0,"enemies":"Hexaghost","floor":16.0,"turns":9.0},{"damage":18.0,"enemies":"Chosen","floor":18.0,"turns":5.0},{"damage":0.0,"enemies":"Spheric Guardian","floor":21.0,"turns":3.0},{"damage":14.0,"enemies":"Book of Stabbing","floor":24.0,"turns":7.0},{"damage":12.0,"enemies":"Cultist and Chosen","floor":25.0,"turns":9.0},{"damage":1.0,"enemies":"Centurion and Healer","floor":27.0,"turns":8.0},{"damage":9,"enemies":"Gremlin Leader","floor":28,"turns":10},{"damage":9,"enemies":"Snake Plant","floor":31,"turns":6},{"damage":17,"enemies":"Champ","floor":33,"turns":12}],"seed_played":"-1476405802432321894","potions_obtained":[{"floor":3.0,"key":"Regen Potion"},{"floor":6.0,"key":"Swift Potion"},{"floor":11.0,"key":"GamblersBrew"},{"floor":16.0,"key":"PowerPotion"},{"floor":21.0,"key":"GamblersBrew"},{"floor":25.0,"key":"LiquidBronze"}],"is_trial":false,"path_per_floor":["M","M","M","?","M","E","R","M","T","?","M","E","$","?","R","B",null,"M","?","?","M","?","R","E","M","T","M","E","$","R","M","R","B"],"character_chosen":"THE_SILENT","items_purchased":["Dexterity Potion","Caltrops","Deadly Poison","Noxious Fumes","Blur"],"campfire_rested":2,"item_purchase_floors":[13,13,13,29,29],"current_hp_per_floor":[59,59,59,59,29,33,33,32,32,32,25,9,9,28,28,16,61,43,43,38,38,38,38,24,12,12,11,2,2,13,4,15,0],"gold":120,"neow_bonus":"THREE_ENEMY_KILL","is_prod":false,"is_daily":false,"chose_seed":false,"campfire_upgraded":3,"win_rate":0,"timestamp":1547734217,"path_taken":["M","M","?","?","?","E","R","M","T","?","M","E","$","?","R","BOSS","M","?","?","M","?","R","E","M","T","M","E","?","R","M","R","BOSS"],"build_version":"2019-01-10","purchased_purges":2,"victory":false,"max_hp_per_floor":[66,66,66,66,66,76,76,76,76,76,76,76,76,76,76,76,76,76,76,38,38,38,38,38,38,38,38,38,38,38,38,38,38],"card_choices":[{"not_picked":["Deflect","Dodge and Roll"],"picked":"Poisoned Stab","floor":1.0},{"not_picked":["Well Laid Plans","Eviscerate"],"picked":"Noxious Fumes","floor":2.0},{"not_picked":["hubris:Sniper","Sucker Punch"],"picked":"Deadly Poison","floor":3.0},{"not_picked":["Bouncing Flask","All Out Attack"],"picked":"Backflip","floor":5.0},{"not_picked":["Heel Hook","Distraction"],"picked":"Backflip","floor":6.0},{"not_picked":["Heel Hook","Outmaneuver","Dagger Throw"],"picked":"SKIP","floor":8.0},{"not_picked":["Slice","Underhanded Strike","hubris:TrickCloak"],"picked":"SKIP","floor":11.0},{"not_picked":["Flechettes","Dagger Spray","Eviscerate"],"picked":"SKIP","floor":12.0},{"not_picked":["Doppelganger","A Thousand Cuts"],"picked":"Night Terror","floor":16.0},{"not_picked":["Bouncing Flask","Flechettes"],"picked":"Backflip","floor":18.0},{"not_picked":["Deadly Poison","Blade Dance"],"picked":"PiercingWail","floor":21.0},{"not_picked":["Predator","Deadly Poison"],"picked":"Acrobatics","floor":24.0},{"not_picked":["Acrobatics","Endless Agony","Predator"],"picked":"SKIP","floor":25.0},{"not_picked":["Terror","Flying Knee"],"picked":"Dodge and Roll+1","floor":27.0},{"not_picked":["Grand Finale","Deflect"],"picked":"Acrobatics+1","floor":28},{"not_picked":["Bane+1","Dagger Spray+1","Deflect"],"picked":"SKIP","floor":31}],"player_experience":1130116,"relics_obtained":[{"floor":6.0,"key":"Pear"},{"floor":9.0,"key":"Bottled Lightning"},{"floor":12.0,"key":"hubris:SphereOfDissonance"},{"floor":24.0,"key":"hubris:DeckOfHolding"},{"floor":26.0,"key":"Sundial"},{"floor":28,"key":"Molten Egg 2"}],"event_choices":[{"cards_removed":["Strike_G"],"damage_healed":0.0,"max_hp_gain":0.0,"max_hp_loss":0.0,"gold_gain":0.0,"event_name":"Purifier","player_choice":"Purged","floor":4.0,"gold_loss":0.0,"damage_taken":0.0},{"damage_healed":0.0,"max_hp_gain":0.0,"max_hp_loss":0.0,"gold_gain":150.0,"event_name":"Liars Game","player_choice":"AGREE","floor":10.0,"gold_loss":0.0,"damage_taken":0.0,"cards_obtained":["Doubt"]},{"damage_healed":19.0,"max_hp_gain":0.0,"max_hp_loss":0.0,"gold_gain":0.0,"event_name":"The Cleric","player_choice":"Healed","floor":14.0,"gold_loss":35.0,"damage_taken":0.0},{"damage_healed":0.0,"max_hp_gain":0.0,"max_hp_loss":0.0,"gold_gain":0.0,"event_name":"The Library","player_choice":"Read","floor":19.0,"gold_loss":0.0,"damage_taken":0.0,"cards_obtained":["Dash"]},{"damage_healed":0.0,"max_hp_gain":0.0,"max_hp_loss":38.0,"gold_gain":0.0,"event_name":"Ghosts","player_choice":"Became a Ghost","floor":20.0,"gold_loss":0.0,"damage_taken":0.0,"cards_obtained":["Ghostly","Ghostly","Ghostly"]},{"damage_healed":0.0,"max_hp_gain":0.0,"max_hp_loss":0.0,"gold_gain":0.0,"cards_transformed":["Strike_G","Strike_G"],"event_name":"Drug Dealer","player_choice":"Became Test Subject","floor":22.0,"gold_loss":0.0,"damage_taken":0.0,"cards_obtained":["Storm of Steel","PiercingWail"]}],"is_beta":false,"boss_relics":[{"not_picked":["Busted Crown","HoveringKite"],"picked":"Cursed Key"}],"items_purged_floors":[13,29],"is_endless":false,"potions_floor_spawned":[3,6,11,16,21,25],"killed_by":"Champ","ascension_level":20}