{"gold_per_floor":[116,127,127,68,82,82,99,117,169,198,228,243,243,256,256,256],"floor_reached":16,"playtime":632,"items_purged":[],"score":239,"play_id":"3634bf61-6d02-4db5-99ad-b2039455d40a","local_time":"20181030132558","is_ascension_mode":true,"campfire_choices":[{"data":"Scrape","floor":6.0,"key":"SMITH"},{"floor":13.0,"key":"REST"},{"data":"Defragment","floor":15.0,"key":"SMITH"}],"neow_cost":"NONE","seed_source_timestamp":0,"circlet_count":0,"master_deck":["Strike_B","Strike_B","Strike_B","Strike_B","Defend_B","Defend_B","Defend_B","Defend_B","Zap","Dualcast","AscendersBane","All For One","Chaos+1","Glacier","Gash","Scrape+1","Defragment+1","Sweeping Beam","Hyperbeam+1","Cold Snap+1","Chill","Compile Driver+1"],"special_seed":0,"relics":["Cracked Core","PreservedInsect","Molten Egg 2","Regal Pillow"],"potions_floor_usage":[16],"damage_taken":[{"damage":8.0,"enemies":"2 Louse","floor":1.0,"turns":2.0},{"damage":11.0,"enemies":"Small Slimes","floor":2.0,"turns":3.0},{"damage":1.0,"enemies":"Jaw Worm","floor":5.0,"turns":4.0},{"damage":11.0,"enemies":"Gremlin Gang","floor":7.0,"turns":4.0},{"damage":12.0,"enemies":"Looter","floor":8.0,"turns":3.0},{"damage":0.0,"enemies":"Gremlin Nob","floor":10.0,"turns":2.0},{"damage":20.0,"enemies":"Lagavulin Event","floor":11.0,"turns":3.0},{"damage":0.0,"enemies":"Large Slime","floor":12.0,"turns":5.0},{"damage":18.0,"enemies":"Exordium Thugs","floor":14.0,"turns":4.0},{"damage":21,"enemies":"The Guardian","floor":16,"turns":12}],"seed_played":"4622065915462925687","potions_obtained":[{"floor":5.0,"key":"Fire Potion"},{"floor":7.0,"key":"Fire Potion"},{"floor":8.0,"key":"FearPotion"},{"floor":10.0,"key":"Swift Potion"},{"floor":11.0,"key":"Ancient Potion"}],"is_trial":false,"path_per_floor":["M","M","?","$","M","R","M","M","T","E","?","M","R","M","R"],"character_chosen":"DEFECT","items_purchased":["Gash"],"campfire_rested":1,"item_purchase_floors":[4],"current_hp_per_floor":[56,45,45,45,44,44,33,21,21,21,1,1,37,19,19,0],"gold":256,"neow_bonus":"ONE_RANDOM_RARE_CARD","is_prod":false,"is_daily":false,"chose_seed":false,"campfire_upgraded":2,"win_rate":0,"timestamp":1540902358,"path_taken":["M","M","?","$","M","R","M","M","T","E","?","?","R","M","R","BOSS"],"build_version":"2018-10-29v2","purchased_purges":0,"victory":false,"max_hp_per_floor":[71,71,71,71,71,71,71,71,71,71,71,71,71,71,71,71],"card_choices":[{"not_picked":["Leap","Force Field"],"picked":"Chaos","floor":1.0},{"not_picked":["Darkness","Undo"],"picked":"Glacier","floor":2.0},{"not_picked":["Stack","Turbo"],"picked":"Scrape","floor":5.0},{"not_picked":["Self Repair","Steam"],"picked":"Defragment","floor":7.0},{"not_picked":["Reprogram","Turbo"],"picked":"Sweeping Beam","floor":8.0},{"not_picked":["Melter","Rip and Tear"],"picked":"Hyperbeam","floor":10.0},{"not_picked":["Conserve Battery","BootSequence"],"picked":"Cold Snap+1","floor":11.0},{"not_picked":["Turbo","Beam Cell+1"],"picked":"Chill","floor":12.0},{"not_picked":["BootSequence","Steam"],"picked":"Compile Driver+1","floor":14.0}],"player_experience":713516,"relics_obtained":[{"floor":9.0,"key":"PreservedInsect"},{"floor":10.0,"key":"Molten Egg 2"},{"floor":11.0,"key":"Regal Pillow"}],"event_choices":[{"damage_healed":0.0,"max_hp_gain":0.0,"max_hp_loss":0.0,"gold_gain":0.0,"event_name":"Living Wall","player_choice":"Grow","floor":3.0,"gold_loss":0.0,"damage_taken":0.0,"cards_upgraded":["Chaos"]},{"damage_healed":0.0,"max_hp_gain":0.0,"max_hp_loss":0.0,"gold_gain":30.0,"event_name":"Dead Adventurer","player_choice":"Searched \u00272\u0027 times","floor":11.0,"gold_loss":0.0,"damage_taken":0.0}],"is_beta":true,"boss_relics":[],"items_purged_floors":[],"is_endless":false,"potions_floor_spawned":[5,7,8,10,11],"killed_by":"The Guardian","ascension_level":17}