{"gold_per_floor":[114,39,2,77,1,32,32,63,63,63,77,77,111,127,127,200,200,220,220,238,255,305,305,325,325,325,355,365,207,235,235,235,308,308,321,336,21,1020,1020,1049,1060,1091,1091,1124,1137,900,911,931,931,931],"floor_reached":50,"playtime":1595,"items_purged":["Strike_G","Strike_G","Normality"],"score":1401,"play_id":"1f43e4d6-1ab7-47d0-82bd-09f562862412","local_time":"20190718023210","is_ascension_mode":true,"campfire_choices":[{"data":"Noxious Fumes","floor":10.0,"key":"SMITH"},{"data":"Crippling Poison","floor":12.0,"key":"SMITH"},{"data":"Catalyst","floor":15.0,"key":"SMITH"},{"data":"Crippling Poison","floor":23.0,"key":"SMITH"},{"floor":25.0,"key":"REST"},{"floor":32,"key":"REST"},{"floor":49,"key":"RECALL"}],"neow_cost":"NONE","seed_source_timestamp":59348012800794,"circlet_count":0,"master_deck":["AscendersBane","Strike_G","Strike_G","Defend_G","Defend_G","Defend_G","Defend_G","Defend_G","Survivor","Neutralize","Bane","Terror","Noxious Fumes+1","Flying Knee","Crippling Poison+1","Leg Sweep","Catalyst+1","Malaise","Crippling Poison+1","Noxious Fumes","Backflip","Night Terror","Adrenaline","Apotheosis","Master of Strategy","Catalyst","Catalyst","Burst","Footwork+1"],"special_seed":0,"relics":["Ring of the Snake","NeowsBlessing","Regal Pillow","Potion Belt","Omamori","Orichalcum","Philosopher\u0027s Stone","Ornamental Fan","Oddly Smooth Stone","Sundial","Paper Crane","Runic Pyramid","Happy Flower","Pen Nib","Frozen Egg 2"],"potions_floor_usage":[],"damage_taken":[{"damage":0.0,"enemies":"Small Slimes","floor":1.0,"turns":1.0},{"damage":0.0,"enemies":"Lagavulin","floor":6.0,"turns":1.0},{"damage":0.0,"enemies":"3 Sentries","floor":8.0,"turns":2.0},{"damage":0.0,"enemies":"2 Louse","floor":11.0,"turns":3.0},{"damage":29.0,"enemies":"Gremlin Nob","floor":13.0,"turns":4.0},{"damage":0.0,"enemies":"Cultist","floor":14.0,"turns":4.0},{"damage":9.0,"enemies":"Hexaghost","floor":16.0,"turns":9.0},{"damage":0.0,"enemies":"Spheric Guardian","floor":18.0,"turns":3.0},{"damage":14.0,"enemies":"3 Byrds","floor":20.0,"turns":4.0},{"damage":9.0,"enemies":"3 Cultists","floor":21.0,"turns":5.0},{"damage":16.0,"enemies":"Centurion and Healer","floor":24.0,"turns":6.0},{"damage":0.0,"enemies":"Gremlin Leader","floor":27.0,"turns":5.0},{"damage":10,"enemies":"Cultist and Chosen","floor":28,"turns":4},{"damage":38,"enemies":"Slavers","floor":30,"turns":4},{"damage":12,"enemies":"Automaton","floor":33,"turns":6},{"damage":1,"enemies":"3 Shapes","floor":35,"turns":5},{"damage":0,"enemies":"Orb Walker","floor":36,"turns":4},{"damage":1,"enemies":"Giant Head","floor":40,"turns":4},{"damage":9,"enemies":"Jaw Worm Horde","floor":41,"turns":4},{"damage":6,"enemies":"Nemesis","floor":42,"turns":3},{"damage":4,"enemies":"Reptomancer","floor":44,"turns":2},{"damage":11,"enemies":"Sphere and 2 Shapes","floor":45,"turns":3},{"damage":6,"enemies":"Spire Growth","floor":47,"turns":2},{"damage":0,"enemies":"4 Shapes","floor":48,"turns":3},{"damage":10,"enemies":"Awakened One","floor":50,"turns":3}],"seed_played":"2166937504052174074","potions_obtained":[{"floor":8.0,"key":"FairyPotion"},{"floor":13.0,"key":"PowerPotion"},{"floor":14.0,"key":"Energy Potion"},{"floor":16.0,"key":"AttackPotion"},{"floor":19.0,"key":"Poison Potion"},{"floor":40,"key":"AttackPotion"},{"floor":45,"key":"Block Potion"}],"is_trial":false,"path_per_floor":["M","?","$","?","$","E","$","E","T","R","M","R","E","M","R","B",null,"M","?","M","M","?","R","M","R","T","E","M","$","E","?","R","B",null,"M","M","$","?","?","E","M","E","T","E","M","$","M","M","R","B"],"character_chosen":"THE_SILENT","items_purchased":["Terror","Noxious Fumes","Night Terror","Apotheosis","EntropicBrew"],"campfire_rested":2,"item_purchase_floors":[3,5,29,37,46],"current_hp_per_floor":[59,59,59,48,48,48,48,48,48,48,48,48,19,19,19,10,52,52,52,38,29,29,29,13,47,47,47,37,37,6,6,40,28,57,56,56,56,56,46,45,36,30,30,26,15,15,9,9,9,0],"gold":931,"neow_bonus":"THREE_ENEMY_KILL","is_prod":false,"is_daily":false,"chose_seed":false,"campfire_upgraded":4,"win_rate":0,"timestamp":1563409930,"path_taken":["M","?","$","?","$","E","$","E","T","R","M","R","E","M","R","BOSS","M","?","M","?","?","R","M","R","T","E","M","$","E","?","R","BOSS","M","M","$","?","?","E","M","E","T","E","M","$","M","M","R","BOSS"],"build_version":"2019-07-05","purchased_purges":3,"victory":false,"max_hp_per_floor":[66,66,66,66,66,66,66,66,66,66,66,66,66,66,66,66,66,66,66,66,66,66,66,66,66,66,66,66,66,66,66,66,66,66,66,66,66,66,66,66,66,66,66,66,66,66,66,66,66,66],"card_choices":[{"not_picked":["Bane","Prepared","Deflect"],"picked":"SKIP","floor":1.0},{"not_picked":["Prepared","Deflect"],"picked":"Bane","floor":1.0},{"not_picked":["Concentrate","Heel Hook"],"picked":"Flying Knee","floor":6.0},{"not_picked":["Deflect","Dash"],"picked":"Crippling Poison","floor":8.0},{"not_picked":["Distraction","Finisher","Deflect"],"picked":"SKIP","floor":11.0},{"not_picked":["Outmaneuver","Blade Dance"],"picked":"Leg Sweep","floor":13.0},{"not_picked":["Leg Sweep","Predator"],"picked":"Catalyst","floor":14.0},{"not_picked":["Venomology","Tools of the Trade"],"picked":"Malaise","floor":16.0},{"not_picked":["Concentrate","Sucker Punch"],"picked":"Crippling Poison","floor":18.0},{"not_picked":["Slice","Expertise"],"picked":"Noxious Fumes","floor":20.0},{"not_picked":["Slice","Quick Slash","Poisoned Stab"],"picked":"SKIP","floor":21.0},{"not_picked":["Bane","Sucker Punch","Choke"],"picked":"SKIP","floor":24.0},{"not_picked":["Dodge and Roll","Dagger Spray"],"picked":"Backflip","floor":27.0},{"not_picked":["Bouncing Flask","Underhanded Strike","Dash"],"picked":"SKIP","floor":28},{"not_picked":["Eviscerate","Quick Slash","Dagger Throw"],"picked":"SKIP","floor":30},{"not_picked":["Envenom","Venomology"],"picked":"Adrenaline","floor":33},{"not_picked":["Dagger Throw","Flying Knee","Blur"],"picked":"SKIP","floor":35},{"not_picked":["Dagger Throw+1","Bane","Poisoned Stab"],"picked":"SKIP","floor":36},{"not_picked":["Jack Of All Trades","Sadistic Nature"],"picked":"Master of Strategy","floor":39},{"not_picked":["After Image","Die Die Die","Accuracy"],"picked":"SKIP","floor":40},{"not_picked":["After Image","Die Die Die","Accuracy"],"picked":"SKIP","floor":40},{"not_picked":["Flying Knee+1","Poisoned Stab"],"picked":"Catalyst","floor":41},{"not_picked":["Accuracy","Outmaneuver"],"picked":"Catalyst","floor":42},{"not_picked":["Deadly Poison","Dagger Spray","Blade Dance"],"picked":"SKIP","floor":44},{"not_picked":["Backflip","Leg Sweep"],"picked":"Burst","floor":45},{"not_picked":["Bouncing Flask","Dagger Spray","Blade Dance"],"picked":"SKIP","floor":47},{"not_picked":["Blade Dance","Sucker Punch"],"picked":"Footwork+1","floor":48}],"player_experience":1812202,"relics_obtained":[{"floor":6.0,"key":"Regal Pillow"},{"floor":8.0,"key":"Potion Belt"},{"floor":9.0,"key":"Omamori"},{"floor":13.0,"key":"Orichalcum"},{"floor":26.0,"key":"Ornamental Fan"},{"floor":27.0,"key":"Oddly Smooth Stone"},{"floor":30,"key":"Sundial"},{"floor":40,"key":"Happy Flower"},{"floor":42,"key":"Pen Nib"},{"floor":44,"key":"Frozen Egg 2"}],"event_choices":[{"cards_removed":["Strike_G"],"damage_healed":0.0,"max_hp_gain":0.0,"max_hp_loss":0.0,"gold_gain":0.0,"event_name":"The Cleric","player_choice":"Card Removal","floor":2.0,"gold_loss":75.0,"damage_taken":0.0},{"damage_healed":0.0,"max_hp_gain":0.0,"max_hp_loss":0.0,"gold_gain":75.0,"event_name":"World of Goop","player_choice":"Gather Gold","floor":4.0,"gold_loss":0.0,"damage_taken":11.0},{"damage_healed":0.0,"max_hp_gain":0.0,"max_hp_loss":0.0,"gold_gain":0.0,"event_name":"Lab","player_choice":"Got Potions","floor":19.0,"gold_loss":0.0,"damage_taken":0.0},{"damage_healed":0.0,"max_hp_gain":0.0,"max_hp_loss":0.0,"gold_gain":50.0,"event_name":"Nest","player_choice":"Stole From Cult","floor":22.0,"gold_loss":0.0,"damage_taken":0.0},{"damage_healed":0,"gold_gain":0,"player_choice":"Opened","damage_taken":0,"relics_obtained":["Paper Crane"],"max_hp_gain":0,"max_hp_loss":0,"event_name":"The Mausoleum","floor":31,"gold_loss":0,"cards_obtained":["Writhe"]},{"damage_healed":0,"gold_gain":999,"player_choice":"Gold","damage_taken":0,"max_hp_gain":0,"max_hp_loss":0,"event_name":"MindBloom","floor":38,"gold_loss":0,"cards_obtained":["Normality","Normality"]},{"damage_healed":0,"gold_gain":0,"player_choice":"Memory 3","damage_taken":10,"max_hp_gain":0,"max_hp_loss":0,"event_name":"SensoryStone","floor":39,"gold_loss":0}],"is_beta":false,"boss_relics":[{"not_picked":["Calling Bell","Lizard Tail"],"picked":"Philosopher\u0027s Stone"},{"not_picked":["Velvet Choker","Black Star"],"picked":"Runic Pyramid"}],"items_purged_floors":[29,37,46],"is_endless":false,"potions_floor_spawned":[8,13,14,16,18,24,40,45,47],"killed_by":"Awakened One","ascension_level":20}