{"gold_per_floor":[113,133,148,165,165,165,110,110,133,159,78,106,106],"floor_reached":13,"playtime":462,"items_purged":[],"score":186,"play_id":"b7a4e6dc-69b9-4232-b640-7b0bcf2ec59c","local_time":"20190216174447","is_ascension_mode":true,"campfire_choices":[{"data":"Leg Sweep","floor":6,"key":"SMITH"},{"data":"Neutralize","floor":8,"key":"SMITH"}],"neow_cost":"NONE","seed_source_timestamp":28355390694522,"circlet_count":0,"master_deck":["AscendersBane","Defend_G","Defend_G","Defend_G","Defend_G","Defend_G","Strike_G","Strike_G","Strike_G","Strike_G","Strike_G","Survivor","Neutralize+1","Noxious Fumes+1","Leg Sweep+1","PiercingWail","Concentrate","Corpse Explosion","Dash","Footwork"],"relics":["Ring of the Snake","Orichalcum","Bronze Scales","The Courier"],"potions_floor_usage":[10,13,13],"damage_taken":[{"damage":3,"enemies":"Cultist","floor":1,"turns":5},{"damage":2,"enemies":"Small Slimes","floor":2,"turns":4},{"damage":0,"enemies":"2 Louse","floor":3,"turns":4},{"damage":0,"enemies":"2 Fungi Beasts","floor":4,"turns":6},{"damage":25,"enemies":"Gremlin Nob","floor":10,"turns":5},{"damage":16,"enemies":"Lagavulin","floor":12,"turns":9},{"damage":25,"enemies":"Gremlin Gang","floor":13,"turns":3}],"seed_played":"5999338788695564859","potions_obtained":[{"floor":3,"key":"Energy Potion"},{"floor":10,"key":"SpeedPotion"}],"is_trial":false,"path_per_floor":["M","M","M","M","?","R","$","R","T","E","$","E","M"],"character_chosen":"THE_SILENT","items_purchased":["AttackPotion","Dash"],"campfire_rested":0,"item_purchase_floors":[7,11],"current_hp_per_floor":[62,60,60,60,60,60,60,60,60,35,35,19,0],"gold":106,"neow_bonus":"TEN_PERCENT_HP_BONUS","is_prod":false,"is_daily":false,"chose_seed":false,"campfire_upgraded":2,"win_rate":0,"timestamp":1550335487,"path_taken":["M","?","M","M","?","R","$","R","T","E","$","E","M"],"build_version":"2019-01-23","purchased_purges":0,"victory":false,"max_hp_per_floor":[72,72,72,72,72,72,72,72,72,72,72,72,72],"card_choices":[{"not_picked":["Backflip","Riddle With Holes"],"picked":"Noxious Fumes","floor":1},{"not_picked":["Finisher","Underhanded Strike"],"picked":"Leg Sweep","floor":2},{"not_picked":["Blade Dance","Calculated Gamble"],"picked":"PiercingWail","floor":3},{"not_picked":["Blade Dance","Cloak And Dagger"],"picked":"Concentrate","floor":4},{"not_picked":["Dagger Spray","PiercingWail"],"picked":"Corpse Explosion","floor":10},{"not_picked":["Cloak And Dagger","Dagger Spray"],"picked":"Footwork","floor":12}],"player_experience":1276671,"relics_obtained":[{"floor":9,"key":"Orichalcum"},{"floor":10,"key":"Bronze Scales"},{"floor":12,"key":"The Courier"}],"event_choices":[{"damage_healed":0,"gold_gain":0,"player_choice":"Grow","damage_taken":0,"max_hp_gain":0,"max_hp_loss":0,"event_name":"Living Wall","floor":5,"gold_loss":0,"cards_upgraded":["Noxious Fumes"]}],"is_beta":false,"boss_relics":[],"items_purged_floors":[],"is_endless":false,"potions_floor_spawned":[3,10],"killed_by":"Gremlin Gang","ascension_level":20}