{"gold_per_floor":[16,16,29,49,49,49,73,73,96,111,111,136,154,217,217,217],"floor_reached":16,"playtime":977,"items_purged":[],"score":200,"play_id":"95636c83-5a8b-4bc9-a693-c94cfade0945","local_time":"20180924094210","is_ascension_mode":true,"campfire_choices":[{"data":"Skewer","floor":6,"key":"SMITH"},{"data":"Dagger Spray","floor":8,"key":"SMITH"},{"data":"Unload","floor":11,"key":"SMITH"},{"data":"Dash","floor":15,"key":"SMITH"}],"neow_cost":"NO_GOLD","seed_source_timestamp":5099069462317,"circlet_count":0,"master_deck":["Defend_G","Defend_G","Defend_G","Defend_G","Strike_G","Strike_G","Strike_G","Survivor","Neutralize","AscendersBane","Distraction","Skewer+1","Slice","Injury","Masterful Stab","Dagger Spray+1","Riddle With Holes","Quick Slash","Unload+1","Dash+1","Deflect","Backflip"],"relics":["Ring of the Snake","Golden Idol","Smiling Mask","Tiny Chest"],"potions_floor_usage":[10,14,16],"damage_taken":[{"damage":0,"enemies":"Jaw Worm","floor":1,"turns":4},{"damage":4,"enemies":"Small Slimes","floor":3,"turns":5},{"damage":0,"enemies":"Cultist","floor":4,"turns":3},{"damage":1,"enemies":"Blue Slaver","floor":7,"turns":3},{"damage":0,"enemies":"Exordium Thugs","floor":10,"turns":2},{"damage":6,"enemies":"Looter","floor":12,"turns":3},{"damage":4,"enemies":"Lots of Slimes","floor":13,"turns":2},{"damage":0,"enemies":"3 Sentries","floor":14,"turns":3},{"damage":48,"enemies":"Hexaghost","floor":16,"turns":9}],"seed_played":"5956488080445772649","potions_obtained":[{"floor":3,"key":"Explosive Potion"},{"floor":7,"key":"EssenceOfSteel"},{"floor":10,"key":"SpeedPotion"},{"floor":12,"key":"SteroidPotion"}],"is_trial":false,"path_per_floor":["M","?","M","M","?","R","M","R","T","M","R","M","M","E","R"],"character_chosen":"THE_SILENT","items_purchased":[],"campfire_rested":0,"item_purchase_floors":[],"current_hp_per_floor":[63,63,59,59,59,59,58,58,58,58,58,52,48,48,48,0],"gold":217,"neow_bonus":"TRANSFORM_TWO_CARDS","is_prod":false,"is_daily":false,"chose_seed":false,"campfire_upgraded":4,"win_rate":0,"timestamp":1537774930,"path_taken":["M","?","M","M","?","R","M","R","T","M","R","?","M","E","R","BOSS"],"build_version":"2018-09-20","purchased_purges":0,"victory":false,"max_hp_per_floor":[70,70,70,70,70,70,70,70,70,70,70,70,70,70,70,70],"card_choices":[{"not_picked":["Blade Dance","Dagger Spray"],"picked":"Slice","floor":1},{"not_picked":["Backstab","Heel Hook"],"picked":"Masterful Stab","floor":3},{"not_picked":["Catalyst","Deflect"],"picked":"Dagger Spray","floor":4},{"not_picked":["Prepared","Well Laid Plans"],"picked":"Quick Slash","floor":7},{"not_picked":["Acrobatics","Underhanded Strike"],"picked":"Unload","floor":10},{"not_picked":["Outmaneuver","Quick Slash"],"picked":"Dash","floor":12},{"not_picked":["Underhanded Strike","Tools of the Trade"],"picked":"Deflect","floor":13},{"not_picked":["Calculated Gamble","Eviscerate"],"picked":"Backflip","floor":14}],"player_experience":509655,"relics_obtained":[{"floor":9,"key":"Smiling Mask"},{"floor":14,"key":"Tiny Chest"}],"event_choices":[{"event_name":"Golden Idol","player_choice":"Take Wound","floor":2,"damage_taken":0},{"event_name":"Transmorgrifier","player_choice":"Transform","floor":5,"damage_taken":0}],"is_beta":true,"boss_relics":[],"items_purged_floors":[],"is_endless":false,"potions_floor_spawned":[3,7,10,12],"killed_by":"Hexaghost","ascension_level":11}