{"gold_per_floor":[362,273,283,283,283,283,248,248,248,262,262,282,282,282,282,359,359,378,394,394,394,408,436,436,450,450,450,463,463],"floor_reached":29,"playtime":934,"items_purged":[],"score":396,"play_id":"ac4cda34-9732-4575-b87d-fe902c3cfc0a","local_time":"20181002170639","is_ascension_mode":true,"campfire_choices":[{"data":"Defragment","floor":6,"key":"SMITH"},{"data":"Zap","floor":8,"key":"SMITH"},{"data":"Dualcast","floor":11,"key":"SMITH"},{"data":"Creative AI","floor":13,"key":"SMITH"},{"data":"Loop","floor":15,"key":"SMITH"},{"floor":24,"key":"REST"},{"floor":27,"key":"REST"}],"neow_cost":"PERCENT_DAMAGE","seed_source_timestamp":26296458415338,"circlet_count":0,"master_deck":["Strike_B+1","Strike_B+1","Strike_B+1","Strike_B+1","Defend_B+1","Defend_B+1","Defend_B+1","Defend_B+1","Zap+1","Dualcast+1","AscendersBane","Glacier","Defragment+1","Gash","Gash","Creative AI+1","Loop+1","Reboot","Sunder","Blizzard+1","White Noise","Capacitor","Recycle+1"],"relics":["Cracked Core","Mercury Hourglass","Sozu","Kunai","Bottled Tornado"],"potions_floor_usage":[19,23],"damage_taken":[{"damage":1,"enemies":"2 Louse","floor":1,"turns":2},{"damage":1,"enemies":"Small Slimes","floor":3,"turns":4},{"damage":1,"enemies":"Cultist","floor":10,"turns":3},{"damage":7,"enemies":"Exordium Wildlife","floor":12,"turns":4},{"damage":32,"enemies":"The Guardian","floor":16,"turns":8},{"damage":18,"enemies":"Shell Parasite","floor":18,"turns":4},{"damage":6,"enemies":"3 Byrds","floor":19,"turns":5},{"damage":9,"enemies":"Sentry and Sphere","floor":22,"turns":4},{"damage":30,"enemies":"Book of Stabbing","floor":23,"turns":5},{"damage":14,"enemies":"Snake Plant","floor":25,"turns":4},{"damage":26,"enemies":"Cultist and Chosen","floor":28,"turns":4},{"damage":9,"enemies":"Sentry and Sphere","floor":29,"turns":2}],"seed_played":"-7820606817334005752","potions_obtained":[{"floor":1,"key":"Block Potion"},{"floor":3,"key":"Block Potion"},{"floor":12,"key":"FocusPotion"}],"is_trial":false,"path_per_floor":["M","$","M","$","?","R","?","R","T","M","R","M","R","?","R","B",null,"M","M","?","?","M","E","R","M","T","R","M"],"character_chosen":"DEFECT","items_purchased":["Defragment","Gash"],"campfire_rested":2,"item_purchase_floors":[2,2],"current_hp_per_floor":[45,45,44,44,44,44,61,61,61,60,60,53,53,58,58,26,64,46,40,40,40,31,1,23,9,9,31,5,0],"gold":463,"neow_bonus":"TWO_FIFTY_GOLD","is_prod":false,"is_daily":false,"chose_seed":false,"campfire_upgraded":5,"win_rate":0,"timestamp":1538492799,"path_taken":["M","$","M","$","?","R","?","R","T","M","R","M","R","?","R","BOSS","M","M","?","?","M","E","R","M","T","R","M","M"],"build_version":"2018-10-01","purchased_purges":0,"victory":false,"max_hp_per_floor":[71,71,71,71,71,71,71,71,71,71,71,71,71,76,76,76,76,76,76,76,76,76,76,76,76,76,76,76,76],"card_choices":[{"not_picked":["Coolheaded","Blizzard"],"picked":"Glacier","floor":1},{"not_picked":["Beam Cell","Redo"],"picked":"Gash","floor":3},{"not_picked":["Ball Lightning","Go for the Eyes"],"picked":"Creative AI","floor":10},{"not_picked":["Stack","Double Energy"],"picked":"Loop","floor":12},{"not_picked":["Rainbow","Electrodynamics"],"picked":"Reboot","floor":16},{"not_picked":["Lockon+1","Turbo+1"],"picked":"Sunder","floor":18},{"not_picked":["Stack","Streamline"],"picked":"Blizzard","floor":19},{"not_picked":["Cold Snap","Conserve Battery","Beam Cell"],"picked":"SKIP","floor":22},{"not_picked":["Ball Lightning","Defragment"],"picked":"White Noise","floor":23},{"not_picked":["Sunder","Coolheaded+1"],"picked":"Capacitor","floor":25},{"not_picked":["Ball Lightning","Static Discharge"],"picked":"Recycle+1","floor":28}],"player_experience":574548,"relics_obtained":[{"floor":9,"key":"Mercury Hourglass"},{"floor":23,"key":"Kunai"},{"floor":26,"key":"Bottled Tornado"}],"event_choices":[{"event_name":"Liars Game","player_choice":"disagreed","floor":5,"damage_taken":0},{"event_name":"The Cleric","player_choice":"Healed","floor":7,"damage_taken":0},{"event_name":"Big Fish","player_choice":"Donut","floor":14,"damage_taken":0},{"event_name":"Accursed Blacksmith","player_choice":"Forge","floor":20,"damage_taken":0},{"event_name":"Back to Basics","player_choice":"Simplicity","floor":21,"damage_taken":0}],"is_beta":true,"boss_relics":[{"not_picked":["Black Star","Lizard Tail"],"picked":"Sozu"}],"items_purged_floors":[],"is_endless":false,"potions_floor_spawned":[1,3,12,16,19,22,25],"killed_by":"Sentry and Sphere","ascension_level":14}