{"gold_per_floor":[119,130,130,150,161,161,176,208,208,219,219,238,163,192,192,192],"floor_reached":16,"playtime":503,"items_purged":["Decay"],"score":228,"play_id":"d91e2f11-b40f-4edd-92a1-635ec7ecbc3c","local_time":"20190828111900","is_ascension_mode":true,"campfire_choices":[{"data":"Uppercut","floor":6,"key":"SMITH"},{"data":"Bash","floor":11,"key":"SMITH"},{"floor":15,"key":"REST"}],"neow_cost":"NONE","seed_source_timestamp":5464824281513,"circlet_count":0,"master_deck":["AscendersBane","Strike_R","Strike_R","Strike_R","Strike_R","Strike_R","Defend_R","Defend_R","Defend_R","Defend_R","Bash+1","Anger","Sword Boomerang","Uppercut+1","Headbutt","Impervious","Shockwave","Armaments+1","Inflame","Feed"],"relics":["Burning Blood","Regal Pillow","Toxic Egg 2","Centennial Puzzle"],"potions_floor_usage":[8,14,16],"damage_taken":[{"damage":7,"enemies":"Small Slimes","floor":1,"turns":3},{"damage":1,"enemies":"Cultist","floor":2,"turns":3},{"damage":9,"enemies":"Jaw Worm","floor":4,"turns":2},{"damage":11,"enemies":"Looter","floor":5,"turns":3},{"damage":12,"enemies":"Exordium Thugs","floor":7,"turns":4},{"damage":22,"enemies":"Lagavulin","floor":8,"turns":6},{"damage":15,"enemies":"Large Slime","floor":10,"turns":4},{"damage":18,"enemies":"Blue Slaver","floor":12,"turns":4},{"damage":17,"enemies":"3 Sentries","floor":14,"turns":5},{"damage":49,"enemies":"Hexaghost","floor":16,"turns":9}],"seed_played":"-4664267090957275448","potions_obtained":[{"floor":0,"key":"Poison Potion"},{"floor":0,"key":"SpeedPotion"},{"floor":1,"key":"PowerPotion"},{"floor":7,"key":"Strength Potion"},{"floor":10,"key":"Block Potion"}],"is_trial":false,"path_per_floor":["M","M","?","M","M","R","M","E","T","M","R","M","$","E","R","B"],"character_chosen":"IRONCLAD","items_purchased":[],"campfire_rested":1,"item_purchase_floors":[],"current_hp_per_floor":[67,72,72,69,64,64,58,42,42,33,33,21,21,10,47,0],"gold":192,"neow_bonus":"THREE_SMALL_POTIONS","is_prod":false,"is_daily":false,"chose_seed":false,"campfire_upgraded":2,"win_rate":0,"timestamp":1566983940,"path_taken":["M","M","?","M","?","R","?","E","T","M","R","M","$","E","R","BOSS"],"build_version":"2019-07-17","purchased_purges":1,"victory":false,"max_hp_per_floor":[75,75,75,75,75,75,75,75,75,75,75,75,75,75,75,75],"card_choices":[{"not_picked":["Cleave","Corruption"],"picked":"Anger","floor":1},{"not_picked":["Armaments","Intimidate"],"picked":"Sword Boomerang","floor":2},{"not_picked":["Clothesline","Cleave"],"picked":"Uppercut","floor":4},{"not_picked":["Corruption","Seeing Red"],"picked":"Headbutt","floor":5},{"not_picked":["Body Slam","Iron Wave"],"picked":"Impervious","floor":7},{"not_picked":["Iron Wave","Clothesline"],"picked":"Shockwave","floor":8},{"not_picked":["Sword Boomerang","Second Wind+1"],"picked":"Armaments+1","floor":10},{"not_picked":["Anger","Reckless Charge"],"picked":"Inflame","floor":12},{"not_picked":["Twin Strike","Fire Breathing"],"picked":"Feed","floor":14}],"player_experience":1983697,"relics_obtained":[{"floor":8,"key":"Regal Pillow"},{"floor":9,"key":"Toxic Egg 2"},{"floor":14,"key":"Centennial Puzzle"}],"event_choices":[{"damage_healed":0,"gold_gain":0,"player_choice":"Cursed","damage_taken":0,"max_hp_gain":0,"max_hp_loss":0,"event_name":"Wheel of Change","floor":3,"gold_loss":0,"cards_obtained":["Decay"]}],"is_beta":false,"boss_relics":[],"items_purged_floors":[13],"is_endless":false,"potions_floor_spawned":[1,2,7,10],"killed_by":"Hexaghost","ascension_level":20}