{"gold_per_floor":[115,127,147,147,159,159,188,205,205,205,225,252,252,269,269,348,348,348,273,273,52,52,52,52,52,52,52,52,52,52,52,52,52,52,52,52,52,52,52,52,52,52,52,52,52,52,52,2,2,2,2],"floor_reached":51,"playtime":1545,"items_purged":["Strike_R"],"score":1598,"play_id":"c0f8a683-5894-4e5d-9507-c0c092b8e2e5","local_time":"20190730180117","is_ascension_mode":true,"campfire_choices":[{"data":"Anger","floor":6.0,"key":"SMITH"},{"floor":10.0,"key":"REST"},{"data":"Limit Break","floor":13.0,"key":"SMITH"},{"data":"Whirlwind","floor":15.0,"key":"SMITH"},{"data":"Corruption","floor":24.0,"key":"SMITH"},{"data":"Dark Embrace","floor":27.0,"key":"SMITH"},{"floor":32.0,"key":"REST"},{"data":"Battle Trance","floor":47,"key":"SMITH"},{"floor":49,"key":"RECALL"}],"neow_cost":"TEN_PERCENT_HP_LOSS","seed_source_timestamp":29038570431396,"circlet_count":0,"master_deck":["AscendersBane","Strike_R","Strike_R","Defend_R","Defend_R","Defend_R","Defend_R","Bash+1","Burning Pact","Anger+1","Evolve","Flame Barrier","Limit Break+1","Twin Strike","Whirlwind+1","Sentinel","Twin Strike","Berserk","Cleave","Blood for Blood","Warcry","Corruption+1","Dark Embrace+1","Battle Trance+1","Flame Barrier","Heavy Blade","Sword Boomerang","Reaper","Flash of Steel","Shrug It Off","Corruption+1","Dual Wield+1","Offering"],"special_seed":0,"relics":["Burning Blood","Charon\u0027s Ashes","Bag of Marbles","Centennial Puzzle","Red Skull","Ectoplasm","Brimstone","Blue Candle","Tiny Chest","Smiling Mask","Du-Vu Doll","Philosopher\u0027s Stone","Regal Pillow","Bottled Lightning","Bottled Tornado","Mummified Hand"],"potions_floor_usage":[44],"damage_taken":[{"damage":16.0,"enemies":"Jaw Worm","floor":1.0,"turns":5.0},{"damage":7.0,"enemies":"Cultist","floor":2.0,"turns":4.0},{"damage":3.0,"enemies":"2 Louse","floor":3.0,"turns":3.0},{"damage":29.0,"enemies":"Exordium Thugs","floor":5.0,"turns":4.0},{"damage":23.0,"enemies":"Lagavulin","floor":7.0,"turns":6.0},{"damage":14.0,"enemies":"3 Louse","floor":8.0,"turns":4.0},{"damage":13.0,"enemies":"Blue Slaver","floor":11.0,"turns":2.0},{"damage":8.0,"enemies":"Gremlin Nob","floor":12.0,"turns":3.0},{"damage":0.0,"enemies":"Lots of Slimes","floor":14.0,"turns":2.0},{"damage":13.0,"enemies":"Slime Boss","floor":16.0,"turns":6.0},{"damage":17.0,"enemies":"3 Byrds","floor":18.0,"turns":4.0},{"damage":13.0,"enemies":"Chosen","floor":20.0,"turns":4.0},{"damage":20.0,"enemies":"Sentry and Sphere","floor":22.0,"turns":4.0},{"damage":0.0,"enemies":"Slavers","floor":23.0,"turns":1.0},{"damage":0.0,"enemies":"Gremlin Leader","floor":25.0,"turns":1.0},{"damage":16.0,"enemies":"Book of Stabbing","floor":28.0,"turns":2.0},{"damage":14.0,"enemies":"3 Cultists","floor":29.0,"turns":3.0},{"damage":17.0,"enemies":"Slavers","floor":30.0,"turns":4.0},{"damage":0.0,"enemies":"Cultist and Chosen","floor":31.0,"turns":2.0},{"damage":20.0,"enemies":"Automaton","floor":33.0,"turns":4.0},{"damage":1.0,"enemies":"Orb Walker","floor":35.0,"turns":2.0},{"damage":11.0,"enemies":"3 Shapes","floor":36.0,"turns":3.0},{"damage":5.0,"enemies":"Maw","floor":39.0,"turns":4.0},{"damage":55.0,"enemies":"Giant Head","floor":40.0,"turns":4.0},{"damage":0.0,"enemies":"3 Darklings","floor":42.0,"turns":1.0},{"damage":20,"enemies":"Nemesis","floor":44,"turns":3},{"damage":0,"enemies":"Sphere and 2 Shapes","floor":45,"turns":1},{"damage":47,"enemies":"Donu and Deca","floor":50,"turns":3},{"damage":42,"enemies":"Time Eater","floor":51,"turns":2}],"seed_played":"4445323915625589306","potions_obtained":[{"floor":1.0,"key":"PowerPotion"},{"floor":2.0,"key":"Energy Potion"},{"floor":8.0,"key":"EntropicBrew"},{"floor":23.0,"key":"SmokeBomb"},{"floor":28.0,"key":"Ancient Potion"},{"floor":30.0,"key":"FearPotion"},{"floor":36.0,"key":"AttackPotion"},{"floor":44,"key":"EntropicBrew"}],"is_trial":false,"path_per_floor":["M","M","M","?","M","R","E","M","T","R","M","E","R","M","R","B",null,"M","?","M","$","M","E","R","E","T","R","E","M","E","M","R","B",null,"M","M","T","?","M","E","T","M","T","E","M","?","R","$","R","B","B"],"character_chosen":"IRONCLAD","items_purchased":["Brimstone"],"campfire_rested":2,"item_purchase_floors":[21],"current_hp_per_floor":[58,57,60,60,37,37,20,12,12,32,25,23,23,29,29,22,57,46,46,39,39,25,31,31,37,37,37,27,19,8,14,34,20,56,61,56,56,46,53,34,34,40,40,26,32,32,32,32,32,27,0],"gold":2,"neow_bonus":"ONE_RARE_RELIC","is_prod":false,"is_daily":false,"chose_seed":false,"campfire_upgraded":6,"win_rate":0,"timestamp":1564502477,"path_taken":["M","M","M","?","M","R","E","?","T","R","M","E","R","M","R","BOSS","M","?","M","$","M","E","R","E","T","R","E","M","E","M","R","BOSS","M","M","?","?","M","E","?","?","T","E","M","?","R","?","R","BOSS","BOSS"],"build_version":"2019-07-17","purchased_purges":1,"victory":false,"max_hp_per_floor":[68,68,68,68,68,68,68,68,68,68,68,68,68,68,68,68,68,68,68,68,68,68,68,68,68,68,68,68,68,68,68,68,68,68,68,68,68,68,68,68,68,68,68,68,68,65,65,65,65,65,65],"card_choices":[{"not_picked":["Warcry","Dropkick"],"picked":"Burning Pact","floor":1.0},{"not_picked":["Havoc","Sword Boomerang"],"picked":"Anger","floor":2.0},{"not_picked":["Intimidate","Havoc"],"picked":"Evolve","floor":3.0},{"not_picked":["Sword Boomerang","Heavy Blade"],"picked":"Flame Barrier","floor":5.0},{"not_picked":["Armaments","Evolve"],"picked":"Limit Break","floor":7.0},{"not_picked":["Pummel","Havoc"],"picked":"Twin Strike","floor":8.0},{"not_picked":["Wild Strike","Iron Wave"],"picked":"Whirlwind","floor":11.0},{"not_picked":["Evolve","Second Wind"],"picked":"Sentinel","floor":12.0},{"not_picked":["Sentinel","True Grit"],"picked":"Twin Strike","floor":14.0},{"not_picked":["Brutality","Barricade"],"picked":"Berserk","floor":16.0},{"not_picked":["Rampage","Clothesline","Clash"],"picked":"SKIP","floor":18.0},{"not_picked":["Havoc","Burning Pact"],"picked":"Warcry","floor":20.0},{"not_picked":["Clash","Shrug It Off+1"],"picked":"Corruption","floor":22.0},{"not_picked":["Rampage","Limit Break"],"picked":"Dark Embrace","floor":23.0},{"not_picked":["Entrench","Thunderclap"],"picked":"Battle Trance","floor":28.0},{"not_picked":["Infernal Blade","Ghostly Armor"],"picked":"Flame Barrier","floor":29.0},{"not_picked":["Clothesline","Blood for Blood"],"picked":"Heavy Blade","floor":30.0},{"not_picked":["Body Slam","Pommel Strike"],"picked":"Sword Boomerang","floor":31.0},{"not_picked":["Impervious","Brutality"],"picked":"Reaper","floor":33.0},{"not_picked":["Thunderclap","Flex","Clothesline+1"],"picked":"SKIP","floor":35.0},{"not_picked":["Perfected Strike+1","Thunderclap","Twin Strike"],"picked":"SKIP","floor":36.0},{"not_picked":["Transmutation","Jack Of All Trades"],"picked":"Flash of Steel","floor":38.0},{"not_picked":["Twin Strike","Pommel Strike","Entrench"],"picked":"SKIP","floor":39.0},{"not_picked":["Flex","Combust"],"picked":"Shrug It Off","floor":40.0},{"not_picked":["Spot Weakness","Pommel Strike"],"picked":"Corruption+1","floor":42},{"not_picked":["Headbutt","Pommel Strike"],"picked":"Dual Wield+1","floor":44},{"not_picked":["True Grit+1","Havoc"],"picked":"Offering","floor":45}],"player_experience":1864939,"relics_obtained":[{"floor":7.0,"key":"Bag of Marbles"},{"floor":9.0,"key":"Centennial Puzzle"},{"floor":12.0,"key":"Red Skull"},{"floor":23.0,"key":"Blue Candle"},{"floor":26.0,"key":"Tiny Chest"},{"floor":28.0,"key":"Smiling Mask"},{"floor":30.0,"key":"Du-Vu Doll"},{"floor":40.0,"key":"Regal Pillow"},{"floor":41.0,"key":"Bottled Lightning"},{"floor":43,"key":"Bottled Tornado"},{"floor":44,"key":"Mummified Hand"}],"event_choices":[{"damage_healed":0.0,"max_hp_gain":0.0,"max_hp_loss":0.0,"gold_gain":0.0,"event_name":"Upgrade Shrine","player_choice":"Upgraded","floor":4.0,"gold_loss":0.0,"damage_taken":0.0,"cards_upgraded":["Bash"]},{"damage_healed":0.0,"max_hp_gain":0.0,"max_hp_loss":0.0,"gold_gain":0.0,"cards_transformed":["Strike_R","Strike_R"],"event_name":"Designer","player_choice":"Transformed Cards","floor":19.0,"gold_loss":75.0,"damage_taken":0.0,"cards_obtained":["Cleave","Blood for Blood"]},{"damage_healed":0.0,"max_hp_gain":0.0,"max_hp_loss":0.0,"gold_gain":0.0,"event_name":"SensoryStone","player_choice":"Memory 3","floor":38.0,"gold_loss":0.0,"damage_taken":10.0},{"damage_healed":0,"gold_gain":0,"player_choice":"Max HP","damage_taken":0,"max_hp_gain":0,"max_hp_loss":3,"event_name":"Winding Halls","floor":46,"gold_loss":0}],"is_beta":false,"boss_relics":[{"not_picked":["Eternal Feather","Velvet Choker"],"picked":"Ectoplasm"},{"not_picked":["Sozu","Tiny House"],"picked":"Philosopher\u0027s Stone"}],"items_purged_floors":[48],"is_endless":false,"potions_floor_spawned":[1,2,8,11,23,25,28,30,31,33,36,44],"killed_by":"Time Eater","ascension_level":20}