{"gold_per_floor":[117,71,89,102,102,134,134,163,163,163,182,182,182,107,107,232,232,255,279,279],"floor_reached":20,"playtime":1355,"items_purged":["Strike_G"],"score":290,"play_id":"d55d9ee8-00ba-4daf-91da-383da60ae4a1","local_time":"20190408110358","is_ascension_mode":true,"campfire_choices":[{"floor":10,"key":"REST"},{"data":"Footwork","floor":12,"key":"SMITH"},{"floor":15,"key":"REST"}],"neow_cost":"NONE","seed_source_timestamp":820068386514122,"circlet_count":0,"master_deck":["Defend_G","Defend_G","Defend_G","Defend_G","Defend_G","Strike_G","Strike_G","Strike_G+1","Strike_G+1","Survivor","Neutralize","Grand Finale","Footwork+1","Poisoned Stab","Choke","Sucker Punch","Deadly Poison","Acrobatics","Dagger Throw","Envenom","Escape Plan","Footwork"],"relics":["Ring of the Snake","Bottled Tornado","Blue Candle","Mercury Hourglass","Golden Idol","Runic Dome"],"potions_floor_usage":[8,16,20],"damage_taken":[{"damage":7,"enemies":"Cultist","floor":1,"turns":5},{"damage":1,"enemies":"Jaw Worm","floor":3,"turns":6},{"damage":0,"enemies":"Small Slimes","floor":4,"turns":3},{"damage":12,"enemies":"Lagavulin","floor":6,"turns":7},{"damage":30,"enemies":"Gremlin Nob","floor":8,"turns":4},{"damage":5,"enemies":"Looter","floor":11,"turns":4},{"damage":0,"enemies":"Slime Boss","floor":16,"turns":3},{"damage":13,"enemies":"Shell Parasite","floor":18,"turns":5},{"damage":24,"enemies":"Chosen","floor":19,"turns":5},{"damage":43,"enemies":"Centurion and Healer","floor":20,"turns":4}],"seed_played":"4737509746892930768","potions_obtained":[{"floor":1,"key":"SteroidPotion"},{"floor":8,"key":"AttackPotion"},{"floor":16,"key":"GhostInAJar"},{"floor":19,"key":"Regen Potion"}],"is_trial":false,"path_per_floor":["M","$","M","M","?","E","?","E","T","R","M","R","?","$","R","B",null,"M","M","M"],"character_chosen":"THE_SILENT","items_purchased":["Poisoned Stab"],"campfire_rested":2,"item_purchase_floors":[2],"current_hp_per_floor":[63,63,62,62,48,36,59,29,29,50,45,45,28,28,49,49,65,52,28,0],"gold":279,"neow_bonus":"ONE_RANDOM_RARE_CARD","is_prod":false,"is_daily":false,"chose_seed":false,"campfire_upgraded":1,"win_rate":0,"timestamp":1554746638,"path_taken":["M","?","M","M","?","E","?","E","T","R","M","R","?","?","R","BOSS","M","M","M"],"build_version":"2019-01-23","purchased_purges":1,"victory":false,"max_hp_per_floor":[70,70,70,70,70,70,70,70,70,70,70,70,70,70,70,70,70,70,70,70],"card_choices":[{"not_picked":["Infinite Blades","Reflex"],"picked":"Footwork","floor":1},{"not_picked":["Dagger Throw","Eviscerate"],"picked":"Choke","floor":3},{"not_picked":["Blade Dance","Dagger Spray"],"picked":"Sucker Punch","floor":4},{"not_picked":["Calculated Gamble","Reflex"],"picked":"Deadly Poison","floor":6},{"not_picked":["Bouncing Flask","PiercingWail"],"picked":"Acrobatics","floor":8},{"not_picked":["Infinite Blades","Cloak And Dagger"],"picked":"Dagger Throw","floor":11},{"not_picked":["Glass Knife","A Thousand Cuts"],"picked":"Envenom","floor":16},{"not_picked":["Noxious Fumes","Reflex"],"picked":"Escape Plan","floor":18},{"not_picked":["Concentrate","Flying Knee"],"picked":"Footwork","floor":19}],"player_experience":531452,"relics_obtained":[{"floor":6,"key":"Bottled Tornado"},{"floor":8,"key":"Blue Candle"},{"floor":9,"key":"Mercury Hourglass"}],"event_choices":[{"damage_healed":0,"gold_gain":0,"player_choice":"Entered Light","damage_taken":14,"max_hp_gain":0,"max_hp_loss":0,"event_name":"Shining Light","floor":5,"gold_loss":0,"cards_upgraded":["Strike_G","Strike_G"]},{"damage_healed":23,"gold_gain":0,"player_choice":"Banana","damage_taken":0,"max_hp_gain":0,"max_hp_loss":0,"event_name":"Big Fish","floor":7,"gold_loss":0},{"damage_healed":0,"gold_gain":0,"player_choice":"Take Damage","damage_taken":17,"relics_obtained":["Golden Idol"],"max_hp_gain":0,"max_hp_loss":0,"event_name":"Golden Idol","floor":13,"gold_loss":0}],"is_beta":false,"boss_relics":[{"not_picked":["Fusion Hammer","Runic Pyramid"],"picked":"Runic Dome"}],"items_purged_floors":[14],"is_endless":false,"potions_floor_spawned":[1,8,16,19],"killed_by":"Centurion and Healer","ascension_level":5}