{"gold_per_floor":[111,36,48,68,218,218,61,61,115,115,145,157,169,181,193,276,288,286,33,47,47,47,78,78,78],"floor_reached":25,"playtime":3189,"items_purged":["Strike_G"],"score":420,"play_id":"00e58b61-2fe2-4c0b-9ec9-3aacbde2cbf7","local_time":"20181126200017","is_ascension_mode":true,"campfire_choices":[{"data":"Crippling Poison","floor":6.0,"key":"SMITH"},{"data":"Bouncing Flask","floor":8.0,"key":"SMITH"},{"data":"Catalyst","floor":10.0,"key":"SMITH"},{"data":"Footwork","floor":13.0,"key":"SMITH"},{"floor":15.0,"key":"REST"},{"data":"Catalyst","floor":24,"key":"SMITH"}],"neow_cost":"NONE","seed_source_timestamp":0,"circlet_count":0,"master_deck":["AscendersBane","Defend_G","Defend_G","Defend_G+1","Defend_G+1","Defend_G","Strike_G","Strike_G","Strike_G","Survivor","Neutralize+1","Crippling Poison+1","Bouncing Flask+1","Dodge and Roll","Doubt","Footwork+1","Catalyst+1","Poisoned Stab","Doppelganger","Cloak And Dagger","Catalyst+1","Acrobatics"],"special_seed":0,"relics":["Ring of the Snake","Ancient Tea Set","MawBank","Runic Pyramid","Membership Card","Boot"],"potions_floor_usage":[16,16],"damage_taken":[{"damage":0.0,"enemies":"Small Slimes","floor":1.0,"turns":4.0},{"damage":1.0,"enemies":"2 Louse","floor":3.0,"turns":3.0},{"damage":0.0,"enemies":"Cultist","floor":4.0,"turns":3.0},{"damage":30.0,"enemies":"3 Sentries","floor":11.0,"turns":7.0},{"damage":24,"enemies":"Slime Boss","floor":16,"turns":12},{"damage":12,"enemies":"2 Thieves","floor":18,"turns":5},{"damage":2,"enemies":"Shell Parasite","floor":20,"turns":4},{"damage":13,"enemies":"Book of Stabbing","floor":23,"turns":6},{"damage":31,"enemies":"Gremlin Leader","floor":25,"turns":9}],"seed_played":"330431840826027771","potions_obtained":[{"floor":3.0,"key":"Weak Potion"},{"floor":4.0,"key":"Swift Potion"},{"floor":16,"key":"Strength Potion"}],"is_trial":false,"path_per_floor":["M","?","M","M","?","R","$","R","T","R","E","?","R","?","R","B",null,"M","$","M","?","?","E","R","E"],"character_chosen":"THE_SILENT","items_purchased":["Footwork","Catalyst","Membership Card","Dexterity Potion"],"campfire_rested":1,"item_purchase_floors":[7,7,19,19],"current_hp_per_floor":[59,59,58,58,58,58,58,58,58,58,28,8,8,8,27,3,50,38,38,36,36,36,23,23,0],"gold":78,"neow_bonus":"UPGRADE_CARD","is_prod":false,"is_daily":false,"chose_seed":false,"campfire_upgraded":5,"win_rate":0,"timestamp":1543258817,"path_taken":["M","?","M","M","?","R","$","R","T","R","E","?","R","?","R","BOSS","M","$","M","?","?","E","R","E"],"build_version":"2018-11-15","purchased_purges":1,"victory":false,"max_hp_per_floor":[66,66,66,66,66,66,66,66,66,66,66,66,66,66,66,66,66,66,66,66,66,66,66,66,66],"card_choices":[{"not_picked":["Acrobatics","Masterful Stab"],"picked":"Crippling Poison","floor":1.0},{"not_picked":["Backstab","Poisoned Stab"],"picked":"Bouncing Flask","floor":3.0},{"not_picked":["PiercingWail","Flechettes"],"picked":"Dodge and Roll","floor":4.0},{"not_picked":["Catalyst","Deadly Poison"],"picked":"Poisoned Stab","floor":11.0},{"not_picked":["Storm of Steel","Phantasmal Killer"],"picked":"Doppelganger","floor":16},{"not_picked":["Quick Slash","Riddle With Holes"],"picked":"Cloak And Dagger","floor":18},{"not_picked":["Well Laid Plans","Underhanded Strike"],"picked":"Catalyst","floor":20},{"not_picked":["Quick Slash","Eviscerate"],"picked":"Acrobatics","floor":23}],"player_experience":889283,"relics_obtained":[{"floor":9.0,"key":"Ancient Tea Set"},{"floor":11.0,"key":"MawBank"},{"floor":23,"key":"Boot"}],"event_choices":[{"cards_removed":["Strike_G"],"damage_healed":0.0,"max_hp_gain":0.0,"max_hp_loss":0.0,"gold_gain":0.0,"event_name":"The Cleric","player_choice":"Card Removal","floor":2.0,"gold_loss":75.0,"damage_taken":0.0},{"damage_healed":0.0,"max_hp_gain":0.0,"max_hp_loss":0.0,"gold_gain":150.0,"event_name":"Liars Game","player_choice":"AGREE","floor":5.0,"gold_loss":0.0,"damage_taken":0.0,"cards_obtained":["Doubt"]},{"damage_healed":0.0,"max_hp_gain":0.0,"max_hp_loss":0.0,"gold_gain":0.0,"event_name":"Shining Light","player_choice":"Entered Light","floor":12.0,"gold_loss":0.0,"damage_taken":20.0,"cards_upgraded":["Defend_G","Defend_G"]},{"damage_healed":0.0,"max_hp_gain":0.0,"max_hp_loss":0.0,"gold_gain":0.0,"event_name":"Dead Adventurer","player_choice":"Searched \u00270\u0027 times","floor":14.0,"gold_loss":0.0,"damage_taken":0.0},{"damage_healed":0,"gold_gain":0,"player_choice":"Ignored","damage_taken":0,"max_hp_gain":0,"max_hp_loss":0,"event_name":"Ghosts","floor":21,"gold_loss":0}],"is_beta":true,"boss_relics":[{"not_picked":["Runic Dome","Sozu"],"picked":"Runic Pyramid"}],"items_purged_floors":[19],"is_endless":false,"potions_floor_spawned":[3,4,16],"killed_by":"Gremlin Leader","ascension_level":15}