{"gold_per_floor":[111,127,142,160,160,160,173,173,173,173,184,211,211,211,211,211],"floor_reached":16,"playtime":930,"items_purged":[],"score":179,"play_id":"344a8bc9-98b5-4d7d-ae8e-038460ebd655","local_time":"20181017191552","is_ascension_mode":true,"campfire_choices":[{"data":"Inflame","floor":6,"key":"SMITH"},{"data":"Flex","floor":8,"key":"SMITH"},{"data":"Bash","floor":10,"key":"SMITH"},{"data":"Double Tap","floor":15,"key":"SMITH"}],"neow_cost":"PERCENT_DAMAGE","seed_source_timestamp":37710040995362,"circlet_count":0,"master_deck":["Strike_R","Strike_R","Strike_R","Strike_R","Strike_R","Defend_R","Defend_R","Defend_R","Defend_R","Bash+1","AscendersBane","Pommel Strike","Flex+1","Spot Weakness+1","Inflame+1","Iron Wave","Double Tap+1","Cleave"],"relics":["Burning Blood","Ginger","Blue Candle","Bottled Flame"],"potions_floor_usage":[16],"damage_taken":[{"damage":1,"enemies":"Cultist","floor":1,"turns":3},{"damage":4,"enemies":"Jaw Worm","floor":2,"turns":4},{"damage":6,"enemies":"2 Louse","floor":3,"turns":2},{"damage":28,"enemies":"Exordium Wildlife","floor":4,"turns":5},{"damage":18,"enemies":"3 Louse","floor":7,"turns":4},{"damage":6,"enemies":"Blue Slaver","floor":11,"turns":3},{"damage":35,"enemies":"3 Sentries","floor":12,"turns":7},{"damage":35,"enemies":"Hexaghost","floor":16,"turns":7}],"seed_played":"-7750941813417591014","potions_obtained":[{"floor":4,"key":"FairyPotion"},{"floor":12,"key":"Dexterity Potion"}],"is_trial":false,"path_per_floor":["M","M","M","M","?","R","M","R","T","R","M","E","?","?","R"],"character_chosen":"IRONCLAD","items_purchased":[],"campfire_rested":0,"item_purchase_floors":[],"current_hp_per_floor":[55,57,57,35,35,35,23,23,23,23,23,8,8,33,33,0],"gold":211,"neow_bonus":"ONE_RARE_RELIC","is_prod":false,"is_daily":false,"chose_seed":false,"campfire_upgraded":4,"win_rate":0,"timestamp":1539796552,"path_taken":["M","?","?","M","?","R","M","R","T","R","M","E","?","?","R","BOSS"],"build_version":"2018-10-16","purchased_purges":0,"victory":false,"max_hp_per_floor":[75,75,75,75,75,75,75,75,75,75,75,75,75,75,75,75],"card_choices":[{"not_picked":["Twin Strike","Havoc"],"picked":"Pommel Strike","floor":1},{"not_picked":["Sword Boomerang","Havoc"],"picked":"Flex","floor":2},{"not_picked":["Sever Soul","Wild Strike"],"picked":"Spot Weakness","floor":3},{"not_picked":["Infernal Blade","Body Slam"],"picked":"Inflame","floor":4},{"not_picked":["True Grit","Flex"],"picked":"Iron Wave","floor":7},{"not_picked":["Thunderclap","Carnage"],"picked":"Double Tap","floor":11},{"not_picked":["Anger","Pummel"],"picked":"Cleave","floor":12}],"player_experience":640384,"relics_obtained":[{"floor":9,"key":"Blue Candle"},{"floor":12,"key":"Bottled Flame"}],"event_choices":[{"damage_healed":0,"gold_gain":0,"player_choice":"Grow","damage_taken":0,"max_hp_gain":0,"max_hp_loss":0,"event_name":"Living Wall","floor":5,"gold_loss":0,"cards_upgraded":["Spot Weakness"]},{"damage_healed":0,"gold_gain":30,"player_choice":"Searched \u00271\u0027 times","damage_taken":0,"max_hp_gain":0,"max_hp_loss":0,"event_name":"Dead Adventurer","floor":13,"gold_loss":0},{"damage_healed":25,"gold_gain":0,"player_choice":"Banana","damage_taken":0,"max_hp_gain":0,"max_hp_loss":0,"event_name":"Big Fish","floor":14,"gold_loss":0}],"is_beta":true,"boss_relics":[],"items_purged_floors":[],"is_endless":false,"potions_floor_spawned":[4,12],"killed_by":"Hexaghost","ascension_level":15}