{"gold_per_floor":[19,31,31,31,48,48,77,77,77,77,3,17,42,60,60,137,137,157,173,193,212,212,212,117,137,185,196,213,213,213],"floor_reached":30,"playtime":1562,"items_purged":[],"score":440,"play_id":"aa8bb04f-80d8-448d-adec-9d3013ecd513","local_time":"20180924004530","is_ascension_mode":true,"campfire_choices":[{"data":"White Noise","floor":6,"key":"SMITH"},{"data":"Loop","floor":8,"key":"SMITH"},{"floor":15,"key":"REST"},{"data":"Self Repair","floor":23,"key":"SMITH"},{"floor":29,"key":"REST"}],"neow_cost":"NO_GOLD","seed_source_timestamp":51508640126791,"circlet_count":0,"master_deck":["Strike_B+1","Defend_B","Defend_B","Zap","Dualcast+1","AscendersBane","White Noise+1","BootSequence","Ball Lightning","Loop+1","Self Repair+1","Hyperbeam","Cold Snap","Gash","Biased Cognition","Echo Form+1","Hello World+1","BootSequence+1","Tempest","Beam Cell+1","Rip and Tear","Stack+1","Bandage Up","Defragment","Conserve Battery"],"relics":["Cracked Core","Letter Opener","Ancient Tea Set","Astrolabe","Nloth\u0027s Gift","Happy Flower"],"potions_floor_usage":[18,27,27],"damage_taken":[{"damage":0,"enemies":"Small Slimes","floor":1,"turns":3},{"damage":2,"enemies":"Jaw Worm","floor":2,"turns":3},{"damage":0,"enemies":"2 Louse","floor":5,"turns":2},{"damage":25,"enemies":"3 Sentries","floor":7,"turns":6},{"damage":3,"enemies":"Blue Slaver","floor":12,"turns":2},{"damage":20,"enemies":"Lagavulin","floor":13,"turns":6},{"damage":0,"enemies":"2 Fungi Beasts","floor":14,"turns":2},{"damage":28,"enemies":"The Guardian","floor":16,"turns":13},{"damage":15,"enemies":"Shell Parasite","floor":18,"turns":4},{"damage":0,"enemies":"Chosen","floor":19,"turns":5},{"damage":24,"enemies":"Centurion and Healer","floor":20,"turns":5},{"damage":31,"enemies":"3 Cultists","floor":21,"turns":5},{"damage":12,"enemies":"Snecko","floor":25,"turns":4},{"damage":27,"enemies":"Snake Plant","floor":27,"turns":4},{"damage":14,"enemies":"Chosen and Byrds","floor":28,"turns":5},{"damage":38,"enemies":"Gremlin Leader","floor":30,"turns":2}],"seed_played":"7213852750884421947","potions_obtained":[{"floor":1,"key":"Block Potion"},{"floor":7,"key":"Block Potion"},{"floor":18,"key":"Strength Potion"},{"floor":27,"key":"SpeedPotion"}],"is_trial":false,"path_per_floor":["M","M","?","?","M","R","E","R","T","?","$","M","E","M","R","B",null,"M","M","M","M","?","R","$","M","T","M","M","R"],"character_chosen":"DEFECT","items_purchased":["Self Repair","Bandage Up"],"campfire_rested":2,"item_purchase_floors":[11,24],"current_hp_per_floor":[78,76,69,52,52,52,27,27,37,37,37,41,28,28,56,35,80,72,79,62,31,31,31,31,33,33,20,10,38,0],"gold":213,"neow_bonus":"TWENTY_PERCENT_HP_BONUS","is_prod":false,"is_daily":false,"chose_seed":false,"campfire_upgraded":3,"win_rate":0,"timestamp":1537742730,"path_taken":["M","M","?","?","M","R","E","R","T","?","$","M","E","?","R","BOSS","M","?","M","M","?","R","?","M","T","?","M","R","E"],"build_version":"2018-09-20","purchased_purges":0,"victory":false,"max_hp_per_floor":[85,85,85,85,85,85,85,85,95,95,95,95,95,95,95,95,95,95,95,95,95,95,95,95,95,95,95,95,95,95],"card_choices":[{"not_picked":["Tempest","Hologram"],"picked":"White Noise","floor":1},{"not_picked":["Reprogram","Aggregate"],"picked":"BootSequence","floor":2},{"not_picked":["Compile Driver","Hologram"],"picked":"Ball Lightning","floor":5},{"not_picked":["Hologram","Sweeping Beam"],"picked":"Loop","floor":7},{"not_picked":["Conserve Battery","Turbo"],"picked":"Hyperbeam","floor":12},{"not_picked":["Lockon","Hologram"],"picked":"Cold Snap","floor":13},{"not_picked":["Darkness","Beam Cell"],"picked":"Gash","floor":14},{"not_picked":["Meteor Strike","Reboot"],"picked":"Biased Cognition","floor":16},{"not_picked":["Redo","Compile Driver+1"],"picked":"Tempest","floor":18},{"not_picked":["Redo","Ball Lightning"],"picked":"Beam Cell+1","floor":19},{"not_picked":["Cold Snap","Redo"],"picked":"Rip and Tear","floor":20},{"not_picked":["Blizzard","Chaos"],"picked":"Stack+1","floor":21},{"not_picked":["Sweeping Beam","Streamline","Cold Snap"],"picked":"SKIP","floor":25},{"not_picked":["Sweeping Beam","Rebound"],"picked":"Defragment","floor":27},{"not_picked":["Tempest","Consume"],"picked":"Conserve Battery","floor":28}],"player_experience":508093,"relics_obtained":[{"floor":7,"key":"Letter Opener"},{"floor":9,"key":"Pear"},{"floor":13,"key":"Ancient Tea Set"},{"floor":26,"key":"Happy Flower"}],"event_choices":[{"event_name":"Golden Wing","player_choice":"Card Removal","floor":3,"damage_taken":0},{"event_name":"Shining Light","player_choice":"Entered Light","floor":4,"damage_taken":0},{"event_name":"Purifier","player_choice":"One Purge","floor":10,"damage_taken":0},{"event_name":"N\u0027loth","player_choice":"Traded a Pear","floor":22,"damage_taken":0}],"is_beta":true,"boss_relics":[{"not_picked":["Black Star","Empty Cage"],"picked":"Astrolabe"}],"items_purged_floors":[],"is_endless":false,"potions_floor_spawned":[1,7,12,16,18,25,27],"killed_by":"Gremlin Leader","ascension_level":14}