{"gold_per_floor":[112,112,123,48,68,99,99,118,118,144,144,144,164,199,199,273,273,288,301,14,14,32,32,67,82,105,105],"floor_reached":27,"playtime":779,"items_purged":[],"score":506,"play_id":"3bb79141-5b96-4557-9f3e-00530acacbd7","local_time":"20190207141307","is_ascension_mode":true,"campfire_choices":[{"data":"Electrodynamics","floor":7,"key":"SMITH"},{"data":"Defragment","floor":11,"key":"SMITH"},{"data":"Rainbow","floor":15,"key":"SMITH"},{"data":"Coolheaded","floor":23,"key":"SMITH"}],"neow_cost":"NONE","seed_source_timestamp":14303638065522,"circlet_count":0,"master_deck":["AscendersBane","Strike_B","Strike_B","Strike_B","Defend_B","Defend_B","Defend_B","Defend_B","Zap","Dualcast","Electrodynamics+1","Ball Lightning","Ball Lightning","Rainbow+1","Defragment+1","Electrodynamics+1","Echo Form+1","Hologram","Loop+1","Coolheaded+1","Conserve Battery+1","BootSequence","Compile Driver"],"relics":["Cracked Core","GremlinMask","Gremlin Horn","Pantograph","Frozen Egg 2","Pen Nib","Shuriken","Nuclear Battery","OrangePellets","Boot","Smiling Mask"],"potions_floor_usage":[24,25,27],"damage_taken":[{"damage":8,"enemies":"Small Slimes","floor":1,"turns":2},{"damage":0,"enemies":"Cultist","floor":3,"turns":2},{"damage":0,"enemies":"2 Louse","floor":5,"turns":1},{"damage":8,"enemies":"Gremlin Nob","floor":6,"turns":3},{"damage":0,"enemies":"Lots of Slimes","floor":8,"turns":1},{"damage":20,"enemies":"Lagavulin","floor":10,"turns":4},{"damage":6,"enemies":"Looter","floor":13,"turns":2},{"damage":8,"enemies":"Gremlin Nob","floor":14,"turns":3},{"damage":20,"enemies":"The Guardian","floor":16,"turns":9},{"damage":1,"enemies":"Spheric Guardian","floor":18,"turns":3},{"damage":0,"enemies":"3 Byrds","floor":19,"turns":2},{"damage":19,"enemies":"Snecko","floor":22,"turns":5},{"damage":26,"enemies":"Slavers","floor":24,"turns":3},{"damage":11,"enemies":"Shelled Parasite and Fungi","floor":25,"turns":3},{"damage":6,"enemies":"Centurion and Healer","floor":27,"turns":2}],"seed_played":"-3993230243024558794","potions_obtained":[{"floor":3,"key":"AttackPotion"},{"floor":8,"key":"GamblersBrew"},{"floor":19,"key":"Energy Potion"},{"floor":25,"key":"Swift Potion"}],"is_trial":false,"path_per_floor":["M","?","M","?","M","E","R","M","T","E","R","?","M","E","R","B",null,"M","M","$","?","M","R","E","M","T","M"],"character_chosen":"DEFECT","items_purchased":["Coolheaded","OrangePellets"],"campfire_rested":0,"item_purchase_floors":[20,20],"current_hp_per_floor":[56,56,56,56,56,48,48,48,48,28,28,28,22,14,14,19,58,57,57,57,57,38,38,12,1,1,0],"gold":105,"neow_bonus":"ONE_RANDOM_RARE_CARD","is_prod":false,"is_daily":false,"chose_seed":false,"campfire_upgraded":4,"win_rate":0,"timestamp":1549545187,"path_taken":["M","?","?","?","M","E","R","M","T","E","R","?","M","E","R","BOSS","M","?","$","?","M","R","E","M","T","M"],"build_version":"2019-01-23","purchased_purges":0,"victory":false,"max_hp_per_floor":[71,71,71,71,71,71,71,71,71,71,71,71,71,71,71,71,71,71,71,71,71,71,71,71,71,71,71],"card_choices":[{"not_picked":["Rebound","Heatsinks"],"picked":"Ball Lightning","floor":1},{"not_picked":["Fusion","Stack","Streamline"],"picked":"SKIP","floor":3},{"not_picked":["Leap","Static Discharge"],"picked":"Ball Lightning","floor":5},{"not_picked":["Sunder","Go for the Eyes"],"picked":"Rainbow","floor":6},{"not_picked":["Redo","Streamline"],"picked":"Defragment","floor":8},{"not_picked":["Scrape","Beam Cell"],"picked":"Chill","floor":10},{"not_picked":["BootSequence","Blizzard"],"picked":"Electrodynamics+1","floor":13},{"not_picked":["Double Energy","Rebound","Redo"],"picked":"SKIP","floor":14},{"not_picked":["Rainbow","Hyperbeam"],"picked":"Echo Form+1","floor":16},{"not_picked":["Redo","Streamline"],"picked":"Hologram","floor":18},{"not_picked":["Gash","Streamline"],"picked":"Loop+1","floor":19},{"not_picked":["Hologram","Sweeping Beam"],"picked":"Conserve Battery+1","floor":22},{"not_picked":["Cold Snap","Barrage"],"picked":"BootSequence","floor":24},{"not_picked":["Reprogram","Aggregate"],"picked":"Compile Driver","floor":25}],"player_experience":1229102,"relics_obtained":[{"floor":6,"key":"Gremlin Horn"},{"floor":9,"key":"Pantograph"},{"floor":10,"key":"Frozen Egg 2"},{"floor":14,"key":"Shuriken"},{"floor":24,"key":"Boot"},{"floor":26,"key":"Smiling Mask"}],"event_choices":[{"damage_healed":0,"gold_gain":0,"player_choice":"Trade","damage_taken":0,"relics_obtained":["GremlinMask"],"max_hp_gain":0,"max_hp_loss":0,"event_name":"FaceTrader","floor":2,"gold_loss":0},{"cards_removed":["Strike_B"],"damage_healed":0,"gold_gain":0,"player_choice":"Card Removal","damage_taken":0,"max_hp_gain":0,"max_hp_loss":0,"event_name":"The Cleric","floor":4,"gold_loss":75},{"cards_removed":["Chill"],"damage_healed":0,"gold_gain":0,"player_choice":"Gave Card","damage_taken":0,"relics_obtained":["Pen Nib"],"max_hp_gain":0,"max_hp_loss":0,"event_name":"WeMeetAgain","floor":12,"gold_loss":0},{"damage_healed":0,"gold_gain":0,"player_choice":"0 cards matched","damage_taken":0,"max_hp_gain":0,"max_hp_loss":0,"event_name":"Match and Keep!","floor":21,"gold_loss":0,"cards_obtained":[]}],"is_beta":false,"boss_relics":[{"not_picked":["Calling Bell","Tiny House"],"picked":"Nuclear Battery"}],"items_purged_floors":[],"is_endless":false,"potions_floor_spawned":[3,8,16,19,22,25],"killed_by":"Centurion and Healer","ascension_level":20}