{"gold_per_floor":[113,126,51,51,51,51,89,101,113,125,153,196,229,241,253,359,371,366,38,38,38,48,48,48,48,48,78,78,78,78],"floor_reached":30,"playtime":1278,"items_purged":["Strike_B"],"score":526,"play_id":"d1d21e97-d9f1-4732-9203-8ae41cf46df8","local_time":"20181122231621","is_ascension_mode":true,"campfire_choices":[{"data":"Zap","floor":6,"key":"SMITH"},{"data":"FTL","floor":8,"key":"SMITH"},{"data":"Dualcast","floor":10,"key":"SMITH"},{"data":"Glacier","floor":15,"key":"SMITH"},{"data":"Fusion","floor":23,"key":"SMITH"},{"data":"Echo Form","floor":25,"key":"SMITH"},{"floor":29,"key":"REST"}],"neow_cost":"NONE","seed_source_timestamp":46261488675091,"circlet_count":0,"master_deck":["AscendersBane","Strike_B","Strike_B","Defend_B","Defend_B","Defend_B","Defend_B","Zap+1","Dualcast+1","Cold Snap","Gash","FTL+1","Glacier+1","Cold Snap","Compile Driver","Echo Form+1","Gash","Fusion+1","All For One","Hologram+1"],"relics":["Cracked Core","NeowsBlessing","Boot","MawBank","Orichalcum","Calipers","Mercury Hourglass","Inserter","Letter Opener","Nloth\u0027s Gift","Pocketwatch","Matryoshka","MutagenicStrength"],"potions_floor_usage":[12,16,18,30],"damage_taken":[{"damage":0,"enemies":"2 Louse","floor":1,"turns":1},{"damage":0,"enemies":"Jaw Worm","floor":2,"turns":1},{"damage":0,"enemies":"Gremlin Nob","floor":7,"turns":1},{"damage":0,"enemies":"Small Slimes","floor":11,"turns":2},{"damage":14,"enemies":"Lagavulin","floor":12,"turns":5},{"damage":1,"enemies":"Looter","floor":13,"turns":2},{"damage":8,"enemies":"The Guardian","floor":16,"turns":12},{"damage":6,"enemies":"2 Thieves","floor":18,"turns":4},{"damage":10,"enemies":"Chosen","floor":22,"turns":5},{"damage":15,"enemies":"Gremlin Leader","floor":27,"turns":7},{"damage":42,"enemies":"Book of Stabbing","floor":30,"turns":4}],"seed_played":"4474753091651435454","potions_obtained":[{"floor":2,"key":"Poison Potion"},{"floor":7,"key":"Swift Potion"},{"floor":16,"key":"FocusPotion"},{"floor":18,"key":"Dexterity Potion"}],"is_trial":false,"path_per_floor":["M","M","?","?","?","R","E","R","T","R","M","E","M","T","R","B",null,"M","$","?","$","M","R","?","R","T","E","?","R","E"],"character_chosen":"DEFECT","items_purchased":["Letter Opener"],"campfire_rested":1,"item_purchase_floors":[19],"current_hp_per_floor":[64,64,64,38,38,38,38,38,38,38,38,24,23,23,23,15,52,46,46,46,46,36,36,36,36,36,21,21,40,0],"gold":78,"neow_bonus":"THREE_ENEMY_KILL","is_prod":false,"is_daily":false,"chose_seed":false,"campfire_upgraded":6,"win_rate":0,"timestamp":1542924981,"path_taken":["M","M","?","?","?","R","E","R","T","R","M","E","M","?","R","BOSS","M","$","?","?","M","R","?","R","T","E","?","R","E"],"build_version":"2018-11-15","purchased_purges":1,"victory":false,"max_hp_per_floor":[71,71,71,71,64,64,64,64,64,64,64,64,64,64,64,64,64,64,64,64,64,64,64,64,64,64,64,64,64,64],"card_choices":[{"not_picked":["Go for the Eyes","Leap"],"picked":"Cold Snap","floor":1},{"not_picked":["Scrape","Sweeping Beam"],"picked":"Gash","floor":2},{"not_picked":["Beam Cell","Hello World"],"picked":"FTL","floor":7},{"not_picked":["Aggregate","Cold Snap"],"picked":"Glacier","floor":11},{"not_picked":["Conserve Battery","Hologram"],"picked":"Cold Snap","floor":12},{"not_picked":["Hello World","Turbo"],"picked":"Compile Driver","floor":13},{"not_picked":["Core Surge","Thunder Strike"],"picked":"Echo Form","floor":16},{"not_picked":["Hologram","Redo"],"picked":"Gash","floor":18},{"not_picked":["Hologram","Sweeping Beam"],"picked":"Fusion","floor":22},{"not_picked":["Stack","Go for the Eyes"],"picked":"Hologram+1","floor":27}],"player_experience":870974,"relics_obtained":[{"floor":7,"key":"MawBank"},{"floor":9,"key":"Orichalcum"},{"floor":12,"key":"Calipers"},{"floor":14,"key":"Mercury Hourglass"},{"floor":26,"key":"Pocketwatch"},{"floor":27,"key":"Matryoshka"}],"event_choices":[{"cards_removed":["Strike_B"],"damage_healed":0,"gold_gain":0,"player_choice":"Card Removal","damage_taken":0,"max_hp_gain":0,"max_hp_loss":0,"event_name":"The Cleric","floor":3,"gold_loss":75},{"damage_healed":0,"gold_gain":0,"player_choice":"Success","damage_taken":26,"relics_obtained":["Boot"],"max_hp_gain":0,"max_hp_loss":0,"event_name":"Scrap Ooze","floor":4,"gold_loss":0},{"damage_healed":0,"gold_gain":0,"player_choice":"Lose Max HP","damage_taken":0,"relics_obtained":["Golden Idol"],"max_hp_gain":0,"max_hp_loss":7,"event_name":"Golden Idol","floor":5,"gold_loss":0},{"damage_healed":0,"gold_gain":0,"player_choice":"Traded Relic","damage_taken":0,"relics_obtained":["Nloth\u0027s Gift"],"max_hp_gain":0,"max_hp_loss":0,"event_name":"N\u0027loth","floor":20,"relics_lost":["Golden Idol"],"gold_loss":0},{"damage_healed":0,"gold_gain":0,"player_choice":"Read","damage_taken":0,"max_hp_gain":0,"max_hp_loss":0,"event_name":"The Library","floor":24,"gold_loss":0,"cards_obtained":["All For One"]},{"damage_healed":0,"gold_gain":0,"player_choice":"Inject Mutagens","damage_taken":0,"relics_obtained":["MutagenicStrength"],"max_hp_gain":0,"max_hp_loss":0,"event_name":"Drug Dealer","floor":28,"gold_loss":0}],"is_beta":true,"boss_relics":[{"not_picked":["Lizard Tail","Cursed Key"],"picked":"Inserter"}],"items_purged_floors":[19],"is_endless":false,"potions_floor_spawned":[2,7,16,18],"killed_by":"Book of Stabbing","ascension_level":18}