{"gold_per_floor":[110,110,128,128,93,93,118,118,118,148,160,160,180,203,203,299,299,319,343,14,14,35,35,51,92,92,92],"floor_reached":27,"playtime":1165,"items_purged":[],"score":686,"play_id":"c8468a8a-c1f4-4cbe-a0c9-16f1225a3b40","local_time":"20190309204605","is_ascension_mode":true,"campfire_choices":[{"data":"Zap","floor":6,"key":"SMITH"},{"data":"Buffer","floor":8,"key":"SMITH"},{"data":"Thunder Strike","floor":15,"key":"SMITH"},{"floor":23,"key":"REST"}],"neow_cost":"TEN_PERCENT_HP_LOSS","seed_source_timestamp":10508853793217,"circlet_count":0,"master_deck":["AscendersBane","Strike_B","Strike_B","Strike_B+1","Defend_B","Defend_B","Defend_B+1","Defend_B+1","Zap+1","Dualcast","Ball Lightning","Gash","Buffer+1","Thunder Strike+1","Sweeping Beam","Undo","Machine Learning","Storm+1","Defragment","Undo+1"],"relics":["Cracked Core","FossilizedHelix","Boot","Oddly Smooth Stone","Blood Vial","Golden Idol","Snecko Eye","Anchor","Bag of Preparation","War Paint","Molten Egg 2"],"potions_floor_usage":[19,25,27],"damage_taken":[{"damage":0,"enemies":"Small Slimes","floor":1,"turns":3},{"damage":0,"enemies":"2 Louse","floor":3,"turns":2},{"damage":24,"enemies":"Gremlin Nob","floor":7,"turns":4},{"damage":0,"enemies":"Lagavulin","floor":10,"turns":8},{"damage":0,"enemies":"Jaw Worm","floor":11,"turns":3},{"damage":0,"enemies":"Blue Slaver","floor":13,"turns":3},{"damage":0,"enemies":"2 Fungi Beasts","floor":14,"turns":3},{"damage":0,"enemies":"The Guardian","floor":16,"turns":12},{"damage":8,"enemies":"Shell Parasite","floor":18,"turns":5},{"damage":22,"enemies":"3 Byrds","floor":19,"turns":5},{"damage":0,"enemies":"Centurion and Healer","floor":22,"turns":6},{"damage":0,"enemies":"Snecko","floor":24,"turns":5},{"damage":0,"enemies":"Gremlin Leader","floor":25,"turns":6},{"damage":57,"enemies":"Slavers","floor":27,"turns":4}],"seed_played":"-7717368206169333506","potions_obtained":[{"floor":3,"key":"Energy Potion"},{"floor":10,"key":"SteroidPotion"},{"floor":11,"key":"AttackPotion"},{"floor":22,"key":"Fire Potion"}],"is_trial":false,"path_per_floor":["M","?","M","?","?","R","E","R","T","E","M","?","M","M","R","B",null,"M","M","$","?","M","R","M","E","T","E"],"character_chosen":"DEFECT","items_purchased":["Anchor","Bag of Preparation"],"campfire_rested":1,"item_purchase_floors":[20,20],"current_hp_per_floor":[64,45,45,38,54,54,30,30,30,30,32,32,34,36,36,38,53,47,27,27,27,29,46,48,50,50,0],"gold":92,"neow_bonus":"ONE_RARE_RELIC","is_prod":false,"is_daily":false,"chose_seed":false,"campfire_upgraded":3,"win_rate":0,"timestamp":1552160765,"path_taken":["M","?","M","?","?","R","E","R","T","E","M","?","?","M","R","BOSS","M","M","$","?","M","R","M","E","T","E"],"build_version":"2019-01-23","purchased_purges":0,"victory":false,"max_hp_per_floor":[64,64,64,64,64,64,64,64,64,64,64,58,58,58,58,58,58,58,58,58,58,58,58,58,58,58,58],"card_choices":[{"not_picked":["Leap","Streamline"],"picked":"Ball Lightning","floor":1},{"not_picked":["Recycle","Auto Shields"],"picked":"Gash","floor":3},{"not_picked":["Skim","Rebound"],"picked":"Buffer","floor":7},{"not_picked":["Cold Snap","Rebound"],"picked":"Thunder Strike","floor":10},{"not_picked":["Stack","Tempest","Recycle"],"picked":"SKIP","floor":11},{"not_picked":["Redo","Streamline"],"picked":"Sweeping Beam","floor":13},{"not_picked":["Hello World","Redo"],"picked":"Undo","floor":14},{"not_picked":["Multi-Cast","Thunder Strike"],"picked":"Machine Learning","floor":16},{"not_picked":["Compile Driver","Gash","Double Energy"],"picked":"SKIP","floor":18},{"not_picked":["Go for the Eyes","Stack+1","Rebound"],"picked":"SKIP","floor":19},{"not_picked":["Go for the Eyes","Redo"],"picked":"Storm+1","floor":22},{"not_picked":["Steam","Capacitor"],"picked":"Defragment","floor":24},{"not_picked":["BootSequence","Chaos"],"picked":"Undo","floor":25}],"player_experience":1385077,"relics_obtained":[{"floor":7,"key":"Boot"},{"floor":9,"key":"Oddly Smooth Stone"},{"floor":10,"key":"Blood Vial"},{"floor":25,"key":"War Paint"},{"floor":26,"key":"Molten Egg 2"}],"event_choices":[{"damage_healed":0,"gold_gain":0,"player_choice":"Entered Light","damage_taken":19,"max_hp_gain":0,"max_hp_loss":0,"event_name":"Shining Light","floor":2,"gold_loss":0,"cards_upgraded":["Strike_B","Defend_B"]},{"cards_removed":["Strike_B"],"damage_healed":0,"gold_gain":0,"player_choice":"Card Removal","damage_taken":7,"max_hp_gain":0,"max_hp_loss":0,"event_name":"Golden Wing","floor":4,"gold_loss":0},{"damage_healed":16,"gold_gain":0,"player_choice":"Healed","damage_taken":0,"max_hp_gain":0,"max_hp_loss":0,"event_name":"The Cleric","floor":5,"gold_loss":35},{"damage_healed":0,"gold_gain":0,"player_choice":"Lose Max HP","damage_taken":0,"relics_obtained":["Golden Idol"],"max_hp_gain":0,"max_hp_loss":6,"event_name":"Golden Idol","floor":12,"gold_loss":0},{"damage_healed":0,"gold_gain":0,"player_choice":"Ignored","damage_taken":0,"max_hp_gain":0,"max_hp_loss":0,"event_name":"The Mausoleum","floor":21,"gold_loss":0}],"is_beta":false,"boss_relics":[{"not_picked":["Nuclear Battery","Philosopher\u0027s Stone"],"picked":"Snecko Eye"}],"items_purged_floors":[],"is_endless":false,"potions_floor_spawned":[3,10,11,13,14,16,22,24],"killed_by":"Slavers","ascension_level":20}