{"gold_per_floor":[15,32,48,48,63,63,90,105,130,142,174,174,205,32,32,106,106,126,146,146,246,47,47,64,79,79,79,111,111,111],"floor_reached":30,"playtime":1284,"items_purged":[],"score":540,"play_id":"1129c775-a658-4f4f-955c-42fe795fc7da","local_time":"20190314122802","is_ascension_mode":true,"campfire_choices":[{"floor":6,"key":"REST"},{"floor":12,"key":"REST"},{"floor":15,"key":"REST"},{"floor":23,"key":"REST"},{"data":"Zap","floor":27,"key":"SMITH"}],"neow_cost":"NO_GOLD","seed_source_timestamp":6475259430913,"circlet_count":0,"master_deck":["AscendersBane","Strike_B","Strike_B","Defend_B","Defend_B","Defend_B","Defend_B","Zap+1","Dualcast","Echo Form","Ball Lightning","Steam","Turbo","Tempest","White Noise","Steam","Conserve Battery","Storm+1","Machine Learning+1","Tempest+1","FTL","Reprogram","Cold Snap","Self Repair+1","Seek","Cold Snap","Storm+1","Decay"],"relics":["Cracked Core","hubris:Towel","Frozen Egg 2","Lantern","Happy Flower","hubris:RGBLights","DataDisk","Sozu","Question Card","hubris:Zylophone","Peace Pipe","Bronze Scales"],"potions_floor_usage":[7,11,21],"damage_taken":[{"damage":9,"enemies":"Jaw Worm","floor":1,"turns":4},{"damage":1,"enemies":"Cultist","floor":2,"turns":3},{"damage":0,"enemies":"Small Slimes","floor":3,"turns":3},{"damage":30,"enemies":"Exordium Thugs","floor":5,"turns":5},{"damage":23,"enemies":"3 Sentries","floor":7,"turns":7},{"damage":1,"enemies":"2 Fungi Beasts","floor":8,"turns":4},{"damage":4,"enemies":"Exordium Wildlife","floor":10,"turns":3},{"damage":11,"enemies":"Gremlin Nob","floor":11,"turns":3},{"damage":16,"enemies":"Lagavulin","floor":13,"turns":8},{"damage":8,"enemies":"Hexaghost","floor":16,"turns":7},{"damage":22,"enemies":"3 Byrds","floor":18,"turns":4},{"damage":0,"enemies":"Chosen","floor":19,"turns":3},{"damage":16,"enemies":"Colosseum Slavers","floor":21,"turns":4},{"damage":0,"enemies":"Colosseum Nobs","floor":21,"turns":2},{"damage":24,"enemies":"Snake Plant","floor":24,"turns":3},{"damage":0,"enemies":"3 Cultists","floor":25,"turns":2},{"damage":31,"enemies":"Slavers","floor":28,"turns":9},{"damage":23,"enemies":"Gremlin Leader","floor":30,"turns":2}],"seed_played":"449545026656679416","potions_obtained":[{"floor":5,"key":"Block Potion"},{"floor":7,"key":"Block Potion"},{"floor":8,"key":"AttackPotion"}],"is_trial":false,"path_per_floor":["M","M","M","?","M","R","E","M","T","M","E","R","E","$","R","B",null,"M","M","?","?","$","R","M","M","T","R","E","?","E"],"character_chosen":"DEFECT","items_purchased":["DataDisk","Self Repair+1","Seek"],"campfire_rested":4,"item_purchase_floors":[14,22,22],"current_hp_per_floor":[55,54,54,54,24,45,22,21,21,17,6,27,11,11,32,24,59,37,37,37,21,21,42,38,38,38,38,17,17,0],"gold":111,"neow_bonus":"THREE_RARE_CARDS","is_prod":false,"is_daily":false,"chose_seed":false,"campfire_upgraded":1,"win_rate":0,"timestamp":1552562882,"path_taken":["M","M","M","?","M","R","E","M","T","M","E","R","E","?","R","BOSS","M","M","?","?","?","R","?","M","T","R","E","?","E"],"build_version":"2019-01-23","purchased_purges":0,"victory":false,"max_hp_per_floor":[71,71,71,71,71,71,71,71,71,71,71,71,71,71,71,71,71,71,71,71,71,71,71,71,71,71,71,71,71,71],"card_choices":[{"not_picked":["Meteor Strike","Buffer"],"picked":"Echo Form","floor":0},{"not_picked":["Sweeping Beam","Coolheaded"],"picked":"Ball Lightning","floor":1},{"not_picked":["Leap","Fusion"],"picked":"Steam","floor":2},{"not_picked":["Redo","Steam"],"picked":"Turbo","floor":3},{"not_picked":["Recycle","Cold Snap"],"picked":"Tempest","floor":5},{"not_picked":["Steam","Leap"],"picked":"White Noise","floor":7},{"not_picked":["Streamline","Melter"],"picked":"Steam","floor":8},{"not_picked":["Ball Lightning","Streamline"],"picked":"Conserve Battery","floor":10},{"not_picked":["Tempest","Reinforced Body"],"picked":"Storm+1","floor":11},{"not_picked":["Rip and Tear","Steam","Compile Driver"],"picked":"SKIP","floor":13},{"not_picked":["Rainbow","Reboot"],"picked":"Machine Learning+1","floor":16},{"not_picked":["Barrage","Aggregate"],"picked":"Tempest+1","floor":18},{"not_picked":["Go for the Eyes","Hologram","Aggregate"],"picked":"SKIP","floor":19},{"not_picked":["Redo","Rebound"],"picked":"Cold Snap","floor":21},{"not_picked":["Streamline","Melter","Fusion"],"picked":"Cold Snap","floor":24},{"not_picked":["Multi-Cast","Ball Lightning+1","Cold Snap"],"picked":"Storm+1","floor":25},{"not_picked":["Barrage","Sweeping Beam","Streamline","hubris:Prefetch"],"picked":"SKIP","floor":28}],"player_experience":1416748,"relics_obtained":[{"floor":7,"key":"Frozen Egg 2"},{"floor":9,"key":"Lantern"},{"floor":11,"key":"Happy Flower"},{"floor":13,"key":"hubris:RGBLights"},{"floor":21,"key":"Question Card"},{"floor":21,"key":"hubris:Zylophone"},{"floor":26,"key":"Peace Pipe"},{"floor":28,"key":"Bronze Scales"}],"event_choices":[{"damage_healed":0,"gold_gain":0,"cards_transformed":["Strike_B","Strike_B"],"player_choice":"Became Test Subject","damage_taken":0,"max_hp_gain":0,"max_hp_loss":0,"event_name":"Drug Dealer","floor":20,"gold_loss":0,"cards_obtained":["FTL","Reprogram"]},{"damage_healed":0,"gold_gain":0,"player_choice":"Fight","damage_taken":0,"max_hp_gain":0,"max_hp_loss":0,"event_name":"Colosseum","floor":21,"gold_loss":0},{"damage_healed":0,"gold_gain":0,"player_choice":"Fought Nobs","damage_taken":0,"max_hp_gain":0,"max_hp_loss":0,"event_name":"Colosseum","floor":21,"gold_loss":0},{"damage_healed":0,"gold_gain":0,"player_choice":"Smashed Altar","damage_taken":0,"max_hp_gain":0,"max_hp_loss":0,"event_name":"Forgotten Altar","floor":29,"gold_loss":0,"cards_obtained":["Decay"]}],"is_beta":false,"boss_relics":[{"not_picked":["FrozenCore","Coffee Dripper"],"picked":"Sozu"}],"items_purged_floors":[],"is_endless":false,"potions_floor_spawned":[5,7,8,10,18,24,28],"killed_by":"Gremlin Leader","ascension_level":20}