{"gold_per_floor":[112,122,197,197,208,208,234,234,261,261,281,294,82,96,96,200,200,215,215,234,244,41,41,70,87,111,142,142,154,174,202,202,299,299,319,336,336,40,58,58,84,21,21,36,61,72,72,72,72,72,72,72,43,69,69],"floor_reached":55,"playtime":5016,"items_purged":["Strike_P"],"score":814,"play_id":"1d05bcf5-0d26-49ea-898f-73d75c2b8542","local_time":"20190910133728","is_ascension_mode":false,"campfire_choices":[{"data":"MasterReality","floor":6.0,"key":"SMITH"},{"data":"Eruption","floor":10.0,"key":"SMITH"},{"data":"Establishment","floor":15.0,"key":"SMITH"},{"data":"Perseverance","floor":23.0,"key":"SMITH"},{"floor":32.0,"key":"REST"},{"data":"FlowState","floor":40.0,"key":"SMITH"},{"data":"SandsOfTime","floor":47.0,"key":"SMITH"},{"floor":49.0,"key":"RECALL"},{"data":"Discovery","floor":52.0,"key":"SMITH"}],"neow_cost":"NONE","seed_source_timestamp":0,"circlet_count":0,"master_deck":["Defend_P","Defend_P","Defend_P","Defend_P","Eruption+1","Vigilance","WreathOfFlame","Protect","EmptyBody","MasterReality+1","EmptyFist+1","Tantrum","Devotion+1","Establishment+1","SandsOfTime+1","Wallop","DeceiveReality+1","SandsOfTime","CutThroughFate+1","FearNoEvil+1","Perseverance+1","ClearTheMind+1","BowlingBash","PathToVictory+1","Scrawl+1","EmptyMind+1","FlowState+1","Ragnarok","Scrawl+1","Halt+1","Consecrate+1","CleanseEvil+1","Protect","Collect","PathToVictory+1","Sanctity+1","Discovery+1"],"special_seed":0,"relics":["PureWater","Kunai","MealTicket","The Courier","Bag of Preparation","SlaversCollar","Lantern","TungstenRod","Oddly Smooth Stone","Pantograph","Darkstone Periapt","Astrolabe","Membership Card","Gremlin Horn","Whetstone","InkBottle","Chemical X","Bottled Flame","Pear"],"potions_floor_usage":[55,55,55,55,55],"damage_taken":[{"damage":0.0,"enemies":"Small Slimes","floor":1.0,"turns":2.0},{"damage":2.0,"enemies":"Jaw Worm","floor":2.0,"turns":6.0},{"damage":0.0,"enemies":"Cultist","floor":5.0,"turns":3.0},{"damage":4.0,"enemies":"Lagavulin","floor":7.0,"turns":7.0},{"damage":6.0,"enemies":"Exordium Wildlife","floor":11.0,"turns":6.0},{"damage":0.0,"enemies":"Exordium Thugs","floor":12.0,"turns":3.0},{"damage":0.0,"enemies":"2 Fungi Beasts","floor":14.0,"turns":3.0},{"damage":8.0,"enemies":"Slime Boss","floor":16.0,"turns":7.0},{"damage":0.0,"enemies":"Chosen","floor":18.0,"turns":3.0},{"damage":1.0,"enemies":"Shell Parasite","floor":20.0,"turns":6.0},{"damage":17.0,"enemies":"Shelled Parasite and Fungi","floor":21.0,"turns":4.0},{"damage":11.0,"enemies":"Gremlin Leader","floor":24.0,"turns":9.0},{"damage":4.0,"enemies":"Centurion and Healer","floor":25.0,"turns":6.0},{"damage":17.0,"enemies":"Slavers","floor":27.0,"turns":8.0},{"damage":0.0,"enemies":"Snecko","floor":29.0,"turns":6.0},{"damage":10.0,"enemies":"3 Cultists","floor":30.0,"turns":5.0},{"damage":0.0,"enemies":"Book of Stabbing","floor":31.0,"turns":5.0},{"damage":10.0,"enemies":"Champ","floor":33.0,"turns":10.0},{"damage":3.0,"enemies":"3 Shapes","floor":35.0,"turns":5.0},{"damage":0.0,"enemies":"3 Darklings","floor":36.0,"turns":5.0},{"damage":5.0,"enemies":"Spire Growth","floor":39.0,"turns":4.0},{"damage":17.0,"enemies":"Reptomancer","floor":41.0,"turns":6.0},{"damage":3.0,"enemies":"4 Shapes","floor":44.0,"turns":5.0},{"damage":8.0,"enemies":"Nemesis","floor":45.0,"turns":5.0},{"damage":0.0,"enemies":"Maw","floor":46.0,"turns":7.0},{"damage":41.0,"enemies":"Awakened One","floor":50.0,"turns":13.0},{"damage":36.0,"enemies":"Shield and Spear","floor":54.0,"turns":7.0},{"damage":75,"enemies":"The Heart","floor":55,"turns":11}],"seed_played":"-2379348464205199834","potions_obtained":[{"floor":5.0,"key":"Energy Potion"},{"floor":11.0,"key":"SteroidPotion"},{"floor":14.0,"key":"Dexterity Potion"},{"floor":18.0,"key":"EntropicBrew"},{"floor":29.0,"key":"EntropicBrew"},{"floor":44.0,"key":"DuplicationPotion"},{"floor":45.0,"key":"SteroidPotion"}],"is_trial":false,"path_per_floor":["M","M","?","?","M","R","E","T","T","R","M","M","$","M","R","B",null,"M","?","M","M","$","R","E","M","T","E","?","M","M","E","R","B",null,"M","M","?","$","M","R","E","$","T","M","E","M","R","?","R","B",null,"R","$","E","B"],"character_chosen":"WATCHER","items_purchased":["Devotion","Establishment","Fire Potion","Lantern","FearNoEvil","Perseverance","Membership Card","Gremlin Horn","Whetstone","Protect","Chemical X","StancePotion"],"campfire_rested":1,"item_purchase_floors":[13,13,13,22,22,22,38,38,38,38,42,53],"current_hp_per_floor":[65,63,52,49,49,49,45,45,45,45,39,39,54,54,54,46,65,65,54,53,36,51,51,40,36,36,19,19,19,9,9,30,45,70,67,67,67,70,65,65,48,63,63,60,52,52,52,52,52,29,70,70,70,44,0],"gold":69,"neow_bonus":"THREE_CARDS","is_prod":false,"is_daily":false,"chose_seed":false,"campfire_upgraded":7,"win_rate":0.0,"timestamp":1568115448,"path_taken":["M","M","?","?","M","R","E","?","T","R","M","M","$","M","R","BOSS","M","?","M","M","$","R","E","M","T","E","?","?","M","E","R","BOSS","M","M","?","?","M","R","E","$","T","M","E","M","R","?","R","BOSS","R","$","E","BOSS"],"build_version":"2019-09-09v2","purchased_purges":1,"victory":false,"max_hp_per_floor":[65,65,65,65,65,65,65,65,65,65,65,65,65,65,65,65,65,65,70,70,70,70,70,70,70,70,70,70,70,70,70,70,70,70,70,70,70,70,70,70,70,70,70,70,70,70,70,70,70,70,70,70,70,80,80],"card_choices":[{"not_picked":["Vengeance","Prostrate"],"picked":"WreathOfFlame","floor":0.0},{"not_picked":["Consecrate","Scrawl"],"picked":"Protect","floor":1.0},{"not_picked":["CutThroughFate","FlyingSleeves"],"picked":"EmptyBody","floor":2.0},{"not_picked":["Meditate","CutThroughFate"],"picked":"MasterReality","floor":5.0},{"not_picked":["FlyingSleeves","Adaptation"],"picked":"EmptyFist","floor":7.0},{"not_picked":["EmptyBody","Meditate","ThirdEye"],"picked":"SKIP","floor":11.0},{"not_picked":["CutThroughFate","Halt"],"picked":"Tantrum","floor":12.0},{"not_picked":["CutThroughFate","Consecrate"],"picked":"SandsOfTime","floor":14.0},{"not_picked":["SignatureMove","Ragnarok"],"picked":"Wallop","floor":16.0},{"not_picked":["FlyingSleeves","JustLucky"],"picked":"DeceiveReality+1","floor":18.0},{"not_picked":["Weave","CutThroughFate"],"picked":"SandsOfTime","floor":20.0},{"not_picked":["EmptyFist","Pray"],"picked":"CutThroughFate+1","floor":21.0},{"not_picked":["Evaluate+1","Fasting+1"],"picked":"ClearTheMind+1","floor":24.0},{"not_picked":["Worship+1","CrushJoints"],"picked":"BowlingBash","floor":25.0},{"not_picked":["Adaptation","Collect"],"picked":"PathToVictory+1","floor":27.0},{"not_picked":["BowlingBash","Weave"],"picked":"Scrawl+1","floor":29.0},{"not_picked":["Protect","EmptyBody+1"],"picked":"EmptyMind+1","floor":30.0},{"not_picked":["Prostrate","Consecrate"],"picked":"FlowState","floor":31.0},{"not_picked":["FlowState","Brilliance"],"picked":"Ragnarok","floor":33.0},{"not_picked":["BowlingBash","Swivel+1"],"picked":"CleanseEvil","floor":35.0},{"not_picked":["Consecrate","DeceiveReality","Scrawl"],"picked":"SKIP","floor":36.0},{"not_picked":["EmptyFist","FlyingSleeves"],"picked":"Collect","floor":39.0},{"not_picked":["Scrawl","Establishment"],"picked":"PathToVictory+1","floor":41.0},{"not_picked":["JustLucky","Consecrate+1"],"picked":"Sanctity+1","floor":44.0},{"not_picked":["EmptyBody","EmptyMind","ReachHeaven"],"picked":"SKIP","floor":45.0},{"not_picked":["FlyingSleeves+1","FlurryOfBlows","Consecrate"],"picked":"SKIP","floor":46.0},{"not_picked":["Halt","Evaluate","Prostrate+1"],"picked":"SKIP","floor":54.0}],"player_experience":2014994,"relics_obtained":[{"floor":7.0,"key":"MealTicket"},{"floor":8.0,"key":"The Courier"},{"floor":9.0,"key":"Bag of Preparation"},{"floor":24.0,"key":"TungstenRod"},{"floor":26.0,"key":"Oddly Smooth Stone"},{"floor":27.0,"key":"Pantograph"},{"floor":31.0,"key":"Darkstone Periapt"},{"floor":41.0,"key":"InkBottle"},{"floor":45.0,"key":"Bottled Flame"},{"floor":54.0,"key":"Pear"}],"event_choices":[{"damage_healed":0.0,"max_hp_gain":0.0,"max_hp_loss":0.0,"gold_gain":75.0,"event_name":"World of Goop","player_choice":"Gather Gold","floor":3.0,"gold_loss":0.0,"damage_taken":11.0},{"damage_healed":0.0,"max_hp_gain":0.0,"max_hp_loss":0.0,"gold_gain":0.0,"event_name":"Scrap Ooze","player_choice":"Success","floor":4.0,"gold_loss":0.0,"damage_taken":3.0,"relics_obtained":["Kunai"]},{"damage_healed":0.0,"max_hp_gain":5.0,"max_hp_loss":0.0,"gold_gain":0.0,"event_name":"Forgotten Altar","player_choice":"Shed Blood","floor":19.0,"gold_loss":0.0,"damage_taken":16.0},{"damage_healed":0.0,"max_hp_gain":0.0,"max_hp_loss":0.0,"gold_gain":0.0,"event_name":"Accursed Blacksmith","player_choice":"Forge","floor":28.0,"gold_loss":0.0,"damage_taken":0.0,"cards_upgraded":["Devotion"]},{"damage_healed":0.0,"max_hp_gain":0.0,"max_hp_loss":0.0,"gold_gain":0.0,"event_name":"Upgrade Shrine","player_choice":"Upgraded","floor":37.0,"gold_loss":0.0,"damage_taken":0.0,"cards_upgraded":["CleanseEvil"]},{"damage_healed":0.0,"max_hp_gain":0.0,"max_hp_loss":0.0,"gold_gain":0.0,"event_name":"Match and Keep!","player_choice":"1 cards matched","floor":48.0,"gold_loss":0.0,"damage_taken":0.0,"cards_obtained":["Discovery"]}],"is_beta":true,"boss_relics":[{"not_picked":["Black Star","Pandora\u0027s Box"],"picked":"SlaversCollar"},{"not_picked":["Empty Cage","HolyWater"],"picked":"Astrolabe"}],"items_purged_floors":[13],"is_endless":false,"potions_floor_spawned":[5,11,14,18,21,29,31,33,41,44,45],"killed_by":"The Heart","ascension_level":0}