{"gold_per_floor":[115,133,145,95,113,132,132,164,244,277,297,297,55,87,87,185,185,203,80,98,98,30,58,418,451,451,470,485,496,529,297,297,395,395,409,409,1408,1408,1422,1422],"floor_reached":40,"playtime":1606,"items_purged":["Strike_B","Strike_B"],"score":617,"play_id":"eabb81f2-410a-4b06-b1ea-40ed25d2a7a4","local_time":"20190313101147","is_ascension_mode":true,"campfire_choices":[{"data":"Sunder","floor":7,"key":"SMITH"},{"data":"Zap","floor":12,"key":"SMITH"},{"data":"Coolheaded","floor":15,"key":"SMITH"},{"data":"Storm","floor":32,"key":"SMITH"}],"neow_cost":"NONE","seed_source_timestamp":1156095711045,"circlet_count":0,"master_deck":["Strike_B","Defend_B","Defend_B","Defend_B","Defend_B","Zap+1","Dualcast","Ball Lightning","Doom and Gloom","Sunder+1","Leap","Hyperbeam","FTL","Coolheaded+1","Ball Lightning","Self Repair","Multi-Cast","Heatsinks","Reinforced Body","Ghostly","Ghostly","Ghostly","Ghostly","Static Discharge","Coolheaded","Loop","Genetic Algorithm","Coolheaded","Self Repair","Storm+1","Meteor Strike","Normality","Normality"],"relics":["Cracked Core","Bag of Preparation","Meat on the Bone","Turnip","Mummified Hand","Smiling Mask","Velvet Choker","Ancient Tea Set","Regal Pillow","Question Card","Juzu Bracelet","Happy Flower","Snecko Eye"],"potions_floor_usage":[25,33],"damage_taken":[{"damage":1,"enemies":"Cultist","floor":1,"turns":4},{"damage":0,"enemies":"Small Slimes","floor":2,"turns":2},{"damage":6,"enemies":"Jaw Worm","floor":3,"turns":3},{"damage":6,"enemies":"3 Louse","floor":5,"turns":2},{"damage":1,"enemies":"2 Fungi Beasts","floor":6,"turns":2},{"damage":0,"enemies":"3 Sentries","floor":8,"turns":3},{"damage":17,"enemies":"Lagavulin","floor":10,"turns":6},{"damage":0,"enemies":"Gremlin Gang","floor":11,"turns":1},{"damage":2,"enemies":"3 Sentries","floor":14,"turns":6},{"damage":30,"enemies":"The Guardian","floor":16,"turns":12},{"damage":5,"enemies":"Shell Parasite","floor":18,"turns":4},{"damage":0,"enemies":"3 Byrds","floor":20,"turns":3},{"damage":2,"enemies":"Book of Stabbing","floor":23,"turns":6},{"damage":2,"enemies":"Slavers","floor":25,"turns":6},{"damage":8,"enemies":"Cultist and Chosen","floor":27,"turns":7},{"damage":0,"enemies":"Snecko","floor":28,"turns":4},{"damage":9,"enemies":"Shelled Parasite and Fungi","floor":29,"turns":5},{"damage":0,"enemies":"Book of Stabbing","floor":30,"turns":5},{"damage":12,"enemies":"Champ","floor":33,"turns":12},{"damage":0,"enemies":"3 Shapes","floor":35,"turns":3},{"damage":0,"enemies":"Orb Walker","floor":39,"turns":3},{"damage":44,"enemies":"Nemesis","floor":40,"turns":5}],"seed_played":"-7747842227060953488","potions_obtained":[{"floor":1,"key":"Dexterity Potion"},{"floor":3,"key":"FocusPotion"},{"floor":5,"key":"AttackPotion"},{"floor":25,"key":"Strength Potion"},{"floor":39,"key":"Energy Potion"}],"is_trial":false,"path_per_floor":["M","M","M","?","M","M","R","E","T","E","M","R","$","E","R","B",null,"M","$","M","?","$","E","?","E","T","M","M","M","E","$","R","B",null,"M","?","?","?","M","E"],"character_chosen":"DEFECT","items_purchased":["Mummified Hand","Heatsinks","Static Discharge","Storm","Happy Flower"],"campfire_rested":0,"item_purchase_floors":[13,19,22,31,31],"current_hp_per_floor":[81,81,75,75,69,68,68,68,68,51,51,51,51,49,49,38,82,82,82,82,41,41,41,11,28,28,39,41,39,41,41,41,41,41,41,41,41,31,41,0],"gold":1422,"neow_bonus":"TEN_PERCENT_HP_BONUS","is_prod":false,"is_daily":false,"chose_seed":false,"campfire_upgraded":4,"win_rate":0,"timestamp":1552468307,"path_taken":["M","?","M","?","M","M","R","E","T","E","M","R","?","E","R","BOSS","M","$","M","?","$","E","?","E","T","?","M","M","E","$","R","BOSS","M","?","?","?","M","E"],"build_version":"2019-01-23","purchased_purges":2,"victory":false,"max_hp_per_floor":[82,82,82,82,82,82,82,82,82,82,82,82,82,82,82,82,82,82,82,82,41,41,41,41,41,41,41,41,41,41,41,41,41,41,41,41,41,41,41,41],"card_choices":[{"not_picked":["Reprogram","Lockon"],"picked":"Ball Lightning","floor":1},{"not_picked":["Scrape","Rebound"],"picked":"Doom and Gloom","floor":2},{"not_picked":["Compile Driver","Sweeping Beam"],"picked":"Sunder","floor":3},{"not_picked":["Lockon","Compile Driver"],"picked":"Leap","floor":5},{"not_picked":["Skim","Blizzard"],"picked":"Hyperbeam","floor":6},{"not_picked":["Stack","Reboot"],"picked":"FTL","floor":8},{"not_picked":["Undo","Steam"],"picked":"Coolheaded","floor":10},{"not_picked":["Blizzard","Double Energy"],"picked":"Ball Lightning","floor":11},{"not_picked":["Sweeping Beam","Machine Learning"],"picked":"Self Repair","floor":14},{"not_picked":["All For One","Buffer"],"picked":"Multi-Cast","floor":16},{"not_picked":["Barrage+1","Force Field","Compile Driver+1"],"picked":"SKIP","floor":18},{"not_picked":["Leap","Blizzard"],"picked":"Reinforced Body","floor":20},{"not_picked":["Sweeping Beam+1","Tempest"],"picked":"Coolheaded","floor":23},{"not_picked":["Stack","Barrage"],"picked":"Loop","floor":25},{"not_picked":["Coolheaded","Reprogram","Consume"],"picked":"Genetic Algorithm","floor":27},{"not_picked":["Compile Driver+1","Undo","Sweeping Beam"],"picked":"Coolheaded","floor":28},{"not_picked":["Steam+1","Streamline+1","Chaos"],"picked":"Self Repair","floor":29},{"not_picked":["Compile Driver","Reprogram+1","Sweeping Beam+1","Chaos"],"picked":"SKIP","floor":30},{"not_picked":["Reboot","Thunder Strike","Buffer"],"picked":"Meteor Strike","floor":33},{"not_picked":["Sweeping Beam","Coolheaded+1","Streamline","Go for the Eyes"],"picked":"SKIP","floor":35},{"not_picked":["Beam Cell","Hologram","Blizzard","Go for the Eyes+1"],"picked":"SKIP","floor":39}],"player_experience":1398362,"relics_obtained":[{"floor":8,"key":"Bag of Preparation"},{"floor":9,"key":"Meat on the Bone"},{"floor":10,"key":"Turnip"},{"floor":14,"key":"Smiling Mask"},{"floor":23,"key":"Ancient Tea Set"},{"floor":25,"key":"Regal Pillow"},{"floor":26,"key":"Question Card"},{"floor":30,"key":"Juzu Bracelet"}],"event_choices":[{"cards_removed":["Strike_B"],"damage_healed":0,"gold_gain":0,"player_choice":"Card Removal","damage_taken":0,"max_hp_gain":0,"max_hp_loss":0,"event_name":"The Cleric","floor":4,"gold_loss":50},{"damage_healed":0,"gold_gain":0,"player_choice":"Became a Ghost","damage_taken":0,"max_hp_gain":0,"max_hp_loss":41,"event_name":"Ghosts","floor":21,"gold_loss":0,"cards_obtained":["Ghostly","Ghostly","Ghostly","Ghostly","Ghostly"]},{"damage_healed":0,"gold_gain":360,"player_choice":"GOLD GOLD GOLD GOLD ","damage_taken":30,"max_hp_gain":0,"max_hp_loss":0,"event_name":"Knowing Skull","floor":24,"potions_obtained":[],"gold_loss":0,"cards_obtained":[]},{"cards_removed":["Ghostly"],"damage_healed":0,"gold_gain":0,"player_choice":"Removed Skill","damage_taken":0,"max_hp_gain":0,"max_hp_loss":0,"event_name":"Falling","floor":36,"gold_loss":0},{"damage_healed":0,"gold_gain":999,"player_choice":"Gold","damage_taken":0,"max_hp_gain":0,"max_hp_loss":0,"event_name":"MindBloom","floor":37,"gold_loss":0,"cards_obtained":["Normality","Normality"]},{"damage_healed":0,"gold_gain":0,"player_choice":"Memory 3","damage_taken":10,"max_hp_gain":0,"max_hp_loss":0,"event_name":"SensoryStone","floor":38,"gold_loss":0}],"is_beta":false,"boss_relics":[{"not_picked":["Calling Bell","Orrery"],"picked":"Velvet Choker"},{"not_picked":["Eternal Feather","Tiny House"],"picked":"Snecko Eye"}],"items_purged_floors":[19,31],"is_endless":false,"potions_floor_spawned":[1,3,5,8,14,18,20,25,28,39],"killed_by":"Nemesis","ascension_level":1}