{"gold_per_floor":[16,16,16,35,35,35,73,89,89,123,137,172,190,228,228,317,317,330,380,403,403,403,443,368,368,368,368],"floor_reached":27,"playtime":932,"items_purged":[],"score":618,"play_id":"9a62e7ef-e375-48f6-b026-9f5967a99aeb","local_time":"20190925132247","is_ascension_mode":true,"campfire_choices":[{"data":"Poisoned Stab","floor":6,"key":"SMITH"},{"data":"After Image","floor":15,"key":"SMITH"},{"data":"Cloak And Dagger","floor":25,"key":"SMITH"}],"neow_cost":"NO_GOLD","seed_source_timestamp":2776685952586,"circlet_count":0,"master_deck":["AscendersBane","Strike_G","Strike_G+1","Strike_G+1","Defend_G","Defend_G","Defend_G","Defend_G","Defend_G","Survivor","Neutralize","After Image+1","Dagger Throw","Poisoned Stab+1","Cloak And Dagger","Cloak And Dagger","Blur","Cloak And Dagger+1","Deflect","Corpse Explosion","Noxious Fumes","PiercingWail","Finisher","Parasite"],"relics":["Ring of the Snake","Golden Idol","Kunai","Shuriken","Mercury Hourglass","Whetstone","TungstenRod","Cursed Key","Nilry\u0027s Codex","Sundial","Singing Bowl"],"potions_floor_usage":[13,14,16,16,23],"damage_taken":[{"damage":0,"enemies":"Small Slimes","floor":1,"turns":4},{"damage":0,"enemies":"2 Louse","floor":4,"turns":3},{"damage":21,"enemies":"3 Sentries","floor":7,"turns":14},{"damage":0,"enemies":"Cultist","floor":8,"turns":3},{"damage":19,"enemies":"Gremlin Nob","floor":10,"turns":4},{"damage":1,"enemies":"3 Louse","floor":11,"turns":2},{"damage":12,"enemies":"3 Sentries","floor":12,"turns":10},{"damage":0,"enemies":"Gremlin Gang","floor":13,"turns":3},{"damage":4,"enemies":"Gremlin Nob","floor":14,"turns":3},{"damage":0,"enemies":"Hexaghost","floor":16,"turns":14},{"damage":3,"enemies":"3 Byrds","floor":18,"turns":3},{"damage":3,"enemies":"Shell Parasite","floor":20,"turns":5},{"damage":6,"enemies":"Book of Stabbing","floor":23,"turns":5},{"damage":19,"enemies":"Slavers","floor":27,"turns":2}],"seed_played":"-3641938620576624429","potions_obtained":[{"floor":8,"key":"Block Potion"},{"floor":11,"key":"Explosive Potion"},{"floor":13,"key":"Poison Potion"},{"floor":14,"key":"Dexterity Potion"},{"floor":20,"key":"SkillPotion"}],"is_trial":false,"path_per_floor":["M","?","$","M","?","R","E","M","T","E","M","E","M","E","R","B",null,"M","?","M","?","?","E","?","R","T","E"],"character_chosen":"THE_SILENT","items_purchased":[],"campfire_rested":0,"item_purchase_floors":[],"current_hp_per_floor":[59,59,59,59,59,59,38,38,38,19,18,6,6,2,2,2,46,43,43,40,40,23,17,17,17,17,0],"gold":368,"neow_bonus":"THREE_RARE_CARDS","is_prod":false,"is_daily":false,"chose_seed":false,"campfire_upgraded":3,"win_rate":0,"timestamp":1569410567,"path_taken":["M","?","$","M","?","R","E","M","T","E","M","E","?","E","R","BOSS","M","?","?","?","?","E","?","R","T","E"],"build_version":"2019-09-24","purchased_purges":0,"victory":false,"max_hp_per_floor":[66,60,60,60,60,60,60,60,60,60,60,60,60,60,60,60,60,60,60,60,60,60,60,60,60,60,60],"card_choices":[{"not_picked":["Storm of Steel","Phantasmal Killer"],"picked":"After Image","floor":0},{"not_picked":["Dodge and Roll","Slice"],"picked":"Dagger Throw","floor":1},{"not_picked":["Acrobatics","Calculated Gamble"],"picked":"Poisoned Stab","floor":4},{"not_picked":["Sucker Punch","Backflip"],"picked":"Cloak And Dagger","floor":7},{"not_picked":["Acrobatics","Underhanded Strike"],"picked":"Cloak And Dagger","floor":8},{"not_picked":["Acrobatics","Prepared"],"picked":"Blur","floor":10},{"not_picked":["Deadly Poison","Sucker Punch"],"picked":"Cloak And Dagger","floor":11},{"not_picked":["Prepared","Underhanded Strike","Slice"],"picked":"SKIP","floor":12},{"not_picked":["Tactician","Eviscerate"],"picked":"Deflect","floor":13},{"not_picked":["Calculated Gamble","Flechettes","Tools of the Trade"],"picked":"SKIP","floor":14},{"not_picked":["Calculated Gamble","Flechettes","Tools of the Trade"],"picked":"SKIP","floor":14},{"not_picked":["Burst","Phantasmal Killer"],"picked":"Corpse Explosion","floor":16},{"not_picked":["Cloak And Dagger","Bane"],"picked":"Noxious Fumes","floor":18},{"not_picked":["Deflect","Backflip"],"picked":"PiercingWail","floor":20},{"not_picked":["Storm of Steel","Bane"],"picked":"Finisher","floor":23}],"player_experience":2106641,"relics_obtained":[{"floor":7,"key":"Kunai"},{"floor":9,"key":"Shuriken"},{"floor":10,"key":"Mercury Hourglass"},{"floor":12,"key":"Whetstone"},{"floor":14,"key":"TungstenRod"},{"floor":22,"key":"Nilry\u0027s Codex"},{"floor":23,"key":"Sundial"},{"floor":26,"key":"Singing Bowl"}],"event_choices":[{"damage_healed":0,"gold_gain":0,"player_choice":"Lose Max HP","damage_taken":0,"relics_obtained":["Golden Idol"],"max_hp_gain":0,"max_hp_loss":6,"event_name":"Golden Idol","floor":2,"gold_loss":0},{"cards_removed":["Strike_G"],"damage_healed":0,"gold_gain":0,"player_choice":"Purged","damage_taken":0,"max_hp_gain":0,"max_hp_loss":0,"event_name":"Purifier","floor":5,"gold_loss":0},{"damage_healed":0,"gold_gain":50,"player_choice":"Pray","damage_taken":0,"max_hp_gain":0,"max_hp_loss":0,"event_name":"Golden Shrine","floor":19,"gold_loss":0},{"damage_healed":0,"gold_gain":0,"player_choice":"Ignored","damage_taken":0,"max_hp_gain":0,"max_hp_loss":0,"event_name":"The Mausoleum","floor":21,"gold_loss":0},{"damage_healed":0,"gold_gain":0,"player_choice":"Obtained Book","damage_taken":21,"max_hp_gain":0,"max_hp_loss":0,"event_name":"Cursed Tome","floor":22,"gold_loss":0},{"cards_removed":["Strike_G"],"damage_healed":0,"gold_gain":0,"player_choice":"Gave Gold","damage_taken":0,"max_hp_gain":0,"max_hp_loss":0,"event_name":"Beggar","floor":24,"gold_loss":75}],"is_beta":true,"boss_relics":[{"not_picked":["Runic Dome","Ectoplasm"],"picked":"Cursed Key"}],"items_purged_floors":[],"is_endless":false,"potions_floor_spawned":[8,11,13,14,20],"killed_by":"Slavers","ascension_level":20}