{"path_per_floor":["M","M","?","?","M","E","M","R","T","R","M","?","$","M","R","B",null,"M","M","M","M","M","R","?","R","T"],"character_chosen":"DEFECT","items_purchased":["Bandage Up+1"],"gold_per_floor":[118,131,131,96,113,148,162,162,162,162,178,178,87,107,107,206,206,221,240,257,275,291,291,291,291,291,291],"floor_reached":27,"campfire_rested":1,"playtime":1005,"item_purchase_floors":[13],"current_hp_per_floor":[68,67,67,82,79,37,31,31,31,31,36,20,20,24,24,22,67,40,27,19,25,31,31,31,55,55,0],"items_purged":[],"gold":291,"score":315,"play_id":"c79471e1-6bf8-4f68-87fc-42a8474461f7","local_time":"20180614203356","is_prod":false,"is_daily":false,"chose_seed":false,"is_ascension_mode":true,"campfire_upgraded":4,"win_rate":0,"timestamp":1529001236,"campfire_choices":[{"data":"Zap","floor":8,"key":"SMITH"},{"data":"Double Energy","floor":10,"key":"SMITH"},{"data":"Electrodynamics","floor":15,"key":"SMITH"},{"data":"Dualcast","floor":23,"key":"SMITH"},{"floor":25,"key":"REST"}],"path_taken":["M","M","?","?","M","E","M","R","T","R","M","?","$","M","R","BOSS","M","?","?","M","M","R","?","R","T","E"],"build_version":"2018-06-13v3","seed_source_timestamp":40525037070120,"purchased_purges":0,"victory":false,"master_deck":["Strike_B","Strike_B","Strike_B","Strike_B","Defend_B+1","Defend_B","Defend_B","Defend_B","Zap+1","Dualcast+1","Genetic Algorithm+1","Conserve Battery","Double Energy+1","Leap","Turbo","Glacier+1","Bandage Up+1","Electrodynamics+1","Thunder Strike+1","Steam+1","Heatsinks+1","Force Field+1","Ball Lightning+1","Regret"],"max_hp_per_floor":[82,82,82,82,82,82,82,82,82,82,82,82,82,82,82,82,82,82,82,82,82,82,82,82,82,82,82],"relics":["Cracked Core","Mercury Hourglass","Toxic Egg 2","Cursed Key","Shuriken"],"card_choices":[{"not_picked":["Stack","Turbo"],"picked":"Genetic Algorithm","floor":1},{"not_picked":["Hologram","Turbo"],"picked":"Conserve Battery","floor":2},{"not_picked":["Coolheaded","Leap"],"picked":"Double Energy","floor":5},{"not_picked":["Ball Lightning","Streamline"],"picked":"Leap","floor":6},{"not_picked":["Ball Lightning","Sweeping Beam"],"picked":"Turbo","floor":7},{"not_picked":["Coolheaded+1","BootSequence+1"],"picked":"Glacier+1","floor":11},{"not_picked":["Darkness+1","Gash"],"picked":"Electrodynamics","floor":14},{"not_picked":["Meteor Strike","Rainbow+1"],"picked":"Thunder Strike","floor":16},{"not_picked":["Cold Snap","Glacier+1"],"picked":"Steam+1","floor":18},{"not_picked":["Leap+1","Compile Driver"],"picked":"Heatsinks+1","floor":19},{"not_picked":["Streamline+1","Scrape"],"picked":"Force Field+1","floor":20},{"not_picked":["Go for the Eyes","Steam+1"],"picked":"Ball Lightning+1","floor":21},{"not_picked":["Rebound","Stack+1","Hologram+1"],"picked":"SKIP","floor":22}],"player_experience":335745,"potions_floor_usage":[11,11,16,16,27,27],"damage_taken":[{"damage":7,"enemies":"Small Slimes","floor":1,"turns":3},{"damage":1,"enemies":"Jaw Worm","floor":2,"turns":3},{"damage":3,"enemies":"2 Louse","floor":5,"turns":3},{"damage":42,"enemies":"Lagavulin","floor":6,"turns":8},{"damage":6,"enemies":"Looter","floor":7,"turns":4},{"damage":0,"enemies":"Red Slaver","floor":11,"turns":2},{"damage":2,"enemies":"3 Louse","floor":14,"turns":3},{"damage":8,"enemies":"Slime Boss","floor":16,"turns":7},{"damage":33,"enemies":"3 Byrds","floor":18,"turns":4},{"damage":19,"enemies":"Chosen","floor":19,"turns":4},{"damage":14,"enemies":"Slaver and Parasite","floor":20,"turns":7},{"damage":0,"enemies":"Centurion and Healer","floor":21,"turns":5},{"damage":0,"enemies":"Snake Plant","floor":22,"turns":4},{"damage":74,"enemies":"Book of Stabbing","floor":27,"turns":6}],"relics_obtained":[{"floor":6,"key":"Mercury Hourglass"},{"floor":9,"key":"Toxic Egg 2"},{"floor":26,"key":"Shuriken"}],"event_choices":[{"event_name":"Liars Game","player_choice":"disagreed","floor":3,"damage_taken":0},{"event_name":"The Cleric","player_choice":"Healed","floor":4,"damage_taken":0},{"event_name":"Shining Light","player_choice":"Entered Light","floor":12,"damage_taken":0},{"event_name":"Upgrade Shrine","player_choice":"Upgraded","floor":24,"damage_taken":0}],"boss_relics":[{"not_picked":["Sozu","Calling Bell"],"picked":"Cursed Key"}],"items_purged_floors":[],"potions_floor_spawned":[2,5,11,14,20,21],"seed_played":"8810978544236345347","killed_by":"Book of Stabbing","ascension_level":9,"potions_obtained":[{"floor":2,"key":"SteroidPotion"},{"floor":5,"key":"Regen Potion"},{"floor":11,"key":"Fire Potion"},{"floor":14,"key":"GamblersBrew"},{"floor":20,"key":"SteroidPotion"},{"floor":21,"key":"SkillPotion"}],"is_trial":false}