{"gold_per_floor":[109,13,13,13,188,188,221,246,246,171,201,201,230,240,240,342,342,356,372,233,233,253,253],"floor_reached":23,"playtime":1020,"items_purged":["Doubt","Strike_P"],"score":268,"play_id":"83aaf439-b5de-4d37-b5ed-057be43b8eaa","local_time":"20190912124551","is_ascension_mode":true,"campfire_choices":[{"data":"Establishment","floor":6.0,"key":"SMITH"},{"data":"FlowState","floor":12.0,"key":"SMITH"},{"data":"BowlingBash","floor":15.0,"key":"SMITH"}],"neow_cost":"NONE","seed_source_timestamp":0,"circlet_count":0,"master_deck":["Strike_P","Strike_P","Strike_P","Defend_P","Defend_P","Defend_P","Defend_P","Eruption+1","Vigilance","BowlingBash+1","Establishment+1","EmptyMind","FlyingSleeves","FlowState+1","Conclude+1","JustLucky+1","Vault+1","Devotion+1","Clarity+1","Devotion+1","JustLucky+1"],"special_seed":0,"relics":["PureWater","NeowsBlessing","Torii","Blood Vial","Molten Egg 2","Frozen Egg 2","TungstenRod","VioletLotus"],"potions_floor_usage":[23],"damage_taken":[{"damage":0.0,"enemies":"2 Louse","floor":1.0,"turns":1.0},{"damage":0.0,"enemies":"Gremlin Nob","floor":7.0,"turns":1.0},{"damage":0.0,"enemies":"3 Sentries","floor":11.0,"turns":1.0},{"damage":16.0,"enemies":"Gremlin Nob","floor":13.0,"turns":3.0},{"damage":1.0,"enemies":"Jaw Worm","floor":14.0,"turns":2.0},{"damage":31.0,"enemies":"The Guardian","floor":16.0,"turns":11.0},{"damage":5.0,"enemies":"Shell Parasite","floor":18.0,"turns":7.0},{"damage":2.0,"enemies":"Chosen","floor":19.0,"turns":4.0},{"damage":8,"enemies":"Centurion and Healer","floor":22,"turns":5},{"damage":62,"enemies":"Gremlin Leader","floor":23,"turns":7}],"seed_played":"-3364142219903091028","potions_obtained":[{"floor":11.0,"key":"Fire Potion"},{"floor":14.0,"key":"EssenceOfSteel"},{"floor":18.0,"key":"PowerPotion"},{"floor":19.0,"key":"Dexterity Potion"},{"floor":22,"key":"StancePotion"}],"is_trial":false,"path_per_floor":["M","$","?","$","?","R","E","T","T","$","E","R","E","M","R","B",null,"M","M","$","?","M","E"],"character_chosen":"WATCHER","items_purchased":["Establishment","EmptyMind","Devotion+1"],"campfire_rested":0,"item_purchase_floors":[2,2,20],"current_hp_per_floor":[65,65,65,65,65,65,65,65,65,65,65,65,49,50,50,21,65,60,60,60,60,54,0],"gold":253,"neow_bonus":"THREE_ENEMY_KILL","is_prod":false,"is_daily":false,"chose_seed":false,"campfire_upgraded":3,"win_rate":0,"timestamp":1568285151,"path_taken":["M","$","?","$","?","R","E","?","T","$","E","R","E","M","R","BOSS","M","?","$","?","?","E"],"build_version":"2019-09-11v2","purchased_purges":2,"victory":false,"max_hp_per_floor":[65,65,65,65,65,65,65,65,65,65,65,65,65,65,65,65,65,65,65,65,65,65,65],"card_choices":[{"not_picked":["WreathOfFlame","FollowUp"],"picked":"BowlingBash","floor":1.0},{"not_picked":["Collect","BowlingBash"],"picked":"FlyingSleeves","floor":7.0},{"not_picked":["Collect","PathToVictory"],"picked":"FlowState","floor":11.0},{"not_picked":["EmptyMind","ClearTheMind"],"picked":"Conclude+1","floor":13.0},{"not_picked":["Establishment+1","Vengeance"],"picked":"JustLucky+1","floor":14.0},{"not_picked":["FlowState","Pray"],"picked":"Vault+1","floor":16.0},{"not_picked":["BowlingBash+1","CutThroughFate+1"],"picked":"Devotion+1","floor":18.0},{"not_picked":["EmptyMind","Consecrate+1"],"picked":"Clarity","floor":19.0},{"not_picked":["Consecrate+1","ThirdEye"],"picked":"JustLucky+1","floor":22}],"player_experience":2027102,"relics_obtained":[{"floor":7.0,"key":"Torii"},{"floor":8.0,"key":"Blood Vial"},{"floor":9.0,"key":"Molten Egg 2"},{"floor":11.0,"key":"Frozen Egg 2"},{"floor":13.0,"key":"TungstenRod"}],"event_choices":[{"damage_healed":0.0,"max_hp_gain":0.0,"max_hp_loss":0.0,"gold_gain":0.0,"event_name":"Living Wall","player_choice":"Grow","floor":3.0,"gold_loss":0.0,"damage_taken":0.0,"cards_upgraded":["Eruption"]},{"damage_healed":0.0,"max_hp_gain":0.0,"max_hp_loss":0.0,"gold_gain":175.0,"event_name":"Liars Game","player_choice":"AGREE","floor":5.0,"gold_loss":0.0,"damage_taken":0.0,"cards_obtained":["Doubt"]},{"damage_healed":0.0,"max_hp_gain":0.0,"max_hp_loss":0.0,"gold_gain":0.0,"event_name":"Accursed Blacksmith","player_choice":"Forge","floor":21.0,"gold_loss":0.0,"damage_taken":0.0,"cards_upgraded":["Clarity"]}],"is_beta":true,"boss_relics":[{"not_picked":["Sozu","Fusion Hammer"],"picked":"VioletLotus"}],"items_purged_floors":[10,20],"is_endless":false,"potions_floor_spawned":[11,14,18,19,22],"killed_by":"Gremlin Leader","ascension_level":1}