{"gold_per_floor":[117,117,217,217,232,232,257,271,271,271,41,70,90,265,265,265],"floor_reached":16,"playtime":522,"items_purged":[],"score":173,"play_id":"9903c9e4-12a9-4264-8f47-5e03f3982a1f","local_time":"20180912100440","is_ascension_mode":true,"campfire_choices":[{"data":"Zap","floor":6,"key":"SMITH"},{"data":"Dualcast","floor":10,"key":"SMITH"},{"data":"Genetic Algorithm","floor":15,"key":"SMITH"}],"neow_cost":"NONE","seed_source_timestamp":6379222685218,"circlet_count":0,"master_deck":["Strike_B","Strike_B","Strike_B","Strike_B","Defend_B","Defend_B","Defend_B","Defend_B","Zap+1","Dualcast+1","AscendersBane","Darkness","Finesse","Rainbow","Genetic Algorithm+1","Sunder","Core Surge","Steam","Capacitor","Self Repair","FTL","Doubt"],"relics":["Cracked Core","Art of War","Gambling Chip","Sundial","Membership Card","Cables"],"potions_floor_usage":[12,16,16],"damage_taken":[{"damage":1,"enemies":"Cultist","floor":1,"turns":3},{"damage":5,"enemies":"Jaw Worm","floor":5,"turns":3},{"damage":8,"enemies":"Lagavulin","floor":7,"turns":6},{"damage":2,"enemies":"Small Slimes","floor":8,"turns":2},{"damage":18,"enemies":"Gremlin Nob","floor":12,"turns":3},{"damage":0,"enemies":"3 Louse","floor":13,"turns":3},{"damage":39,"enemies":"Hexaghost","floor":16,"turns":9}],"seed_played":"1400057748863219740","potions_obtained":[{"floor":5,"key":"Fire Potion"},{"floor":8,"key":"Regen Potion"},{"floor":12,"key":"EssenceOfSteel"}],"is_trial":false,"path_per_floor":["M","?","?","?","M","R","E","M","T","R","$","E","M","?","R"],"character_chosen":"DEFECT","items_purchased":["Membership Card","Capacitor"],"campfire_rested":0,"item_purchase_floors":[11,11],"current_hp_per_floor":[67,67,67,60,55,55,47,45,45,45,45,36,36,36,36,0],"gold":265,"neow_bonus":"RANDOM_COMMON_RELIC","is_prod":false,"is_daily":false,"chose_seed":false,"campfire_upgraded":3,"win_rate":0,"timestamp":1536739480,"path_taken":["M","?","?","?","M","R","E","?","T","R","$","E","M","?","R","BOSS"],"build_version":"2018-09-10","purchased_purges":0,"victory":false,"max_hp_per_floor":[75,75,75,75,75,75,75,75,75,75,75,75,75,75,75,75],"card_choices":[{"not_picked":["Redo","Compile Driver"],"picked":"Darkness","floor":1},{"not_picked":["Self Repair","Melter"],"picked":"Sunder","floor":5},{"not_picked":["Sweeping Beam","Doom and Gloom"],"picked":"Core Surge","floor":7},{"not_picked":["Scrape","Redo"],"picked":"Steam","floor":8},{"not_picked":["Sunder","Gash"],"picked":"Self Repair","floor":12},{"not_picked":["Coolheaded","Beam Cell"],"picked":"FTL","floor":13}],"player_experience":420916,"relics_obtained":[{"floor":7,"key":"Gambling Chip"},{"floor":9,"key":"Sundial"},{"floor":12,"key":"Cables"}],"event_choices":[{"event_name":"Match and Keep!","player_choice":"3 cards matched","floor":2,"damage_taken":0},{"event_name":"Golden Shrine","player_choice":"Pray","floor":3,"damage_taken":0},{"event_name":"Wheel of Change","player_choice":"Damage","floor":4,"damage_taken":0},{"event_name":"Liars Game","player_choice":"agreed","floor":14,"damage_taken":0}],"is_beta":true,"boss_relics":[],"items_purged_floors":[],"is_endless":false,"potions_floor_spawned":[5,8,12],"killed_by":"Hexaghost","ascension_level":12}