{"gold_per_floor":[111,111,122,197,122,122,154,154,199,217,242,73,73,99,99,173,173,153,78,78,95,95,95,95],"floor_reached":24,"playtime":736,"items_purged":[],"score":458,"play_id":"d20e706e-4951-4006-b93e-dc68e3fffb5a","local_time":"20181209180522","is_ascension_mode":true,"campfire_choices":[{"data":"Spot Weakness","floor":6.0,"key":"SMITH"},{"data":"Bash","floor":8.0,"key":"SMITH"},{"data":"Fiend Fire","floor":13.0,"key":"SMITH"},{"data":"Bloodletting","floor":15.0,"key":"SMITH"},{"data":"Rage","floor":23,"key":"SMITH"}],"neow_cost":"NONE","seed_source_timestamp":0,"circlet_count":0,"master_deck":["AscendersBane","Strike_R+1","Strike_R+1","Strike_R+1","Defend_R+1","Defend_R+1","Defend_R+1","Defend_R+1","Bash+1","Iron Wave","Spot Weakness+1","Fiend Fire+1","Bloodletting+1","Twin Strike","Anger","Demon Form","Rage+1","Spot Weakness+1","Inflame+1"],"special_seed":0,"relics":["Burning Blood","Regal Pillow","Omamori","Red Skull","Calipers","PreservedInsect","Mango","Sozu"],"potions_floor_usage":[21],"damage_taken":[{"damage":6.0,"enemies":"Cultist","floor":1.0,"turns":3.0},{"damage":0.0,"enemies":"Small Slimes","floor":3.0,"turns":3.0},{"damage":40.0,"enemies":"3 Sentries","floor":7.0,"turns":11.0},{"damage":3.0,"enemies":"2 Louse","floor":10.0,"turns":3.0},{"damage":3.0,"enemies":"Gremlin Nob","floor":11.0,"turns":2.0},{"damage":8.0,"enemies":"3 Sentries","floor":14.0,"turns":4.0},{"damage":38.0,"enemies":"Slime Boss","floor":16.0,"turns":5.0},{"damage":17.0,"enemies":"2 Thieves","floor":18.0,"turns":4.0},{"damage":43,"enemies":"3 Byrds","floor":21,"turns":5},{"damage":27,"enemies":"Book of Stabbing","floor":24,"turns":2}],"seed_played":"-7852054095951772218","potions_obtained":[{"floor":10.0,"key":"Dexterity Potion"},{"floor":14.0,"key":"Dexterity Potion"},{"floor":16.0,"key":"EssenceOfSteel"}],"is_trial":false,"path_per_floor":["M","?","M","?","?","R","E","R","T","M","E","$","R","E","R","B",null,"M","?","?","M","?","R","E"],"character_chosen":"IRONCLAD","items_purchased":["PreservedInsect"],"campfire_rested":0,"item_purchase_floors":[12],"current_hp_per_floor":[68,68,74,63,63,63,29,29,29,32,35,35,35,47,47,15,71,60,60,60,23,23,23,0],"gold":95,"neow_bonus":"RANDOM_COMMON_RELIC","is_prod":false,"is_daily":false,"chose_seed":false,"campfire_upgraded":5,"win_rate":0,"timestamp":1544375122,"path_taken":["M","?","M","?","?","R","E","R","T","M","E","$","R","E","R","BOSS","M","?","?","?","?","R","E"],"build_version":"2018-12-06","purchased_purges":0,"victory":false,"max_hp_per_floor":[75,75,75,75,75,75,75,75,75,75,75,75,75,89,89,89,89,89,89,89,89,89,89,89],"card_choices":[{"not_picked":["True Grit","Pummel"],"picked":"Iron Wave","floor":1.0},{"not_picked":["Rampage","Power Through"],"picked":"Spot Weakness","floor":3.0},{"not_picked":["Pommel Strike","Clothesline"],"picked":"Fiend Fire","floor":7.0},{"not_picked":["Rupture","Thunderclap"],"picked":"Bloodletting","floor":10.0},{"not_picked":["Warcry","Reckless Charge"],"picked":"Twin Strike","floor":11.0},{"not_picked":["Warcry","Headbutt"],"picked":"Anger","floor":14.0},{"not_picked":["Exhume","Dark Embrace"],"picked":"Demon Form","floor":16.0},{"not_picked":["Flame Barrier","Wild Strike"],"picked":"Rage","floor":18.0},{"not_picked":["Twin Strike","Warcry"],"picked":"Inflame+1","floor":21}],"player_experience":996963,"relics_obtained":[{"floor":7.0,"key":"Omamori"},{"floor":9.0,"key":"Red Skull"},{"floor":11.0,"key":"Calipers"},{"floor":14.0,"key":"Mango"}],"event_choices":[{"damage_healed":0.0,"max_hp_gain":0.0,"max_hp_loss":0.0,"gold_gain":0.0,"event_name":"Liars Game","player_choice":"Ignored","floor":2.0,"gold_loss":0.0,"damage_taken":0.0},{"damage_healed":0.0,"max_hp_gain":0.0,"max_hp_loss":0.0,"gold_gain":75.0,"event_name":"World of Goop","player_choice":"Gather Gold","floor":4.0,"gold_loss":0.0,"damage_taken":11.0},{"cards_removed":["Strike_R"],"damage_healed":0.0,"max_hp_gain":0.0,"max_hp_loss":0.0,"gold_gain":0.0,"event_name":"The Cleric","player_choice":"Card Removal","floor":5.0,"gold_loss":75.0,"damage_taken":0.0},{"cards_removed":["Strike_R"],"damage_healed":0.0,"max_hp_gain":0.0,"max_hp_loss":0.0,"gold_gain":0.0,"event_name":"Beggar","player_choice":"Gave Gold","floor":19.0,"gold_loss":75.0,"damage_taken":0.0},{"damage_healed":0.0,"max_hp_gain":0.0,"max_hp_loss":0.0,"gold_gain":0.0,"event_name":"Duplicator","player_choice":"Copied","floor":20.0,"gold_loss":0.0,"damage_taken":0.0,"cards_obtained":["Spot Weakness"]},{"damage_healed":0,"gold_gain":0,"player_choice":"Simplicity","damage_taken":0,"max_hp_gain":0,"max_hp_loss":0,"event_name":"Back to Basics","floor":22,"gold_loss":0,"cards_upgraded":["Strike_R","Strike_R","Strike_R","Defend_R","Defend_R","Defend_R","Defend_R"]}],"is_beta":true,"boss_relics":[{"not_picked":["Runic Dome","Lizard Tail"],"picked":"Sozu"}],"items_purged_floors":[],"is_endless":false,"potions_floor_spawned":[10,14,16,21],"killed_by":"Book of Stabbing","ascension_level":19}