{"gold_per_floor":[119,136,147,147,163,193,193,213,213,213,238,163,191,191,191,262,262,272,288,303,95,106,139,139,172,172,568,568,683,711,711,711,782,782,794,807,907,166,166,193,193,204,204,204,1,28,41,54,54,127,202,202,214,230,240,259,97,131,131,144,144,144,161,161],"floor_reached":64,"playtime":1783,"items_purged":["Strike_G","Strike_G","Normality","Strike_G","Clumsy"],"score":2959,"play_id":"1d0a9f12-d084-45cb-825a-3be0e7016870","local_time":"20190213182223","is_ascension_mode":true,"campfire_choices":[{"floor":7,"key":"REST"},{"floor":10,"key":"REST"},{"floor":15,"key":"RECALL"},{"floor":28,"key":"REST"},{"floor":32,"key":"REST"},{"floor":41,"key":"REST"},{"floor":44,"key":"REST"},{"floor":49,"key":"REST"},{"floor":59,"key":"REST"},{"floor":62,"key":"REST"}],"neow_cost":"NONE","seed_source_timestamp":30117483407063,"circlet_count":0,"master_deck":["AscendersBane","Defend_G","Defend_G","Defend_G","Defend_G","Defend_G","Strike_G","Strike_G","Survivor","Neutralize","Acrobatics","Dagger Throw","Cloak And Dagger","hubris:InfiniteBlow+34","Escape Plan","Noxious Fumes","Corpse Explosion","Well Laid Plans","hubris:Insight","Acrobatics","Backflip","Burst","Well Laid Plans","Dash","hubris:Despair","Reflex+1","Prepared+1","Footwork","hubris:InfiniteBlow+34","Catalyst","Deadly Poison","Prepared+1","Bouncing Flask+1","Night Terror","Corpse Explosion","Bouncing Flask","infinitespire:NeuralNetwork","Dodge and Roll","Slice","Underhanded Strike","PiercingWail","Crippling Poison","Acrobatics"],"relics":["Fusion Hammer","infinitespire:FocusingShard","Lantern","Pocketwatch","Bottled Lightning","hubris:RunicObelisk","Potion Belt","hubris:PeanutButter","infinitespire:Bottled Soul","Bag of Marbles","PreservedInsect","The Courier","Calling Bell","Regal Pillow","Kunai","Du-Vu Doll","infinitespire:Eraser","Membership Card","infinitespire:Satchel","Orichalcum","Mummified Hand","Strawberry","Pen Nib","Bronze Scales","Omamori","hubris:SlimyHat","Ancient Tea Set","Art of War","Happy Flower","Bottled Flame","Ice Cream","Letter Opener","Dream Catcher","Snecko Eye","hubris:MobiusCoin","hubris:GlazedTorus","Meat on the Bone","Snake Skull","Blood Vial","Vajra","infinitespire:EmpoweringShard"],"potions_floor_usage":[64,64,64,64],"damage_taken":[{"damage":2,"enemies":"Jaw Worm","floor":1,"turns":7},{"damage":2,"enemies":"Cultist","floor":2,"turns":5},{"damage":1,"enemies":"Small Slimes","floor":3,"turns":4},{"damage":5,"enemies":"3 Louse","floor":5,"turns":3},{"damage":4,"enemies":"3 Sentries","floor":6,"turns":5},{"damage":6,"enemies":"Lots of Slimes","floor":8,"turns":6},{"damage":0,"enemies":"Lagavulin","floor":11,"turns":2},{"damage":10,"enemies":"3 Sentries","floor":13,"turns":5},{"damage":0,"enemies":"The Guardian","floor":16,"turns":1},{"damage":0,"enemies":"3 Byrds","floor":18,"turns":1},{"damage":0,"enemies":"Shell Parasite","floor":19,"turns":1},{"damage":3,"enemies":"Centurion and Healer","floor":20,"turns":4},{"damage":0,"enemies":"Snake Plant","floor":22,"turns":1},{"damage":0,"enemies":"Book of Stabbing","floor":23,"turns":2},{"damage":46,"enemies":"Gremlin Leader","floor":25,"turns":3},{"damage":0,"enemies":"Nightmare","floor":27,"turns":1},{"damage":0,"enemies":"3 Cultists","floor":29,"turns":1},{"damage":20,"enemies":"Gremlin Leader","floor":30,"turns":3},{"damage":8,"enemies":"Collector","floor":33,"turns":3},{"damage":19,"enemies":"3 Darklings","floor":35,"turns":3},{"damage":0,"enemies":"3 Shapes","floor":36,"turns":3},{"damage":0,"enemies":"Mind Bloom Boss Battle","floor":37,"turns":2},{"damage":0,"enemies":"Nightmare","floor":40,"turns":1},{"damage":0,"enemies":"Transient","floor":42,"turns":1},{"damage":0,"enemies":"Giant Head","floor":46,"turns":1},{"damage":0,"enemies":"Maw","floor":47,"turns":1},{"damage":0,"enemies":"Spire Growth","floor":48,"turns":1},{"damage":0,"enemies":"Awakened One","floor":50,"turns":2},{"damage":0,"enemies":"infinitespire:MassOfShapes","floor":51,"turns":1},{"damage":0,"enemies":"Jaw Worm","floor":53,"turns":1},{"damage":0,"enemies":"Small Slimes","floor":54,"turns":1},{"damage":0,"enemies":"2 Louse","floor":55,"turns":1},{"damage":0,"enemies":"Blue Slaver","floor":56,"turns":1},{"damage":0,"enemies":"3 Sentries","floor":58,"turns":3},{"damage":0,"enemies":"Exordium Wildlife","floor":60,"turns":1},{"damage":0,"enemies":"Looter","floor":63,"turns":1},{"damage":74,"enemies":"Nightmare_Alpha","floor":64,"turns":2}],"seed_played":"-7778705488149762842","potions_obtained":[{"floor":3,"key":"FearPotion"},{"floor":5,"key":"FearPotion"},{"floor":6,"key":"Dexterity Potion"},{"floor":24,"key":"infinitespire:BlackPotion"},{"floor":24,"key":"EntropicBrew"}],"is_trial":false,"path_per_floor":["M","M","M","?","M","E","R","M","T","R","E","$","E","?","R","B",null,"M","M","M","$","M","E","?","E","T","NM","R","M","E","T","R","B",null,"M","M","?","$","?","NM","R","M","T","R","$","E","M","M","R","B","B",null,"M","M","M","M","$","E","R","M","T","R","M","NM"],"character_chosen":"THE_SILENT","items_purchased":["hubris:Insight","Membership Card","infinitespire:Satchel","Orichalcum","Mummified Hand","Strawberry","Pen Nib","Bronze Scales","Omamori","hubris:SlimyHat","Ancient Tea Set","Art of War","Ice Cream","hubris:MobiusCoin","Dodge and Roll","Slice","Underhanded Strike","hubris:GlazedTorus","Meat on the Bone","Snake Skull","Blood Vial"],"campfire_rested":9,"item_purchase_floors":[21,38,38,38,38,38,38,38,38,38,38,38,45,57,57,57,57,57,57,57,57],"current_hp_per_floor":[57,55,54,37,32,28,47,41,41,60,60,60,50,66,66,66,66,66,66,63,63,63,63,63,17,17,17,36,36,16,16,35,27,56,37,37,37,44,44,44,69,69,69,69,69,69,69,69,69,69,69,69,69,69,69,69,69,69,69,69,69,69,69,0],"gold":161,"neow_bonus":"BOSS_RELIC","is_prod":false,"is_daily":false,"chose_seed":false,"campfire_upgraded":0,"win_rate":0,"timestamp":1550078543,"path_taken":["M","M","M","?","M","E","R","M","T","R","E","?","E","?","R","BOSS","M","?","M","$","M","E","?","E","T","NM","R","?","E","?","R","BOSS","M","?","?","$","?","NM","R","M","T","R","?","E","?","M","R","BOSS","BOSS","M","M","M","M","$","E","R","M","T","R","?","NM"],"build_version":"2019-01-23","purchased_purges":5,"victory":false,"max_hp_per_floor":[66,66,66,66,66,66,66,66,66,66,66,66,66,66,66,66,66,66,66,66,66,66,66,66,66,66,66,66,66,66,66,66,66,66,66,66,66,73,69,69,69,69,69,69,69,69,69,69,69,69,69,69,69,69,69,69,69,69,69,69,69,69,69,69],"card_choices":[{"not_picked":["Prepared","Slice"],"picked":"Acrobatics","floor":1},{"not_picked":["Terror","Sucker Punch"],"picked":"Dagger Throw","floor":2},{"not_picked":["Sucker Punch","Bullet Time"],"picked":"Cloak And Dagger","floor":3},{"not_picked":["infinitespire:Virus","infinitespire:Execution"],"picked":"hubris:InfiniteBlow+34","floor":4},{"not_picked":["Terror","Cloak And Dagger"],"picked":"Escape Plan","floor":5},{"not_picked":["Terror","Finisher","Underhanded Strike"],"picked":"SKIP","floor":6},{"not_picked":["hubris:Counter","Distraction","All Out Attack"],"picked":"SKIP","floor":8},{"not_picked":["Distraction","Choke"],"picked":"Noxious Fumes","floor":11},{"not_picked":["Bullet Time","Terror","All Out Attack"],"picked":"SKIP","floor":13},{"not_picked":["After Image","Tools of the Trade"],"picked":"Corpse Explosion","floor":16},{"not_picked":["hubris:SlightOfHand","Dagger Spray"],"picked":"Well Laid Plans","floor":18},{"not_picked":["Blade Dance","Bouncing Flask","Outmaneuver"],"picked":"SKIP","floor":19},{"not_picked":["Outmaneuver","Heel Hook","hubris:SlightOfHand"],"picked":"SKIP","floor":20},{"not_picked":["Backstab","Dagger Spray"],"picked":"Acrobatics","floor":22},{"not_picked":["Slice","All Out Attack"],"picked":"Backflip","floor":23},{"not_picked":["Unload","Eviscerate"],"picked":"Burst","floor":25},{"not_picked":["Riddle With Holes","Underhanded Strike"],"picked":"Well Laid Plans","floor":27},{"not_picked":["Poisoned Stab","Backstab"],"picked":"Dash","floor":29},{"not_picked":["Deadly Poison","Bane","Dagger Throw"],"picked":"SKIP","floor":30},{"not_picked":["Flying Knee+1","Bane"],"picked":"Reflex+1","floor":35},{"not_picked":["Outmaneuver+1","Distraction"],"picked":"Prepared+1","floor":36},{"not_picked":["Dagger Spray","Blade Dance+1"],"picked":"Footwork","floor":37},{"not_picked":["infinitespire:Gouge","infinitespire:FutureSight"],"picked":"hubris:InfiniteBlow+34","floor":40},{"not_picked":["Riddle With Holes","Footwork+1","Dagger Spray"],"picked":"SKIP","floor":40},{"not_picked":["Noxious Fumes+1","Caltrops","Quick Slash+1"],"picked":"SKIP","floor":42},{"not_picked":["Dagger Spray","Infinite Blades+1"],"picked":"Catalyst","floor":46},{"not_picked":["Prepared","Outmaneuver"],"picked":"Deadly Poison","floor":47},{"not_picked":["Bouncing Flask","Dagger Throw"],"picked":"Prepared+1","floor":48},{"not_picked":["Backflip","Underhanded Strike"],"picked":"Bouncing Flask+1","floor":49},{"not_picked":["Envenom","Burst"],"picked":"Night Terror","floor":50},{"not_picked":["Venomology","Grand Finale"],"picked":"Corpse Explosion","floor":51},{"not_picked":["Endless Agony","Flying Knee","Bane"],"picked":"SKIP","floor":53},{"not_picked":["Bane","Accuracy","Acrobatics"],"picked":"SKIP","floor":54},{"not_picked":["hubris:TrickCloak","Heel Hook"],"picked":"Bouncing Flask","floor":55},{"not_picked":["Backflip","hubris:TrickCloak","PiercingWail"],"picked":"SKIP","floor":56},{"not_picked":["hubris:Fate","infinitespire:Gouge"],"picked":"infinitespire:NeuralNetwork","floor":57},{"not_picked":["Blade Dance","Dagger Throw"],"picked":"PiercingWail","floor":58},{"not_picked":["Cloak And Dagger","Eviscerate"],"picked":"Crippling Poison","floor":59},{"not_picked":["Terror","Grand Finale","Caltrops"],"picked":"SKIP","floor":60},{"not_picked":["Riddle With Holes","hubris:SlightOfHand"],"picked":"Acrobatics","floor":63}],"player_experience":1254944,"relics_obtained":[{"floor":6,"key":"infinitespire:FocusingShard"},{"floor":9,"key":"Lantern"},{"floor":11,"key":"Pocketwatch"},{"floor":13,"key":"Bottled Lightning"},{"floor":23,"key":"Potion Belt"},{"floor":25,"key":"hubris:PeanutButter"},{"floor":26,"key":"infinitespire:Bottled Soul"},{"floor":27,"key":"Bag of Marbles"},{"floor":30,"key":"PreservedInsect"},{"floor":31,"key":"The Courier"},{"floor":34,"key":"Regal Pillow"},{"floor":34,"key":"Kunai"},{"floor":34,"key":"Du-Vu Doll"},{"floor":37,"key":"infinitespire:Eraser"},{"floor":40,"key":"Happy Flower"},{"floor":43,"key":"Bottled Flame"},{"floor":46,"key":"Letter Opener"},{"floor":58,"key":"Vajra"},{"floor":61,"key":"infinitespire:EmpoweringShard"}],"event_choices":[{"damage_healed":16,"gold_gain":0,"player_choice":"Full Heal","damage_taken":0,"max_hp_gain":0,"max_hp_loss":0,"event_name":"Wheel of Change","floor":14,"gold_loss":0},{"damage_healed":0,"gold_gain":0,"player_choice":"Got Potions","damage_taken":0,"max_hp_gain":0,"max_hp_loss":0,"event_name":"Lab","floor":24,"gold_loss":0},{"damage_healed":0,"gold_gain":0,"player_choice":"Fight","damage_taken":0,"max_hp_gain":0,"max_hp_loss":0,"event_name":"MindBloom","floor":37,"gold_loss":0},{"damage_healed":0,"gold_gain":0,"player_choice":"Max HP","damage_taken":0,"max_hp_gain":0,"max_hp_loss":4,"event_name":"Winding Halls","floor":39,"gold_loss":0}],"is_beta":false,"boss_relics":[{"not_picked":["Busted Crown","hubris:VirtuousBlindfold"],"picked":"hubris:RunicObelisk"},{"not_picked":["Sozu","HoveringKite"],"picked":"Calling Bell"},{"not_picked":["Cursed Key","Astrolabe"],"picked":"Snecko Eye"}],"items_purged_floors":[12,21,38,45,57],"is_endless":true,"potions_floor_spawned":[3,5,6,16,18,20,22,25,27,35,40,42,46,54,56,58],"killed_by":"Nightmare_Alpha","ascension_level":20}