{"gold_per_floor":[110,110,17,37,55,81,91,122,122,122,122,122,147,161,161,232,232,243,458,558,558,577,577,602,602,602,630,107,133,133,148,148,222,222,232,232,242,295,307,338,338,363,443,443,65,65,90,104,104,104,104,104,24,50,50],"floor_reached":55,"playtime":2428,"items_purged":["Strike_G","Strike_G"],"score":1824,"play_id":"173826a6-3f29-454b-9cdb-716cdf515491","local_time":"20181213143941","is_ascension_mode":true,"campfire_choices":[{"data":"Distraction","floor":10.0,"key":"SMITH"},{"data":"Footwork","floor":12.0,"key":"SMITH"},{"data":"Catalyst","floor":15.0,"key":"SMITH"},{"data":"Crippling Poison","floor":23.0,"key":"SMITH"},{"floor":25.0,"key":"REST"},{"floor":30,"key":"REST"},{"data":"Catalyst","floor":32,"key":"SMITH"},{"floor":41,"key":"REST"},{"floor":44,"key":"REST"},{"floor":49,"key":"RECALL"},{"data":"Catalyst","floor":52,"key":"SMITH"}],"neow_cost":"NONE","seed_source_timestamp":0,"circlet_count":0,"master_deck":["AscendersBane","Defend_G","Defend_G","Defend_G","Defend_G","Defend_G","Strike_G","Strike_G","Survivor","Neutralize","Slice+1","Footwork+1","Bouncing Flask","Bane+1","Dash","Distraction+1","Catalyst+1","Backflip","Crippling Poison+1","Backflip","Corpse Explosion","Escape Plan","Deadly Poison","Catalyst+1","Deadly Poison","Bouncing Flask+1","Footwork","Catalyst+1","Footwork+1"],"special_seed":0,"relics":["Ring of the Snake","NeowsBlessing","Bottled Lightning","Bag of Preparation","Pantograph","The Courier","Runic Pyramid","Old Coin","Mango","Bottled Tornado","MutagenicStrength","Oddly Smooth Stone","Pear","Matryoshka","Dead Branch","Tingsha","Sozu","StoneCalendar","Ginger","Unceasing Top","Potion Belt","Ninja Scroll","Mummified Hand","Snake Skull","Whetstone","Turnip"],"potions_floor_usage":[29,29,40],"damage_taken":[{"damage":0.0,"enemies":"Cultist","floor":1.0,"turns":1.0},{"damage":0.0,"enemies":"2 Louse","floor":4.0,"turns":1.0},{"damage":0.0,"enemies":"Jaw Worm","floor":5.0,"turns":1.0},{"damage":28.0,"enemies":"Lagavulin","floor":6.0,"turns":8.0},{"damage":1.0,"enemies":"Large Slime","floor":7.0,"turns":5.0},{"damage":0.0,"enemies":"Gremlin Nob","floor":8.0,"turns":3.0},{"damage":15.0,"enemies":"Lagavulin","floor":13.0,"turns":5.0},{"damage":0.0,"enemies":"2 Fungi Beasts","floor":14.0,"turns":3.0},{"damage":23.0,"enemies":"The Guardian","floor":16.0,"turns":9.0},{"damage":12.0,"enemies":"2 Thieves","floor":18.0,"turns":5.0},{"damage":27.0,"enemies":"Colosseum Slavers","floor":20.0,"turns":4.0},{"damage":0.0,"enemies":"Colosseum Nobs","floor":20.0,"turns":2.0},{"damage":0.0,"enemies":"Chosen","floor":22.0,"turns":5.0},{"damage":23.0,"enemies":"Book of Stabbing","floor":24.0,"turns":6.0},{"damage":17.0,"enemies":"Slavers","floor":27.0,"turns":4.0},{"damage":23,"enemies":"Book of Stabbing","floor":29,"turns":3},{"damage":2,"enemies":"Snake Plant","floor":31,"turns":5},{"damage":18,"enemies":"Champ","floor":33,"turns":9},{"damage":0,"enemies":"3 Darklings","floor":35,"turns":3},{"damage":4,"enemies":"3 Shapes","floor":37,"turns":2},{"damage":41,"enemies":"2 Orb Walkers","floor":38,"turns":3},{"damage":0,"enemies":"3 Darklings","floor":39,"turns":4},{"damage":30,"enemies":"Reptomancer","floor":40,"turns":4},{"damage":0,"enemies":"Nemesis","floor":42,"turns":5},{"damage":2,"enemies":"Giant Head","floor":47,"turns":4},{"damage":0,"enemies":"Sphere and 2 Shapes","floor":48,"turns":1},{"damage":25,"enemies":"Time Eater","floor":50,"turns":4},{"damage":30,"enemies":"Shield and Spear","floor":54,"turns":4},{"damage":78,"enemies":"The Heart","floor":55,"turns":3}],"seed_played":"-8830327546285019595","potions_obtained":[{"floor":7.0,"key":"EntropicBrew"},{"floor":8.0,"key":"FearPotion"},{"floor":16.0,"key":"SkillPotion"},{"floor":20.0,"key":"FearPotion"},{"floor":24.0,"key":"Swift Potion"},{"floor":29,"key":"Swift Potion"}],"is_trial":false,"path_per_floor":["M","?","$","M","M","E","M","E","T","R","?","R","E","M","R","B",null,"M","?","?","?","M","R","E","R","T","E","$","E","R","M","R","B",null,"M","?","M","?","M","E","R","E","T","R","$","?","E","M","R","B",null,"R","$","E","B"],"character_chosen":"THE_SILENT","items_purchased":["Bouncing Flask","Bane","Matryoshka","Dead Branch","Mummified Hand","Footwork","Snake Skull"],"campfire_rested":4,"item_purchase_floors":[3,3,28,28,45,45,45],"current_hp_per_floor":[59,59,59,59,59,31,30,30,30,30,35,35,20,20,20,22,59,47,47,34,34,34,34,11,36,36,29,29,6,34,32,32,39,81,81,81,77,36,36,6,33,33,33,60,60,60,58,58,58,58,82,82,82,52,0],"gold":50,"neow_bonus":"THREE_ENEMY_KILL","is_prod":false,"is_daily":false,"chose_seed":false,"campfire_upgraded":6,"win_rate":0,"timestamp":1544708381,"path_taken":["M","?","$","?","M","E","M","E","T","R","?","R","E","M","R","BOSS","M","?","?","?","M","R","E","R","T","E","$","E","R","M","R","BOSS","M","?","M","?","M","E","R","E","T","R","$","?","E","M","R","BOSS","R","$","E","BOSS"],"build_version":"2018-12-12","purchased_purges":2,"victory":false,"max_hp_per_floor":[66,66,66,66,66,66,66,66,66,66,71,71,71,71,71,71,71,71,71,85,85,85,85,85,85,85,95,95,95,95,95,95,95,95,95,90,90,90,90,90,90,90,90,90,90,90,90,90,90,90,90,90,90,90,90],"card_choices":[{"not_picked":["Bane","Caltrops"],"picked":"Slice","floor":1.0},{"not_picked":["Quick Slash","Outmaneuver"],"picked":"Dash","floor":4.0},{"not_picked":["Prepared","Skewer","Acrobatics"],"picked":"SKIP","floor":5.0},{"not_picked":["Escape Plan","All Out Attack"],"picked":"Distraction","floor":6.0},{"not_picked":["Heel Hook","Acrobatics"],"picked":"Catalyst","floor":7.0},{"not_picked":["Distraction","Storm of Steel"],"picked":"Backflip","floor":8.0},{"not_picked":["Well Laid Plans","Leg Sweep"],"picked":"Crippling Poison","floor":13.0},{"not_picked":["Sucker Punch","Dagger Spray"],"picked":"Backflip","floor":14.0},{"not_picked":["Storm of Steel","Wraith Form v2"],"picked":"Corpse Explosion","floor":16.0},{"not_picked":["PiercingWail","Sucker Punch"],"picked":"Escape Plan","floor":18.0},{"not_picked":["Die Die Die","Terror","Distraction"],"picked":"SKIP","floor":22.0},{"not_picked":["Bane","Flying Knee","Flechettes"],"picked":"SKIP","floor":24.0},{"not_picked":["Dodge and Roll","Acrobatics"],"picked":"Deadly Poison","floor":27.0},{"not_picked":["Flying Knee","Outmaneuver","Finisher"],"picked":"SKIP","floor":29},{"not_picked":["Deflect","Endless Agony"],"picked":"Catalyst","floor":31},{"not_picked":["Deflect+1","Outmaneuver+1"],"picked":"Deadly Poison","floor":35},{"not_picked":["Venomology","Caltrops"],"picked":"Bouncing Flask+1","floor":37},{"not_picked":["Deflect+1","Dagger Spray","Leg Sweep"],"picked":"SKIP","floor":39},{"not_picked":["Caltrops","Dodge and Roll","Deflect"],"picked":"SKIP","floor":40},{"not_picked":["Backflip","Eviscerate+1","Deadly Poison"],"picked":"SKIP","floor":42},{"not_picked":["Grand Finale","Backflip","Flying Knee+1"],"picked":"SKIP","floor":47},{"not_picked":["Deadly Poison","Quick Slash"],"picked":"Catalyst","floor":48},{"not_picked":["Catalyst","Skewer"],"picked":"Footwork+1","floor":54}],"player_experience":1016635,"relics_obtained":[{"floor":6.0,"key":"Bottled Lightning"},{"floor":8.0,"key":"Bag of Preparation"},{"floor":9.0,"key":"Pantograph"},{"floor":13.0,"key":"The Courier"},{"floor":20.0,"key":"Mango"},{"floor":20.0,"key":"Bottled Tornado"},{"floor":24.0,"key":"Oddly Smooth Stone"},{"floor":27.0,"key":"Pear"},{"floor":29,"key":"Tingsha"},{"floor":38,"key":"StoneCalendar"},{"floor":40,"key":"Ginger"},{"floor":42,"key":"Unceasing Top"},{"floor":43,"key":"Potion Belt"},{"floor":43,"key":"Ninja Scroll"},{"floor":47,"key":"Whetstone"},{"floor":54,"key":"Turnip"}],"event_choices":[{"damage_healed":0.0,"max_hp_gain":0.0,"max_hp_loss":0.0,"gold_gain":0.0,"cards_transformed":["Strike_G"],"event_name":"Transmorgrifier","player_choice":"Transformed","floor":2.0,"gold_loss":0.0,"damage_taken":0.0,"cards_obtained":["Footwork"]},{"damage_healed":0.0,"max_hp_gain":5.0,"max_hp_loss":0.0,"gold_gain":0.0,"event_name":"Big Fish","player_choice":"Donut","floor":11.0,"gold_loss":0.0,"damage_taken":0.0},{"damage_healed":0.0,"max_hp_gain":0.0,"max_hp_loss":0.0,"gold_gain":0.0,"event_name":"Addict","player_choice":"Obtained Relic","floor":19.0,"gold_loss":85.0,"damage_taken":0.0,"relics_obtained":["Old Coin"]},{"damage_healed":0.0,"max_hp_gain":0.0,"max_hp_loss":0.0,"gold_gain":0.0,"event_name":"Colosseum","player_choice":"Fight","floor":20.0,"gold_loss":0.0,"damage_taken":0.0},{"damage_healed":0.0,"max_hp_gain":0.0,"max_hp_loss":0.0,"gold_gain":0.0,"event_name":"Colosseum","player_choice":"Fought Nobs","floor":20.0,"gold_loss":0.0,"damage_taken":0.0},{"damage_healed":0.0,"max_hp_gain":0.0,"max_hp_loss":0.0,"gold_gain":0.0,"event_name":"Drug Dealer","player_choice":"Inject Mutagens","floor":21.0,"gold_loss":0.0,"damage_taken":0.0,"relics_obtained":["MutagenicStrength"]},{"damage_healed":0,"gold_gain":0,"player_choice":"Max HP","damage_taken":0,"max_hp_gain":0,"max_hp_loss":5,"event_name":"Winding Halls","floor":36,"gold_loss":0},{"damage_healed":0,"gold_gain":0,"player_choice":"Fight","damage_taken":0,"max_hp_gain":0,"max_hp_loss":0,"event_name":"Mysterious Sphere","floor":38,"gold_loss":0},{"damage_healed":0,"gold_gain":0,"player_choice":"Memory 1","damage_taken":0,"max_hp_gain":0,"max_hp_loss":0,"event_name":"SensoryStone","floor":46,"gold_loss":0}],"is_beta":true,"boss_relics":[{"not_picked":["Coffee Dripper","Pandora\u0027s Box"],"picked":"Runic Pyramid"},{"not_picked":["Lizard Tail","Velvet Choker"],"picked":"Sozu"}],"items_purged_floors":[28,53],"is_endless":false,"potions_floor_spawned":[7,8,13,16,18,20,20,24,29,37,38,42,47,54],"killed_by":"The Heart","ascension_level":19}