{"gold_per_floor":[112,112,129,129,141,141,161,187,187,187,127],"floor_reached":11,"playtime":521,"items_purged":[],"score":146,"play_id":"fe6a5359-f629-4a92-8baf-d617aad06eb9","local_time":"20190119215605","is_ascension_mode":true,"campfire_choices":[{"data":"Inflame","floor":6,"key":"SMITH"}],"neow_cost":"NONE","seed_source_timestamp":35021019814480,"circlet_count":0,"master_deck":["AscendersBane","Strike_R","Strike_R","Strike_R","Strike_R","Defend_R","Defend_R","Defend_R","Defend_R","Bash","hubris:SharpeningStone","Sword Boomerang","Pommel Strike","Inflame+1","Disarm+1","Spot Weakness"],"relics":["Burning Blood","Torii","hubris:TenFootPole","Bird Faced Urn"],"potions_floor_usage":[8],"damage_taken":[{"damage":1,"enemies":"Cultist","floor":1,"turns":3},{"damage":1,"enemies":"Small Slimes","floor":3,"turns":3},{"damage":0,"enemies":"2 Louse","floor":5,"turns":3},{"damage":20,"enemies":"Exordium Wildlife","floor":7,"turns":5},{"damage":36,"enemies":"Gremlin Nob","floor":8,"turns":5},{"damage":24,"enemies":"Exordium Thugs","floor":11,"turns":3}],"seed_played":"3609754787241021984","potions_obtained":[{"floor":3,"key":"Block Potion"}],"is_trial":false,"path_per_floor":["M","?","M","?","M","R","M","E","T","?","M"],"character_chosen":"IRONCLAD","items_purchased":[],"campfire_rested":0,"item_purchase_floors":[],"current_hp_per_floor":[73,55,60,60,66,66,52,22,22,22,0],"gold":127,"neow_bonus":"TRANSFORM_CARD","is_prod":false,"is_daily":false,"chose_seed":false,"campfire_upgraded":1,"win_rate":0,"timestamp":1547931365,"path_taken":["M","?","M","?","M","R","M","E","T","?","?"],"build_version":"2019-01-17v2","purchased_purges":0,"victory":false,"max_hp_per_floor":[75,75,75,75,75,75,75,75,75,75,75],"card_choices":[{"not_picked":["Wild Strike","Flex"],"picked":"Sword Boomerang","floor":1},{"not_picked":["Headbutt","Seeing Red"],"picked":"Pommel Strike","floor":3},{"not_picked":["Havoc","Headbutt"],"picked":"Inflame","floor":5},{"not_picked":["Cleave","Anger"],"picked":"Disarm","floor":7},{"not_picked":["Heavy Blade","Shrug It Off"],"picked":"Spot Weakness","floor":8}],"player_experience":1133999,"relics_obtained":[{"floor":8,"key":"hubris:TenFootPole"},{"floor":9,"key":"Bird Faced Urn"}],"event_choices":[{"damage_healed":0,"gold_gain":0,"player_choice":"Success","damage_taken":18,"relics_obtained":["Torii"],"max_hp_gain":0,"max_hp_loss":0,"event_name":"Scrap Ooze","floor":2,"gold_loss":0},{"damage_healed":0,"gold_gain":0,"player_choice":"Leave","damage_taken":0,"max_hp_gain":0,"max_hp_loss":0,"event_name":"The Cleric","floor":4,"gold_loss":0},{"damage_healed":0,"gold_gain":0,"player_choice":"Upgraded","damage_taken":0,"max_hp_gain":0,"max_hp_loss":0,"event_name":"Upgrade Shrine","floor":10,"gold_loss":0,"cards_upgraded":["Disarm"]}],"is_beta":false,"boss_relics":[],"items_purged_floors":[],"is_endless":false,"potions_floor_spawned":[3],"killed_by":"Exordium Thugs","ascension_level":20}