{"path_per_floor":["M","?","M","M","M","E","R","E","T","E","R","M","M","?","R","B",null,"M","M","?","?","$","R","E","R","T","M","?","R","M","M","R","B",null,"M","?","M","?","M","R","E","M","T","R","?","M","M"],"character_chosen":"THE_SILENT","items_purchased":["Apotheosis"],"gold_per_floor":[17,17,36,55,67,100,100,126,177,205,205,220,236,236,236,338,338,278,278,278,278,74,74,74,74,74,74,74,74,74,74,74,74,74,74,74,74,74,74,74,74,74,74,74,74,74,74,74],"floor_reached":48,"campfire_rested":6,"playtime":1970,"item_purchase_floors":[22],"current_hp_per_floor":[61,66,64,64,53,16,38,25,25,24,24,20,20,20,43,32,66,57,56,42,69,69,69,46,46,46,23,23,48,32,27,52,26,71,69,69,55,47,31,58,18,4,4,32,56,42,36,0],"items_purged":[],"gold":74,"score":731,"play_id":"a6fc0dee-154a-432d-bb4f-c7affe23181a","local_time":"20180618233204","is_prod":false,"is_daily":false,"chose_seed":false,"is_ascension_mode":true,"campfire_upgraded":3,"win_rate":0,"timestamp":1529357524,"campfire_choices":[{"floor":7,"key":"REST"},{"data":"Crippling Poison","floor":11,"key":"SMITH"},{"floor":15,"key":"REST"},{"data":"Apotheosis","floor":23,"key":"SMITH"},{"data":"Noxious Fumes","floor":25,"key":"SMITH"},{"floor":29,"key":"REST"},{"floor":32,"key":"REST"},{"floor":40,"key":"REST"},{"floor":44,"key":"REST"}],"path_taken":["M","?","M","?","M","E","R","E","T","E","R","M","M","?","R","BOSS","M","?","?","?","$","R","E","R","T","M","?","R","M","?","R","BOSS","M","?","M","?","M","R","E","M","T","R","?","?","M","E"],"build_version":"2018-06-14v2","seed_source_timestamp":14822522490181,"purchased_purges":0,"victory":false,"master_deck":["Defend_G","Defend_G","Defend_G","Defend_G","Defend_G","Strike_G","Strike_G","Strike_G","Strike_G","Strike_G","Survivor","Neutralize","Quick Slash","Dash","Choke","Dagger Spray","Flying Knee","Crippling Poison+1","Footwork+1","Skewer","Doppelganger","Well Laid Plans+1","Noxious Fumes+1","Apotheosis+1","Outmaneuver+1","Backstab+1","A Thousand Cuts","Footwork","Jack Of All Trades","Panache","Cloak And Dagger+1","Writhe","PiercingWail+1"],"max_hp_per_floor":[70,75,75,75,75,75,75,75,75,75,75,75,77,77,77,77,77,77,77,82,82,82,82,82,82,82,84,84,84,84,86,86,86,86,86,86,88,90,92,92,94,94,94,94,94,96,96,96],"relics":["Ring of the Snake","Torii","Sundial","Letter Opener","Bronze Scales","Singing Bowl","Ectoplasm","Bag of Marbles","Art of War","Runic Dome","Tiny Chest","Ornamental Fan"],"card_choices":[{"not_picked":["Dagger Spray","Setup"],"picked":"Quick Slash","floor":1},{"not_picked":["PiercingWail","Underhanded Strike"],"picked":"Dash","floor":3},{"not_picked":["Outmaneuver","Acrobatics"],"picked":"Choke","floor":4},{"not_picked":["Slice","Dagger Throw"],"picked":"Dagger Spray","floor":5},{"not_picked":["Concentrate","All Out Attack"],"picked":"Flying Knee","floor":6},{"not_picked":["Underhanded Strike","Deadly Poison"],"picked":"Crippling Poison","floor":8},{"not_picked":["Deadly Poison","Crippling Poison"],"picked":"Footwork","floor":10},{"not_picked":["Outmaneuver","Slice"],"picked":"Skewer","floor":12},{"not_picked":["Acrobatics","Flechettes","Infinite Blades"],"picked":"Singing Bowl","floor":13},{"not_picked":["Tactician","Unload"],"picked":"Doppelganger","floor":16},{"not_picked":["Finisher","Choke"],"picked":"Well Laid Plans+1","floor":18},{"not_picked":["Dodge and Roll+1","Terror"],"picked":"Noxious Fumes","floor":19},{"not_picked":["Slice+1","Deflect"],"picked":"Outmaneuver+1","floor":24},{"not_picked":["Prepared","Acrobatics","Backflip"],"picked":"Singing Bowl","floor":27},{"not_picked":["Dagger Spray","Outmaneuver+1"],"picked":"Backstab","floor":30},{"not_picked":["Deflect","Slice+1","Poisoned Stab"],"picked":"Singing Bowl","floor":31},{"not_picked":["Wraith Form v2","Phantasmal Killer"],"picked":"A Thousand Cuts","floor":33},{"not_picked":["Deadly Poison","Outmaneuver"],"picked":"Footwork","floor":35},{"not_picked":["Quick Slash+1","Dodge and Roll","Sucker Punch"],"picked":"Singing Bowl","floor":37},{"not_picked":["Dark Shackles","Good Instincts","Magnetism"],"picked":"Singing Bowl","floor":38},{"not_picked":["Finesse","Good Instincts"],"picked":"Jack Of All Trades","floor":38},{"not_picked":["Purity","Trip"],"picked":"Panache","floor":38},{"not_picked":["Poisoned Stab","Blur+1","Masterful Stab"],"picked":"Singing Bowl","floor":39},{"not_picked":["Deflect","Cloak And Dagger","Finisher"],"picked":"Singing Bowl","floor":41},{"not_picked":["Slice+1","Dagger Spray"],"picked":"Cloak And Dagger+1","floor":42},{"not_picked":["Prepared","PiercingWail","Dagger Throw+1"],"picked":"Singing Bowl","floor":46},{"not_picked":["Prepared+1","Flying Knee+1"],"picked":"PiercingWail+1","floor":47}],"player_experience":351089,"potions_floor_usage":[10,12,19,24,33,42,42,42,47,48],"damage_taken":[{"damage":2,"enemies":"Jaw Worm","floor":1,"turns":5},{"damage":2,"enemies":"Small Slimes","floor":3,"turns":3},{"damage":0,"enemies":"Cultist","floor":4,"turns":4},{"damage":11,"enemies":"2 Fungi Beasts","floor":5,"turns":4},{"damage":37,"enemies":"Lagavulin","floor":6,"turns":9},{"damage":13,"enemies":"3 Sentries","floor":8,"turns":7},{"damage":13,"enemies":"Gremlin Nob","floor":10,"turns":4},{"damage":4,"enemies":"Lots of Slimes","floor":12,"turns":3},{"damage":2,"enemies":"Large Slime","floor":13,"turns":6},{"damage":11,"enemies":"Hexaghost","floor":16,"turns":10},{"damage":9,"enemies":"2 Thieves","floor":18,"turns":3},{"damage":1,"enemies":"Spheric Guardian","floor":19,"turns":3},{"damage":23,"enemies":"Gremlin Leader","floor":24,"turns":5},{"damage":25,"enemies":"Centurion and Healer","floor":27,"turns":4},{"damage":16,"enemies":"Sentry and Sphere","floor":30,"turns":4},{"damage":7,"enemies":"Snake Plant","floor":31,"turns":3},{"damage":26,"enemies":"Champ","floor":33,"turns":10},{"damage":2,"enemies":"3 Shapes","floor":35,"turns":3},{"damage":16,"enemies":"Flame Bruiser 1 Orb","floor":37,"turns":5},{"damage":18,"enemies":"Sphere and 2 Shapes","floor":39,"turns":4},{"damage":42,"enemies":"2 Orb Walkers","floor":41,"turns":4},{"damage":14,"enemies":"Transient","floor":42,"turns":5},{"damage":16,"enemies":"Spire Growth","floor":46,"turns":3},{"damage":6,"enemies":"4 Shapes","floor":47,"turns":3},{"damage":36,"enemies":"Giant Head","floor":48,"turns":8}],"relics_obtained":[{"floor":6,"key":"Sundial"},{"floor":8,"key":"Letter Opener"},{"floor":9,"key":"Bronze Scales"},{"floor":10,"key":"Singing Bowl"},{"floor":24,"key":"Bag of Marbles"},{"floor":26,"key":"Art of War"},{"floor":41,"key":"Tiny Chest"},{"floor":43,"key":"Ornamental Fan"}],"event_choices":[{"event_name":"Big Fish","player_choice":"Donut","floor":2,"damage_taken":0},{"event_name":"Upgrade Shrine","player_choice":"Upgraded","floor":14,"damage_taken":0},{"event_name":"Forgotten Altar","player_choice":"Shed Blood","floor":20,"damage_taken":0},{"event_name":"The Library","player_choice":"Heal","floor":21,"damage_taken":0},{"event_name":"Beggar","player_choice":"Ignored","floor":28,"damage_taken":0},{"event_name":"Accursed Blacksmith","player_choice":"Forge","floor":36,"damage_taken":0},{"event_name":"SensoryStone","player_choice":"Memory 3","floor":38,"damage_taken":0},{"event_name":"Winding Halls","player_choice":"Writhe","floor":45,"damage_taken":0}],"boss_relics":[{"not_picked":["Busted Crown","Runic Pyramid"],"picked":"Ectoplasm"},{"not_picked":["Pandora\u0027s Box","Eternal Feather"],"picked":"Runic Dome"}],"items_purged_floors":[],"is_endless":false,"potions_floor_spawned":[4,5,10,12,13,19,27,30,39,42,46],"seed_played":"-1257912945324423595","killed_by":"Giant Head","ascension_level":8,"potions_obtained":[{"floor":4,"key":"Regen Potion"},{"floor":5,"key":"Swift Potion"},{"floor":10,"key":"Fire Potion"},{"floor":12,"key":"GamblersBrew"},{"floor":13,"key":"Ancient Potion"},{"floor":19,"key":"FearPotion"},{"floor":27,"key":"FearPotion"},{"floor":30,"key":"Poison Potion"},{"floor":39,"key":"SteroidPotion"},{"floor":42,"key":"Block Potion"},{"floor":46,"key":"Explosive Potion"}],"is_trial":false}