{"gold_per_floor":[119,46,46,56,22,53,53,53,53,66,66],"floor_reached":11,"playtime":354,"items_purged":[],"score":71,"play_id":"92ac66bd-6fc2-4115-a8a8-9afba9e7252e","local_time":"20190524231117","is_ascension_mode":false,"campfire_choices":[{"floor":8,"key":"REST"}],"neow_cost":"NONE","seed_source_timestamp":626021658774882,"circlet_count":0,"master_deck":["Strike_B","Strike_B","Strike_B+1","Defend_B","Defend_B","Defend_B","Defend_B","Zap","Dualcast","Fusion","Gash+1","Storm","Static Discharge","Capacitor","Barrage","Defragment+1"],"relics":["Cracked Core","Bag of Marbles","Frozen Egg 2","Bottled Lightning"],"potions_floor_usage":[11],"damage_taken":[{"damage":8,"enemies":"2 Louse","floor":1,"turns":3},{"damage":12,"enemies":"Jaw Worm","floor":4,"turns":4},{"damage":37,"enemies":"Lagavulin","floor":6,"turns":6},{"damage":1,"enemies":"Cultist","floor":10,"turns":3},{"damage":26,"enemies":"3 Sentries","floor":11,"turns":5}],"seed_played":"3680373922480811379","potions_obtained":[{"floor":4,"key":"EssenceOfSteel"},{"floor":6,"key":"FearPotion"}],"is_trial":false,"path_per_floor":["M","$","?","M","$","E","?","R","T","M","E"],"character_chosen":"DEFECT","items_purchased":["Storm","Capacitor"],"campfire_rested":1,"item_purchase_floors":[2,5],"current_hp_per_floor":[67,67,52,40,40,3,3,25,25,24,0],"gold":66,"neow_bonus":"TRANSFORM_CARD","is_prod":false,"is_daily":false,"chose_seed":false,"campfire_upgraded":0,"win_rate":0,"timestamp":1558710677,"path_taken":["M","$","?","M","$","E","?","R","T","M","E"],"build_version":"2019-01-23","purchased_purges":0,"victory":false,"max_hp_per_floor":[75,75,75,75,75,75,75,75,75,75,75],"card_choices":[{"not_picked":["Sweeping Beam","Beam Cell"],"picked":"Gash","floor":1},{"not_picked":["Stack","Go for the Eyes"],"picked":"Static Discharge","floor":4},{"not_picked":["Darkness","Stack"],"picked":"Barrage","floor":6},{"not_picked":["Reinforced Body","Cold Snap"],"picked":"Defragment+1","floor":10}],"player_experience":193135,"relics_obtained":[{"floor":6,"key":"Bag of Marbles"},{"floor":9,"key":"Bottled Lightning"}],"event_choices":[{"damage_healed":0,"gold_gain":0,"player_choice":"Entered Light","damage_taken":15,"max_hp_gain":0,"max_hp_loss":0,"event_name":"Shining Light","floor":3,"gold_loss":0,"cards_upgraded":["Gash","Strike_B"]},{"damage_healed":0,"gold_gain":0,"player_choice":"Gave Potion","damage_taken":0,"relics_obtained":["Frozen Egg 2"],"max_hp_gain":0,"max_hp_loss":0,"event_name":"WeMeetAgain","floor":7,"gold_loss":0}],"is_beta":false,"boss_relics":[],"items_purged_floors":[],"is_endless":false,"potions_floor_spawned":[4,6],"killed_by":"3 Sentries","ascension_level":0}