{"path_per_floor":["M","?","$","M","$","E","M","R","T","R","M","R","M","?","R","B",null,"M","M","$","?","?","R","E","?","T","R","$","?","R","M","R","B",null,"M","$","?","?","M","R","E","R","T","M","E","M","E","M","R","B"],"character_chosen":"DEFECT","items_purchased":["Matryoshka","Creative AI","Conserve Battery","Emotion Chip","Self Repair","Bronze Scales","Loop"],"gold_per_floor":[363,438,2,14,14,42,61,61,61,61,72,72,82,182,182,285,285,295,307,14,114,39,39,67,67,93,93,59,209,209,222,222,322,322,334,107,107,107,121,121,148,148,148,167,201,217,252,268,268,268],"floor_reached":51,"campfire_rested":7,"playtime":2415,"item_purchase_floors":[3,3,3,20,28,36,36],"current_hp_per_floor":[68,57,57,41,41,29,29,29,29,29,28,28,22,22,42,41,61,51,11,11,11,11,31,5,5,5,25,25,25,25,36,56,68,68,45,45,60,60,31,51,21,41,41,57,68,67,57,35,55,43],"items_purged":[],"gold":268,"score":1089,"play_id":"9834ca7a-b60c-40da-9036-b6b649d6021b","local_time":"20180609223134","is_prod":false,"is_daily":false,"chose_seed":false,"is_ascension_mode":true,"campfire_upgraded":4,"win_rate":0,"timestamp":1528576294,"campfire_choices":[{"data":"Creative AI","floor":8,"key":"SMITH"},{"data":"Zap","floor":10,"key":"SMITH"},{"data":"Dualcast","floor":12,"key":"SMITH"},{"floor":15,"key":"REST"},{"floor":23,"key":"REST"},{"floor":27,"key":"REST"},{"data":"Echo Form","floor":30,"key":"SMITH"},{"floor":32,"key":"REST"},{"floor":40,"key":"REST"},{"floor":42,"key":"REST"},{"floor":49,"key":"REST"}],"path_taken":["M","?","$","M","$","E","M","R","T","R","M","R","M","?","R","BOSS","M","M","$","?","?","R","E","?","T","R","?","?","R","M","R","BOSS","M","$","?","?","M","R","E","R","T","M","E","M","E","M","R","BOSS"],"build_version":"2018-06-08","seed_source_timestamp":41067292573763,"purchased_purges":0,"victory":true,"master_deck":["Strike_B","Strike_B","Strike_B","Strike_B","Defend_B","Defend_B","Defend_B","Zap+1","Dualcast+1","Melter","Creative AI+1","Conserve Battery","Steam","Ball Lightning","Leap","Conserve Battery+1","Reboot+1","Echo Form+1","Skim+1","Turbo+1","Turbo+1","Self Repair","Leap+1","Seek+1","Skim+1","Loop","Creative AI+1","Steam Power+1","Go for the Eyes+1","Streamline+1","Tempest+1","Thunder Strike","Chaos+1","Aggregate+1"],"max_hp_per_floor":[68,68,68,68,68,68,68,68,68,68,68,68,68,68,68,68,68,68,68,68,68,68,68,68,68,68,68,68,68,68,68,68,68,68,68,68,68,68,68,68,68,68,68,68,68,68,68,68,68,68],"relics":["Cracked Core","Matryoshka","Bird Faced Urn","Juzu Bracelet","Toxic Egg 2","Philosopher\u0027s Stone","Emotion Chip","Bag of Marbles","Blood Vial","Omamori","Cursed Key","Bronze Scales","Sundial","Mercury Hourglass","Mummified Hand","Vajra","Ancient Tea Set"],"card_choices":[{"not_picked":["Coolheaded","FTL"],"picked":"Melter","floor":1},{"not_picked":["Compile Driver","Go for the Eyes"],"picked":"Steam","floor":4},{"not_picked":["Gash","Stack"],"picked":"Ball Lightning","floor":6},{"not_picked":["Stack","Rebound"],"picked":"Leap","floor":7},{"not_picked":["Stack+1","Cold Snap"],"picked":"Conserve Battery+1","floor":11},{"not_picked":["Cold Snap","Gash"],"picked":"Reboot+1","floor":13},{"not_picked":["Creative AI","Electrodynamics"],"picked":"Echo Form","floor":16},{"not_picked":["Beam Cell","Conserve Battery+1"],"picked":"Skim+1","floor":18},{"not_picked":["Barrage+1","Hologram+1"],"picked":"Turbo+1","floor":19},{"not_picked":["Compile Driver","Echo Form"],"picked":"Turbo+1","floor":24},{"not_picked":["Streamline","Hologram+1"],"picked":"Leap+1","floor":31},{"not_picked":["All For One","Machine Learning"],"picked":"Seek+1","floor":33},{"not_picked":["Barrage+1","Coolheaded+1"],"picked":"Skim+1","floor":35},{"not_picked":["Hologram+1","Heatsinks"],"picked":"Creative AI","floor":37},{"not_picked":["Steam+1","Sweeping Beam+1"],"picked":"Steam Power+1","floor":39},{"not_picked":["Beam Cell+1","Rebound"],"picked":"Go for the Eyes+1","floor":41},{"not_picked":["Sweeping Beam+1","Leap+1"],"picked":"Streamline+1","floor":44},{"not_picked":["White Noise+1","Compile Driver"],"picked":"Tempest+1","floor":45},{"not_picked":["Compile Driver","Streamline+1"],"picked":"Thunder Strike","floor":46},{"not_picked":["Gash+1","Rebound"],"picked":"Chaos+1","floor":47},{"not_picked":["Redo+1","Coolheaded+1"],"picked":"Aggregate+1","floor":48}],"player_experience":297100,"potions_floor_usage":[6,18,24,50,50],"damage_taken":[{"damage":0,"enemies":"2 Louse","floor":1,"turns":2},{"damage":16,"enemies":"Jaw Worm","floor":4,"turns":4},{"damage":12,"enemies":"Lagavulin","floor":6,"turns":6},{"damage":0,"enemies":"Small Slimes","floor":7,"turns":3},{"damage":1,"enemies":"2 Fungi Beasts","floor":11,"turns":3},{"damage":8,"enemies":"Red Slaver","floor":13,"turns":3},{"damage":23,"enemies":"The Guardian","floor":16,"turns":10},{"damage":24,"enemies":"Shell Parasite","floor":18,"turns":5},{"damage":44,"enemies":"3 Byrds","floor":19,"turns":3},{"damage":42,"enemies":"Gremlin Leader","floor":24,"turns":8},{"damage":0,"enemies":"Sentry and Sphere","floor":31,"turns":3},{"damage":15,"enemies":"Champ","floor":33,"turns":11},{"damage":58,"enemies":"Flame Bruiser 1 Orb","floor":35,"turns":6},{"damage":12,"floor":37,"turns":6},{"damage":58,"enemies":"3 Darklings","floor":39,"turns":5},{"damage":90,"enemies":"2 Orb Walkers","floor":41,"turns":6},{"damage":18,"enemies":"Transient","floor":44,"turns":5},{"damage":0,"enemies":"Nemesis","floor":45,"turns":5},{"damage":17,"enemies":"4 Shapes","floor":46,"turns":3},{"damage":38,"enemies":"2 Orb Walkers","floor":47,"turns":4},{"damage":43,"enemies":"Spire Growth","floor":48,"turns":4},{"damage":53,"enemies":"Donu and Deca","floor":50,"turns":5}],"relics_obtained":[{"floor":6,"key":"Bird Faced Urn"},{"floor":9,"key":"Juzu Bracelet"},{"floor":9,"key":"Toxic Egg 2"},{"floor":24,"key":"Bag of Marbles"},{"floor":26,"key":"Blood Vial"},{"floor":26,"key":"Omamori"},{"floor":37,"key":"Sundial"},{"floor":41,"key":"Mercury Hourglass"},{"floor":43,"key":"Mummified Hand"},{"floor":45,"key":"Vajra"},{"floor":47,"key":"Ancient Tea Set"}],"event_choices":[{"event_name":"World of Goop","player_choice":"Gather Gold","floor":2,"damage_taken":0},{"event_name":"Wheel of Change","player_choice":"Gold","floor":14,"damage_taken":0},{"event_name":"Golden Shrine","player_choice":"Pray","floor":21,"damage_taken":0},{"event_name":"Beggar","player_choice":"Gave Gold","floor":22,"damage_taken":0},{"event_name":"Cursed Tome","player_choice":"Ignored","floor":25,"damage_taken":0},{"event_name":"Nest","player_choice":"Stole From Cult","floor":29,"damage_taken":0},{"event_name":"MindBloom","player_choice":"Fight","floor":37,"damage_taken":0},{"event_name":"Upgrade Shrine","player_choice":"Upgraded","floor":38,"damage_taken":0}],"boss_relics":[{"not_picked":["Velvet Choker","Pandora\u0027s Box"],"picked":"Philosopher\u0027s Stone"},{"not_picked":["Snecko Eye","Astrolabe"],"picked":"Cursed Key"}],"items_purged_floors":[],"potions_floor_spawned":[1,16,18,39,41,44],"seed_played":"7525202969824412729","ascension_level":7,"potions_obtained":[{"floor":1,"key":"SteroidPotion"},{"floor":16,"key":"AttackPotion"},{"floor":18,"key":"SpeedPotion"},{"floor":39,"key":"FairyPotion"},{"floor":41,"key":"Regen Potion"},{"floor":44,"key":"Strength Potion"}],"is_trial":false}