{"gold_per_floor":[114,131,131,131,143,143,178,75,75,75,102,154,174,174,174,174],"floor_reached":16,"playtime":625,"items_purged":["Strike_R"],"score":216,"play_id":"4ab108b7-0c33-41d4-b843-58da88264117","local_time":"20190913095122","is_ascension_mode":true,"campfire_choices":[{"data":"Flame Barrier","floor":6,"key":"SMITH"},{"data":"Armaments","floor":10,"key":"SMITH"},{"data":"Battle Trance","floor":15,"key":"SMITH"}],"neow_cost":"NONE","seed_source_timestamp":2616737171425,"circlet_count":0,"master_deck":["AscendersBane","Strike_R","Strike_R","Strike_R","Strike_R","Defend_R","Defend_R","Defend_R","Defend_R","Bash+1","Thunderclap","Battle Trance+1","Flame Barrier+1","Armaments+1","Cleave"],"relics":["Burning Blood","Centennial Puzzle","Nunchaku","TungstenRod","Letter Opener"],"potions_floor_usage":[7],"damage_taken":[{"damage":9,"enemies":"2 Louse","floor":1,"turns":4},{"damage":13,"enemies":"Small Slimes","floor":2,"turns":5},{"damage":7,"enemies":"Jaw Worm","floor":5,"turns":3},{"damage":30,"enemies":"3 Sentries","floor":7,"turns":8},{"damage":29,"enemies":"Gremlin Nob","floor":11,"turns":4},{"damage":2,"enemies":"Blue Slaver","floor":13,"turns":4},{"damage":77,"enemies":"Slime Boss","floor":16,"turns":15}],"seed_played":"-2459817371632252265","potions_obtained":[{"floor":1,"key":"AttackPotion"}],"is_trial":false,"path_per_floor":["M","M","?","?","M","R","E","$","T","R","E","?","M","?","R","B"],"character_chosen":"IRONCLAD","items_purchased":["Cleave"],"campfire_rested":0,"item_purchase_floors":[8],"current_hp_per_floor":[65,58,58,58,57,57,33,33,33,33,10,10,14,75,75,0],"gold":174,"neow_bonus":"RANDOM_COMMON_RELIC","is_prod":false,"is_daily":false,"chose_seed":false,"campfire_upgraded":3,"win_rate":0,"timestamp":1568361082,"path_taken":["M","M","?","?","M","R","E","$","T","R","E","?","?","?","R","BOSS"],"build_version":"2019-09-12","purchased_purges":1,"victory":false,"max_hp_per_floor":[75,75,75,75,75,75,75,75,75,75,75,75,75,75,75,75],"card_choices":[{"not_picked":["Blood for Blood","Heavy Blade"],"picked":"Thunderclap","floor":1},{"not_picked":["Armaments","Clothesline"],"picked":"Battle Trance","floor":2},{"not_picked":["Body Slam","Evolve"],"picked":"Flame Barrier","floor":5},{"not_picked":["True Grit","Sentinel"],"picked":"Armaments","floor":7},{"not_picked":["Second Wind","Clash","Intimidate"],"picked":"SKIP","floor":11},{"not_picked":["Bloodletting","Havoc","Flex"],"picked":"SKIP","floor":13}],"player_experience":2031880,"relics_obtained":[{"floor":7,"key":"Nunchaku"},{"floor":9,"key":"TungstenRod"},{"floor":11,"key":"Letter Opener"}],"event_choices":[{"damage_healed":0,"gold_gain":0,"player_choice":"Grow","damage_taken":0,"max_hp_gain":0,"max_hp_loss":0,"event_name":"Living Wall","floor":3,"gold_loss":0,"cards_upgraded":["Bash"]},{"damage_healed":0,"gold_gain":0,"player_choice":"Ignored","damage_taken":0,"max_hp_gain":0,"max_hp_loss":0,"event_name":"Liars Game","floor":4,"gold_loss":0},{"damage_healed":0,"gold_gain":52,"player_choice":"Gained Gold","damage_taken":0,"max_hp_gain":0,"max_hp_loss":0,"event_name":"Golden Wing","floor":12,"gold_loss":0},{"damage_healed":61,"gold_gain":0,"player_choice":"Full Heal","damage_taken":0,"max_hp_gain":0,"max_hp_loss":0,"event_name":"Wheel of Change","floor":14,"gold_loss":0}],"is_beta":true,"boss_relics":[],"items_purged_floors":[8],"is_endless":false,"potions_floor_spawned":[1],"killed_by":"Slime Boss","ascension_level":20}