{"gold_per_floor":[218,218,231,241,116,141,141,166,166,166,178,178,193,208,208,281,281,291,303,338,338,349,349,309,309,309,309],"floor_reached":27,"playtime":927,"items_purged":["Strike_R"],"score":446,"play_id":"2f9b922c-5d85-4666-ae05-b129b8fd2e54","local_time":"20190222111402","is_ascension_mode":true,"campfire_choices":[{"data":"Bash","floor":7,"key":"SMITH"},{"data":"Armaments","floor":12,"key":"SMITH"},{"data":"Rampage","floor":15,"key":"SMITH"},{"floor":23,"key":"REST"},{"data":"Offering","floor":25,"key":"SMITH"}],"neow_cost":"NONE","seed_source_timestamp":7956996382094,"circlet_count":0,"master_deck":["AscendersBane","Strike_R","Strike_R","Strike_R","Defend_R","Defend_R","Defend_R","Defend_R","Bash+1","Carnage+1","Shrug It Off","Clothesline","Shrug It Off","Pommel Strike","Rampage+1","Armaments+1","Offering+1","Iron Wave","Spot Weakness","Shrug It Off"],"relics":["Burning Blood","Bag of Marbles","Kunai","Lantern","Runic Pyramid","Red Mask","Ornamental Fan"],"potions_floor_usage":[6,16,27,27],"damage_taken":[{"damage":1,"enemies":"Small Slimes","floor":1,"turns":4},{"damage":1,"enemies":"Cultist","floor":3,"turns":3},{"damage":6,"enemies":"2 Louse","floor":4,"turns":3},{"damage":26,"enemies":"Gremlin Nob","floor":6,"turns":4},{"damage":36,"enemies":"3 Sentries","floor":8,"turns":11},{"damage":6,"enemies":"Gremlin Gang","floor":11,"turns":5},{"damage":3,"enemies":"Blue Slaver","floor":13,"turns":2},{"damage":3,"enemies":"2 Fungi Beasts","floor":14,"turns":3},{"damage":18,"enemies":"The Guardian","floor":16,"turns":10},{"damage":18,"enemies":"Shell Parasite","floor":18,"turns":7},{"damage":6,"enemies":"Chosen","floor":19,"turns":2},{"damage":27,"enemies":"Masked Bandits","floor":20,"turns":5},{"damage":17,"enemies":"Centurion and Healer","floor":22,"turns":6},{"damage":58,"enemies":"Gremlin Leader","floor":27,"turns":7}],"seed_played":"7305435182562592412","potions_obtained":[{"floor":3,"key":"FearPotion"},{"floor":11,"key":"SpeedPotion"},{"floor":13,"key":"FearPotion"},{"floor":19,"key":"Ancient Potion"}],"is_trial":false,"path_per_floor":["M","?","M","M","$","E","R","E","T","?","M","R","M","M","R","B",null,"M","M","?","?","M","R","?","R","T","E"],"character_chosen":"IRONCLAD","items_purchased":["Shrug It Off"],"campfire_rested":1,"item_purchase_floors":[5],"current_hp_per_floor":[73,73,75,75,75,55,55,25,25,25,25,25,28,31,31,19,61,49,49,28,28,17,39,39,39,39,0],"gold":309,"neow_bonus":"HUNDRED_GOLD","is_prod":false,"is_daily":false,"chose_seed":false,"campfire_upgraded":4,"win_rate":0,"timestamp":1550830442,"path_taken":["M","?","?","M","$","E","R","E","T","?","M","R","M","M","R","BOSS","M","?","?","?","?","R","?","R","T","E"],"build_version":"2019-01-23","purchased_purges":1,"victory":false,"max_hp_per_floor":[75,75,75,75,75,75,75,75,75,75,75,75,75,75,75,75,75,75,75,75,75,75,75,75,75,75,75],"card_choices":[{"not_picked":["Havoc","Body Slam"],"picked":"Carnage","floor":1},{"not_picked":["Carnage","Havoc"],"picked":"Shrug It Off","floor":3},{"not_picked":["Dropkick","Clash"],"picked":"Clothesline","floor":4},{"not_picked":["Rupture","Clash"],"picked":"Pommel Strike","floor":6},{"not_picked":["Warcry","Carnage"],"picked":"Rampage","floor":8},{"not_picked":["Pommel Strike","Clothesline"],"picked":"Armaments","floor":11},{"not_picked":["Thunderclap","Armaments","Wild Strike"],"picked":"SKIP","floor":13},{"not_picked":["Clothesline","Hemokinesis","Thunderclap"],"picked":"SKIP","floor":14},{"not_picked":["Demon Form","Brutality"],"picked":"Offering","floor":16},{"not_picked":["Perfected Strike","Clash"],"picked":"Iron Wave","floor":18},{"not_picked":["Heavy Blade","Metallicize"],"picked":"Spot Weakness","floor":19},{"not_picked":["Fire Breathing","Pommel Strike"],"picked":"Shrug It Off","floor":20},{"not_picked":["Pummel","Cleave","Carnage"],"picked":"SKIP","floor":22}],"player_experience":1327861,"relics_obtained":[{"floor":6,"key":"Bag of Marbles"},{"floor":8,"key":"Kunai"},{"floor":9,"key":"Lantern"},{"floor":20,"key":"Red Mask"},{"floor":26,"key":"Ornamental Fan"}],"event_choices":[{"damage_healed":0,"gold_gain":0,"player_choice":"Forge","damage_taken":0,"max_hp_gain":0,"max_hp_loss":0,"event_name":"Accursed Blacksmith","floor":2,"gold_loss":0,"cards_upgraded":["Carnage"]},{"damage_healed":0,"gold_gain":0,"player_choice":"0 cards matched","damage_taken":0,"max_hp_gain":0,"max_hp_loss":0,"event_name":"Match and Keep!","floor":10,"gold_loss":0,"cards_obtained":[]},{"damage_healed":0,"gold_gain":0,"player_choice":"Fought Bandits","damage_taken":0,"max_hp_gain":0,"max_hp_loss":0,"event_name":"Masked Bandits","floor":20,"gold_loss":0},{"cards_removed":["Strike_R"],"damage_healed":0,"gold_gain":0,"player_choice":"Purged","damage_taken":0,"max_hp_gain":0,"max_hp_loss":0,"event_name":"Purifier","floor":21,"gold_loss":0},{"damage_healed":0,"gold_gain":0,"player_choice":"Bought 3 Potions","damage_taken":0,"max_hp_gain":0,"max_hp_loss":0,"event_name":"The Woman in Blue","floor":24,"gold_loss":0}],"is_beta":false,"boss_relics":[{"not_picked":["Empty Cage","Astrolabe"],"picked":"Runic Pyramid"}],"items_purged_floors":[5],"is_endless":false,"potions_floor_spawned":[3,11,13,19,20,22],"killed_by":"Gremlin Leader","ascension_level":20}