{"gold_per_floor":[118,136,211,230,230,265,365,365,390,419,439,439,439],"floor_reached":13,"playtime":601,"items_purged":[],"score":186,"play_id":"acd3ab97-8ed8-47ec-ad16-fa7790b64a0e","local_time":"20190402102057","is_ascension_mode":true,"campfire_choices":[{"data":"Bash","floor":8.0,"key":"SMITH"},{"floor":12.0,"key":"REST"}],"neow_cost":"NONE","seed_source_timestamp":0,"circlet_count":0,"master_deck":["AscendersBane","Strike_R","Strike_R","Strike_R","Strike_R","Defend_R","Defend_R","Defend_R","Defend_R","Bash+1","Headbutt","Twin Strike","Disarm","Anger","Clothesline"],"special_seed":0,"relics":["Burning Blood","Strawberry","Omamori","Boot","Bronze Scales"],"potions_floor_usage":[13],"damage_taken":[{"damage":0.0,"enemies":"2 Louse","floor":1.0,"turns":3.0},{"damage":4.0,"enemies":"Small Slimes","floor":2.0,"turns":4.0},{"damage":1.0,"enemies":"Cultist","floor":4.0,"turns":3.0},{"damage":50.0,"enemies":"3 Sentries","floor":6.0,"turns":12.0},{"damage":21.0,"enemies":"Lagavulin","floor":10.0,"turns":5.0},{"damage":6.0,"enemies":"2 Fungi Beasts","floor":11.0,"turns":4.0},{"damage":35,"enemies":"3 Sentries","floor":13,"turns":6}],"seed_played":"1849364334894851115","potions_obtained":[{"floor":6.0,"key":"Swift Potion"},{"floor":10.0,"key":"Swift Potion"},{"floor":11.0,"key":"Swift Potion"}],"is_trial":false,"path_per_floor":["M","M","?","M","?","E","?","R","T","E","M","R","E"],"character_chosen":"IRONCLAD","items_purchased":[],"campfire_rested":1,"item_purchase_floors":[],"current_hp_per_floor":[81,82,71,76,69,25,25,25,25,10,10,34,0],"gold":439,"neow_bonus":"RANDOM_COMMON_RELIC","is_prod":false,"is_daily":false,"chose_seed":false,"campfire_upgraded":1,"win_rate":0,"timestamp":1554193257,"path_taken":["M","M","?","M","?","E","?","R","T","E","M","R","E"],"build_version":"2019-01-23","purchased_purges":0,"victory":false,"max_hp_per_floor":[82,82,82,82,82,82,82,82,82,82,82,82,82],"card_choices":[{"not_picked":["True Grit","Bloodletting"],"picked":"Headbutt","floor":1.0},{"not_picked":["Sever Soul","Hemokinesis"],"picked":"Twin Strike","floor":2.0},{"not_picked":["Warcry","Searing Blow"],"picked":"Disarm","floor":4.0},{"not_picked":["Feel No Pain","Clothesline"],"picked":"Anger","floor":6.0},{"not_picked":["Sword Boomerang","Wild Strike","Heavy Blade"],"picked":"SKIP","floor":10.0},{"not_picked":["Heavy Blade","Infernal Blade"],"picked":"Clothesline","floor":11.0}],"player_experience":1519638,"relics_obtained":[{"floor":6.0,"key":"Omamori"},{"floor":9.0,"key":"Boot"},{"floor":10.0,"key":"Bronze Scales"}],"event_choices":[{"damage_healed":0.0,"max_hp_gain":0.0,"max_hp_loss":0.0,"gold_gain":75.0,"event_name":"World of Goop","player_choice":"Gather Gold","floor":3.0,"gold_loss":0.0,"damage_taken":11.0},{"cards_removed":["Strike_R"],"damage_healed":0.0,"max_hp_gain":0.0,"max_hp_loss":0.0,"gold_gain":0.0,"event_name":"Golden Wing","player_choice":"Card Removal","floor":5.0,"gold_loss":0.0,"damage_taken":7.0},{"damage_healed":0.0,"max_hp_gain":0.0,"max_hp_loss":0.0,"gold_gain":100.0,"event_name":"Wheel of Change","player_choice":"Gold","floor":7.0,"gold_loss":0.0,"damage_taken":0.0}],"is_beta":false,"boss_relics":[],"items_purged_floors":[],"is_endless":false,"potions_floor_spawned":[6,10,11],"killed_by":"3 Sentries","ascension_level":20}