{"gold_per_floor":[119,119,138,148,160,160,194,194,247,50,84,84,84,114,114,188,188,143,153,56,56,56],"floor_reached":22,"playtime":1281,"items_purged":["Strike_R"],"score":404,"play_id":"888870ea-d10d-4882-b858-a29c9f1c251b","local_time":"20190421215837","is_ascension_mode":true,"campfire_choices":[{"data":"Whirlwind","floor":6,"key":"SMITH"},{"data":"Bash","floor":15,"key":"SMITH"}],"neow_cost":"NONE","seed_source_timestamp":1543624243236,"circlet_count":0,"master_deck":["AscendersBane","Strike_R+1","Defend_R+1","Defend_R+1","Defend_R+1","Defend_R+1","Bash+1","Impervious","Shrug It Off","Wild Strike","Whirlwind+1","Clothesline","Feel No Pain","True Grit","Impervious+1","Rage+1","Feed","True Grit+1","Thunderclap","Spot Weakness+1","Disarm+1"],"relics":["Burning Blood","The Courier","Bag of Preparation","Self Forming Clay","Centennial Puzzle","Toxic Egg 2","Question Card","Empty Cage"],"potions_floor_usage":[7,16,16],"damage_taken":[{"damage":9,"enemies":"Jaw Worm","floor":1,"turns":4},{"damage":2,"enemies":"Cultist","floor":3,"turns":5},{"damage":1,"enemies":"2 Louse","floor":4,"turns":4},{"damage":0,"enemies":"2 Fungi Beasts","floor":5,"turns":5},{"damage":8,"enemies":"Gremlin Nob","floor":7,"turns":3},{"damage":28,"enemies":"Lagavulin","floor":11,"turns":8},{"damage":5,"enemies":"3 Sentries","floor":14,"turns":7},{"damage":13,"enemies":"Slime Boss","floor":16,"turns":9},{"damage":21,"enemies":"2 Thieves","floor":18,"turns":5},{"damage":35,"enemies":"Spheric Guardian","floor":19,"turns":10},{"damage":39,"enemies":"3 Cultists","floor":22,"turns":5}],"seed_played":"-4511949345399973644","potions_obtained":[{"floor":3,"key":"Block Potion"},{"floor":5,"key":"FearPotion"},{"floor":11,"key":"Energy Potion"}],"is_trial":false,"path_per_floor":["M","?","M","M","M","R","E","?","T","$","E","?","?","E","R","B",null,"M","M","$","?","M"],"character_chosen":"IRONCLAD","items_purchased":["SteroidPotion","Feel No Pain","True Grit","Spot Weakness+1","Disarm+1"],"campfire_rested":0,"item_purchase_floors":[10,10,10,20,20],"current_hp_per_floor":[65,65,69,74,75,75,73,47,47,47,25,30,30,31,31,24,66,51,22,22,22,0],"gold":56,"neow_bonus":"ONE_RANDOM_RARE_CARD","is_prod":false,"is_daily":false,"chose_seed":false,"campfire_upgraded":2,"win_rate":0,"timestamp":1555876717,"path_taken":["M","?","?","M","M","R","E","?","T","$","E","?","?","E","R","BOSS","M","?","$","?","M"],"build_version":"2019-01-23","purchased_purges":1,"victory":false,"max_hp_per_floor":[75,75,75,75,75,75,75,75,75,75,75,80,80,80,80,80,80,80,80,80,80,80],"card_choices":[{"not_picked":["Entrench","Pommel Strike"],"picked":"Anger","floor":1},{"not_picked":["Warcry","Headbutt"],"picked":"Shrug It Off","floor":3},{"not_picked":["Flex","Searing Blow"],"picked":"Wild Strike","floor":4},{"not_picked":["Juggernaut","Heavy Blade"],"picked":"Whirlwind","floor":5},{"not_picked":["Warcry","Cleave"],"picked":"Clothesline","floor":7},{"not_picked":["Entrench","Sentinel"],"picked":"Impervious","floor":11},{"not_picked":["Clothesline","Perfected Strike","Blood for Blood"],"picked":"SKIP","floor":14},{"not_picked":["Brutality","Berserk","Double Tap+1"],"picked":"Feed","floor":16},{"not_picked":["Headbutt","Cleave","Rampage"],"picked":"True Grit+1","floor":18},{"not_picked":["Clothesline+1","Iron Wave+1","Clash"],"picked":"Thunderclap","floor":19}],"player_experience":1609570,"relics_obtained":[{"floor":7,"key":"Bag of Preparation"},{"floor":9,"key":"Centennial Puzzle"},{"floor":11,"key":"Toxic Egg 2"},{"floor":14,"key":"Question Card"}],"event_choices":[{"cards_removed":["Anger"],"damage_healed":0,"gold_gain":0,"player_choice":"Gave Card","damage_taken":0,"relics_obtained":["The Courier"],"max_hp_gain":0,"max_hp_loss":0,"event_name":"WeMeetAgain","floor":2,"gold_loss":0},{"damage_healed":0,"gold_gain":0,"player_choice":"Success","damage_taken":26,"relics_obtained":["Self Forming Clay"],"max_hp_gain":0,"max_hp_loss":0,"event_name":"Scrap Ooze","floor":8,"gold_loss":0},{"damage_healed":0,"gold_gain":0,"player_choice":"Donut","damage_taken":0,"max_hp_gain":5,"max_hp_loss":0,"event_name":"Big Fish","floor":12,"gold_loss":0},{"damage_healed":0,"gold_gain":0,"cards_transformed":["Strike_R"],"player_choice":"Transformed","damage_taken":0,"max_hp_gain":0,"max_hp_loss":0,"event_name":"Transmorgrifier","floor":13,"gold_loss":0,"cards_obtained":["Rage"]},{"damage_healed":0,"gold_gain":0,"player_choice":"Simplicity","damage_taken":0,"max_hp_gain":0,"max_hp_loss":0,"event_name":"Back to Basics","floor":21,"gold_loss":0,"cards_upgraded":["Strike_R","Defend_R","Defend_R","Defend_R","Defend_R"]}],"is_beta":false,"boss_relics":[{"not_picked":["Lizard Tail","Calling Bell"],"picked":"Empty Cage"}],"items_purged_floors":[10],"is_endless":false,"potions_floor_spawned":[3,5,11],"killed_by":"3 Cultists","ascension_level":20}