{"gold_per_floor":[20,20,39,157,174,174,23,55,55,84,107,107,107,117,117,117],"floor_reached":16,"playtime":551,"items_purged":["Strike_R"],"score":220,"play_id":"f5385a0f-d9b6-4b1d-ab8d-aaee4e2195d8","local_time":"20190306203952","is_ascension_mode":true,"campfire_choices":[{"data":"Limit Break","floor":6,"key":"SMITH"},{"data":"Inflame","floor":15,"key":"SMITH"}],"neow_cost":"NO_GOLD","seed_source_timestamp":34113649969175,"circlet_count":0,"master_deck":["AscendersBane","Strike_R","Strike_R","Strike_R","Strike_R","Defend_R","Defend_R","Defend_R","Defend_R","Bash","Limit Break+1","Shrug It Off","Inflame+1","Pommel Strike","Warcry","Inflame+1","Feed","Pummel"],"relics":["infinitespire:DarkRift","infinitespire:Cubic Diamond","Pen Nib","Pear","Gremlin Horn","Odd Mushroom"],"potions_floor_usage":[10,11,14],"damage_taken":[{"damage":5,"enemies":"Small Slimes","floor":1,"turns":4},{"damage":5,"enemies":"2 Louse","floor":3,"turns":3},{"damage":1,"enemies":"Cultist","floor":4,"turns":4},{"damage":6,"enemies":"Looter","floor":5,"turns":4},{"damage":17,"enemies":"Lagavulin","floor":8,"turns":6},{"damage":31,"enemies":"Gremlin Nob","floor":10,"turns":4},{"damage":12,"enemies":"The Mushroom Lair","floor":11,"turns":4},{"damage":6,"enemies":"3 Louse","floor":14,"turns":1},{"damage":38,"enemies":"Slime Boss","floor":16,"turns":3}],"seed_played":"-3777488158203903900","potions_obtained":[{"floor":8,"key":"Strength Potion"},{"floor":10,"key":"Block Potion"},{"floor":11,"key":"SkillPotion"}],"is_trial":false,"path_per_floor":["M","?","M","M","M","R","$","E","T","E","?","?","?","M","R","B"],"character_chosen":"IRONCLAD","items_purchased":["Inflame"],"campfire_rested":0,"item_purchase_floors":[7],"current_hp_per_floor":[69,69,64,63,57,57,57,40,50,19,7,7,7,1,1,0],"gold":117,"neow_bonus":"THREE_RARE_CARDS","is_prod":false,"is_daily":false,"chose_seed":false,"campfire_upgraded":2,"win_rate":0,"timestamp":1551901192,"path_taken":["M","?","M","M","M","R","$","E","T","E","?","?","?","M","R","BOSS"],"build_version":"2019-01-23","purchased_purges":1,"victory":false,"max_hp_per_floor":[75,75,75,75,75,75,75,75,85,85,85,85,85,85,85,85],"card_choices":[{"not_picked":["Impervious","Double Tap"],"picked":"Limit Break","floor":0},{"not_picked":["Sever Soul","Thunderclap"],"picked":"Shrug It Off","floor":1},{"not_picked":["Corruption","Sword Boomerang"],"picked":"Inflame","floor":3},{"not_picked":["Body Slam","Havoc"],"picked":"Pommel Strike","floor":4},{"not_picked":["Wild Strike","Flame Barrier"],"picked":"Warcry","floor":5},{"not_picked":["Seeing Red","Brutality"],"picked":"Feed","floor":8},{"not_picked":["Havoc","Intimidate"],"picked":"Pummel","floor":10},{"not_picked":["Twin Strike","Reckless Charge","Anger"],"picked":"SKIP","floor":14}],"player_experience":1377083,"relics_obtained":[{"floor":8,"key":"Pen Nib"},{"floor":9,"key":"Pear"},{"floor":10,"key":"Gremlin Horn"},{"floor":11,"key":"Odd Mushroom"}],"event_choices":[{"damage_healed":0,"gold_gain":0,"player_choice":"Fought Mushrooms","damage_taken":0,"max_hp_gain":0,"max_hp_loss":0,"event_name":"Mushrooms","floor":11,"gold_loss":0},{"damage_healed":0,"gold_gain":0,"player_choice":"Grow","damage_taken":0,"max_hp_gain":0,"max_hp_loss":0,"event_name":"Living Wall","floor":12,"gold_loss":0,"cards_upgraded":["Inflame"]}],"is_beta":false,"boss_relics":[],"items_purged_floors":[7],"is_endless":false,"potions_floor_spawned":[8,10,11],"killed_by":"Slime Boss","ascension_level":20}