{"gold_per_floor":[109,259,270,282,302,367,367,367,367,367,367,367,48,64,64,64],"floor_reached":16,"playtime":717,"items_purged":[],"score":180,"play_id":"acd4a7d6-6c58-400a-a4bf-6ce664044303","local_time":"20181019202823","is_ascension_mode":true,"campfire_choices":[{"floor":7,"key":"REST"},{"data":"Recycle","floor":12,"key":"SMITH"},{"data":"Coolheaded","floor":15,"key":"SMITH"}],"neow_cost":"NONE","seed_source_timestamp":5897462402722,"circlet_count":0,"master_deck":["Strike_B","Strike_B","Strike_B","Strike_B","Defend_B","Defend_B","Defend_B","Defend_B","Zap+1","Dualcast","AscendersBane","Self Repair","Doubt","Ball Lightning","Coolheaded+1","Conserve Battery","Recycle+1","Force Field"],"relics":["Cracked Core","Tiny Chest","Shuriken","Dead Branch"],"potions_floor_usage":[3,5,14],"damage_taken":[{"damage":1,"enemies":"2 Louse","floor":1,"turns":3},{"damage":7,"enemies":"Jaw Worm","floor":3,"turns":4},{"damage":7,"enemies":"Small Slimes","floor":4,"turns":3},{"damage":0,"enemies":"3 Louse","floor":5,"turns":4},{"damage":67,"enemies":"Gremlin Nob","floor":6,"turns":6},{"damage":0,"enemies":"Lots of Slimes","floor":14,"turns":1},{"damage":41,"enemies":"Hexaghost","floor":16,"turns":9}],"seed_played":"1403952821448239776","potions_obtained":[{"floor":1,"key":"Swift Potion"},{"floor":4,"key":"SkillPotion"},{"floor":6,"key":"Explosive Potion"}],"is_trial":false,"path_per_floor":["M","?","M","M","M","E","R","?","T","?","?","R","$","M","R"],"character_chosen":"DEFECT","items_purchased":["Dead Branch"],"campfire_rested":1,"item_purchase_floors":[13],"current_hp_per_floor":[70,70,70,70,77,17,40,40,40,40,40,40,40,40,40,0],"gold":64,"neow_bonus":"TEN_PERCENT_HP_BONUS","is_prod":false,"is_daily":false,"chose_seed":false,"campfire_upgraded":2,"win_rate":0,"timestamp":1539973703,"path_taken":["M","?","M","M","M","E","R","?","T","?","?","R","?","M","R","BOSS"],"build_version":"2018-10-18","purchased_purges":0,"victory":false,"max_hp_per_floor":[78,78,78,78,78,78,78,78,78,78,78,78,78,78,78,78],"card_choices":[{"not_picked":["Blizzard","Loop"],"picked":"Self Repair","floor":1},{"not_picked":["Hologram","Stack"],"picked":"Ball Lightning","floor":3},{"not_picked":["Auto Shields","Capacitor"],"picked":"Coolheaded","floor":4},{"not_picked":["Cold Snap","Tempest"],"picked":"Conserve Battery","floor":5},{"not_picked":["Amplify","Double Energy"],"picked":"Recycle","floor":6},{"not_picked":["Steam","Turbo"],"picked":"Force Field","floor":14}],"player_experience":659788,"relics_obtained":[{"floor":6,"key":"Tiny Chest"},{"floor":9,"key":"Shuriken"}],"event_choices":[{"damage_healed":0,"gold_gain":150,"player_choice":"AGREE","damage_taken":0,"max_hp_gain":0,"max_hp_loss":0,"event_name":"Liars Game","floor":2,"gold_loss":0,"cards_obtained":["Doubt"]},{"damage_healed":0,"gold_gain":0,"player_choice":"Forge","damage_taken":0,"max_hp_gain":0,"max_hp_loss":0,"event_name":"Accursed Blacksmith","floor":8,"gold_loss":0,"cards_upgraded":["Zap"]},{"damage_healed":0,"gold_gain":0,"player_choice":"Ignored","damage_taken":0,"max_hp_gain":0,"max_hp_loss":0,"event_name":"Golden Idol","floor":10,"gold_loss":0},{"damage_healed":0,"gold_gain":0,"player_choice":"Ignored","damage_taken":0,"max_hp_gain":0,"max_hp_loss":0,"event_name":"Golden Wing","floor":11,"gold_loss":0}],"is_beta":true,"boss_relics":[],"items_purged_floors":[],"is_endless":false,"potions_floor_spawned":[1,4,6],"killed_by":"Hexaghost","ascension_level":16}