{"gold_per_floor":[116,116,132,145,145,145,189,189,189,229,250,250,293,293,293,392,392,411,432,432,44,44,44,75,75,75,93,107,107,132,176,176,269,269,285,300,115,136,152,196,196,211,262,262,282,282,302,323,323,323,323,323,323,100,131,131],"floor_reached":56,"playtime":3243,"items_purged":["Bite","Bite"],"score":1878,"play_id":"e7c23938-c6ea-4983-88d5-2b1fcc3b8de6","local_time":"20190820233152","is_ascension_mode":true,"campfire_choices":[{"data":"Sucker Punch","floor":6.0,"key":"SMITH"},{"data":"Dagger Spray","floor":8.0,"key":"SMITH"},{"floor":15.0,"key":"REST"},{"data":"Malaise","floor":23.0,"key":"SMITH"},{"data":"Well Laid Plans","floor":25.0,"key":"SMITH"},{"data":"Crippling Poison","floor":32.0,"key":"SMITH"},{"floor":41.0,"key":"REST"},{"floor":46.0,"key":"REST"},{"floor":49.0,"key":"RECALL"},{"floor":53,"key":"REST"}],"neow_cost":"NONE","seed_source_timestamp":0,"circlet_count":0,"master_deck":["AscendersBane","Defend_G","Defend_G","Defend_G","Defend_G","Defend_G","Survivor","Neutralize","Flying Knee","Leg Sweep","Sucker Punch+1","Dagger Spray+1","Well Laid Plans+1","Poisoned Stab","Deadly Poison+1","Malaise+1","Bite","Bite","Bite","PiercingWail","PiercingWail","Crippling Poison+1","After Image","Adrenaline","Catalyst","Backflip","Footwork","Wraith Form v2","Deadly Poison+1","Catalyst+1"],"special_seed":0,"relics":["Ring of the Snake","Bronze Scales","Golden Idol","Singing Bowl","Gremlin Horn","Regal Pillow","StoneCalendar","Sozu","Mercury Hourglass","Snake Skull","Blood Vial","Blue Candle","Fusion Hammer","Molten Egg 2","Dream Catcher","Medical Kit","Gambling Chip"],"potions_floor_usage":[50],"damage_taken":[{"damage":4.0,"enemies":"Jaw Worm","floor":1.0,"turns":5.0},{"damage":2.0,"enemies":"2 Louse","floor":3.0,"turns":2.0},{"damage":0.0,"enemies":"Cultist","floor":4.0,"turns":4.0},{"damage":12.0,"enemies":"Lagavulin","floor":7.0,"turns":7.0},{"damage":8.0,"enemies":"3 Sentries","floor":10.0,"turns":7.0},{"damage":8.0,"enemies":"Large Slime","floor":11.0,"turns":5.0},{"damage":20.0,"enemies":"Lagavulin","floor":13.0,"turns":6.0},{"damage":2.0,"enemies":"The Guardian","floor":16.0,"turns":9.0},{"damage":10.0,"enemies":"Spheric Guardian","floor":18.0,"turns":6.0},{"damage":13.0,"enemies":"2 Thieves","floor":19.0,"turns":5.0},{"damage":19.0,"enemies":"Slavers","floor":24.0,"turns":6.0},{"damage":12.0,"enemies":"Snake Plant","floor":27.0,"turns":5.0},{"damage":5.0,"enemies":"Shelled Parasite and Fungi","floor":28.0,"turns":7.0},{"damage":19.0,"enemies":"3 Cultists","floor":30.0,"turns":5.0},{"damage":5.0,"enemies":"Gremlin Leader","floor":31.0,"turns":5.0},{"damage":14.0,"enemies":"Automaton","floor":33.0,"turns":10.0},{"damage":0.0,"enemies":"3 Shapes","floor":35.0,"turns":3.0},{"damage":11.0,"enemies":"Orb Walker","floor":36.0,"turns":3.0},{"damage":14.0,"enemies":"3 Darklings","floor":38.0,"turns":4.0},{"damage":21.0,"enemies":"Sphere and 2 Shapes","floor":39.0,"turns":7.0},{"damage":23.0,"enemies":"Reptomancer","floor":40.0,"turns":7.0},{"damage":36.0,"enemies":"Transient","floor":42.0,"turns":6.0},{"damage":7.0,"enemies":"Jaw Worm Horde","floor":45.0,"turns":4.0},{"damage":0.0,"enemies":"3 Darklings","floor":47.0,"turns":4.0},{"damage":34.0,"enemies":"4 Shapes","floor":48.0,"turns":6.0},{"damage":41,"enemies":"Time Eater","floor":50,"turns":17},{"damage":42,"enemies":"Awakened One","floor":51,"turns":22},{"damage":57,"enemies":"Shield and Spear","floor":55,"turns":11},{"damage":64,"enemies":"The Heart","floor":56,"turns":3}],"seed_played":"4771890636703623110","potions_obtained":[{"floor":4.0,"key":"PowerPotion"},{"floor":7.0,"key":"EssenceOfSteel"},{"floor":11.0,"key":"SpeedPotion"}],"is_trial":false,"path_per_floor":["M","?","M","M","?","R","E","R","T","E","M","?","E","?","R","B",null,"M","M","?","$","?","R","E","R","T","M","M","T","M","E","R","B",null,"M","M","$","M","M","E","R","M","T","?","M","R","M","M","R","B","B",null,"R","$","E","B"],"character_chosen":"THE_SILENT","items_purchased":["Mercury Hourglass","PiercingWail","Catalyst","Medical Kit"],"campfire_rested":4,"item_purchase_floors":[21,21,37,54],"current_hp_per_floor":[55,55,53,53,53,53,41,41,41,33,25,25,5,5,38,36,54,46,35,35,35,35,35,28,28,28,22,33,33,26,33,33,43,47,50,46,46,36,21,12,43,21,21,21,24,58,62,33,33,14,10,49,62,62,17,0],"gold":131,"neow_bonus":"RANDOM_COMMON_RELIC","is_prod":false,"is_daily":false,"chose_seed":false,"campfire_upgraded":5,"win_rate":0,"timestamp":1566336712,"path_taken":["M","?","M","M","?","R","E","R","T","E","?","?","E","?","R","BOSS","M","M","?","$","?","R","E","R","T","M","M","?","M","E","R","BOSS","M","M","$","?","M","E","R","M","T","?","M","R","M","?","R","BOSS","BOSS","R","$","E","BOSS"],"build_version":"2019-07-17","purchased_purges":2,"victory":false,"max_hp_per_floor":[66,60,60,60,60,60,60,60,60,60,60,60,60,60,60,60,60,62,64,44,44,44,44,46,46,46,46,48,48,48,48,48,48,48,50,52,52,54,54,54,54,56,56,56,58,60,62,62,62,62,62,62,62,62,62,62],"card_choices":[{"not_picked":["Eviscerate","Blade Dance"],"picked":"Flying Knee","floor":1.0},{"not_picked":["Blade Dance","Expertise"],"picked":"Leg Sweep","floor":3.0},{"not_picked":["Finisher","Riddle With Holes"],"picked":"Flying Knee","floor":4.0},{"not_picked":["Blade Dance","Eviscerate"],"picked":"Dagger Spray","floor":7.0},{"not_picked":["Outmaneuver","Riddle With Holes"],"picked":"Well Laid Plans","floor":10.0},{"not_picked":["Deflect","Outmaneuver"],"picked":"Poisoned Stab","floor":11.0},{"not_picked":["Caltrops","Dodge and Roll"],"picked":"Deadly Poison","floor":13.0},{"not_picked":["Storm of Steel","Venomology"],"picked":"Malaise","floor":16.0},{"not_picked":["Caltrops","Slice+1","Outmaneuver"],"picked":"Singing Bowl","floor":18.0},{"not_picked":["Masterful Stab","Prepared","Quick Slash"],"picked":"Singing Bowl","floor":19.0},{"not_picked":["Acrobatics","Concentrate","Outmaneuver"],"picked":"Singing Bowl","floor":24.0},{"not_picked":["Heel Hook","Skewer+1"],"picked":"PiercingWail","floor":27.0},{"not_picked":["Tactician","Predator","Calculated Gamble"],"picked":"Singing Bowl","floor":28.0},{"not_picked":["Sucker Punch","Distraction"],"picked":"Crippling Poison","floor":30.0},{"not_picked":["Flying Knee","Deflect"],"picked":"After Image","floor":31.0},{"not_picked":["Phantasmal Killer","Unload"],"picked":"Adrenaline","floor":33.0},{"not_picked":["Dagger Spray+1","Flying Knee","Prepared"],"picked":"Singing Bowl","floor":35.0},{"not_picked":["Bane+1","Flechettes","Caltrops"],"picked":"Singing Bowl","floor":36.0},{"not_picked":["Slice+1","Riddle With Holes","Cloak And Dagger"],"picked":"Singing Bowl","floor":38.0},{"not_picked":["Poisoned Stab","Eviscerate"],"picked":"Backflip","floor":39.0},{"not_picked":["Acrobatics","Prepared"],"picked":"Footwork","floor":40.0},{"not_picked":["Sucker Punch+1","Slice+1","Dagger Throw+1"],"picked":"Singing Bowl","floor":42.0},{"not_picked":["Masterful Stab+1","Storm of Steel","Cloak And Dagger"],"picked":"Singing Bowl","floor":45.0},{"not_picked":["Slice+1","Outmaneuver","Escape Plan"],"picked":"Singing Bowl","floor":46.0},{"not_picked":["Riddle With Holes+1","Cloak And Dagger","Finisher+1"],"picked":"Singing Bowl","floor":47.0},{"not_picked":["Underhanded Strike+1","Blade Dance"],"picked":"Wraith Form v2","floor":48.0},{"not_picked":["Blade Dance+1","Underhanded Strike+1"],"picked":"Deadly Poison+1","floor":53},{"not_picked":["Heel Hook+1","Outmaneuver+1"],"picked":"Catalyst+1","floor":55}],"player_experience":1941923,"relics_obtained":[{"floor":7.0,"key":"Singing Bowl"},{"floor":9.0,"key":"Gremlin Horn"},{"floor":10.0,"key":"Regal Pillow"},{"floor":13.0,"key":"StoneCalendar"},{"floor":24.0,"key":"Snake Skull"},{"floor":29.0,"key":"Blood Vial"},{"floor":31.0,"key":"Blue Candle"},{"floor":40.0,"key":"Molten Egg 2"},{"floor":43.0,"key":"Dream Catcher"},{"floor":55,"key":"Gambling Chip"}],"event_choices":[{"damage_healed":0.0,"max_hp_gain":0.0,"max_hp_loss":6.0,"gold_gain":0.0,"event_name":"Golden Idol","player_choice":"Lose Max HP","floor":2.0,"gold_loss":0.0,"damage_taken":0.0,"relics_obtained":["Golden Idol"]},{"damage_healed":0.0,"max_hp_gain":0.0,"max_hp_loss":0.0,"gold_gain":0.0,"event_name":"Match and Keep!","player_choice":"1 cards matched","floor":5.0,"gold_loss":0.0,"damage_taken":0.0,"cards_obtained":["Sucker Punch"]},{"damage_healed":0.0,"max_hp_gain":0.0,"max_hp_loss":0.0,"gold_gain":0.0,"event_name":"Shining Light","player_choice":"Ignored","floor":12.0,"gold_loss":0.0,"damage_taken":0.0},{"damage_healed":0.0,"max_hp_gain":0.0,"max_hp_loss":0.0,"gold_gain":0.0,"event_name":"Living Wall","player_choice":"Grow","floor":14.0,"gold_loss":0.0,"damage_taken":0.0,"cards_upgraded":["Deadly Poison"]},{"damage_healed":0.0,"max_hp_gain":0.0,"max_hp_loss":20.0,"gold_gain":0.0,"event_name":"Vampires","player_choice":"Became a vampire","floor":20.0,"gold_loss":0.0,"damage_taken":0.0,"cards_obtained":["Bite","Bite","Bite","Bite","Bite"]},{"damage_healed":0.0,"max_hp_gain":0.0,"max_hp_loss":0.0,"gold_gain":0.0,"event_name":"The Mausoleum","player_choice":"Ignored","floor":22.0,"gold_loss":0.0,"damage_taken":0.0},{"cards_removed":["Flying Knee"],"damage_healed":0.0,"max_hp_gain":0.0,"max_hp_loss":0.0,"gold_gain":0.0,"event_name":"Purifier","player_choice":"Purged","floor":44.0,"gold_loss":0.0,"damage_taken":0.0}],"is_beta":false,"boss_relics":[{"not_picked":["Astrolabe","Tiny House"],"picked":"Sozu"},{"not_picked":["HoveringKite","Runic Dome"],"picked":"Fusion Hammer"}],"items_purged_floors":[21,37],"is_endless":false,"potions_floor_spawned":[4,7,11,18,19,28,35,38,42],"killed_by":"The Heart","ascension_level":20}