{"path_per_floor":["M","M","?","M","?","E","M","E","T","M","M","E","$","?","R"],"character_chosen":"IRONCLAD","items_purchased":["Ornamental Fan","Reaper"],"gold_per_floor":[113,123,223,233,233,265,283,313,339,354,374,402,12,12,12,12],"floor_reached":16,"campfire_rested":0,"playtime":928,"current_hp_per_floor":[53,58,58,56,44,29,30,24,24,31,39,39,39,39,39,0],"items_purged":[],"gold":12,"score":153,"play_id":"bc54de33-9604-4936-a7bf-9ba40219dede","local_time":"20180515192626","is_prod":false,"is_daily":false,"chose_seed":false,"is_ascension_mode":true,"campfire_upgraded":1,"timestamp":1526405186,"path_taken":["M","M","?","M","?","E","M","E","T","M","?","E","$","?","R","BOSS"],"build_version":"2018-05-10","seed_source_timestamp":36511208932038,"purchased_purges":0,"victory":false,"master_deck":["Strike_R","Strike_R","Strike_R","Strike_R","Strike_R+1","Defend_R","Defend_R","Defend_R","Defend_R","Bash","Thunderclap","Reckless Charge","Inflame","Armaments","Clothesline","Pummel+1","Flex+1","Exhume+1","Impervious","Reaper"],"max_hp_per_floor":[96,96,96,96,96,96,96,96,96,96,96,96,96,96,96,96],"relics":["Burning Blood","Centennial Puzzle","Dream Catcher","Pen Nib","Blood Vial","Whetstone","Ornamental Fan"],"card_choices":[{"not_picked":["Blood for Blood","True Grit"],"picked":"Thunderclap","floor":1},{"not_picked":["Shrug It Off","Intimidate"],"picked":"Reckless Charge","floor":2},{"not_picked":["Headbutt","Perfected Strike"],"picked":"Inflame","floor":4},{"not_picked":["Iron Wave","Power Through"],"picked":"Armaments","floor":6},{"not_picked":["Intimidate","Havoc"],"picked":"Clothesline","floor":7},{"not_picked":["Hemokinesis","Thunderclap"],"picked":"Pummel","floor":8},{"not_picked":["Iron Wave","Hemokinesis"],"picked":"Flex","floor":10},{"not_picked":["Cleave","Thunderclap"],"picked":"Exhume","floor":11},{"not_picked":["Wild Strike","Hemokinesis"],"picked":"Impervious","floor":12}],"player_experience":97684,"potions_floor_usage":[6,6,12,12],"damage_taken":[{"damage":1,"enemies":"Jaw Worm","floor":1,"turns":6},{"damage":1,"enemies":"Cultist","floor":2,"turns":4},{"damage":8,"enemies":"Small Slimes","floor":4,"turns":2},{"damage":21,"enemies":"3 Sentries","floor":6,"turns":6},{"damage":5,"enemies":"Looter","floor":7,"turns":3},{"damage":12,"enemies":"Gremlin Nob","floor":8,"turns":4},{"damage":1,"enemies":"Exordium Wildlife","floor":10,"turns":3},{"damage":0,"enemies":"Exordium Thugs","floor":11,"turns":2},{"damage":8,"enemies":"3 Sentries","floor":12,"turns":6},{"damage":52,"enemies":"Hexaghost","floor":16,"turns":9}],"event_choices":[{"event_name":"Wheel of Change","player_choice":"Gold","floor":3,"damage_taken":0},{"event_name":"Scrap Ooze","player_choice":"success","floor":5,"damage_taken":12},{"event_name":"Living Wall","player_choice":"Grow","floor":14,"damage_taken":0}],"boss_relics":[],"potions_floor_spawned":[1,2,6,11],"seed_played":"8349749451301959116","killed_by":"Hexaghost","ascension_level":1,"is_trial":false}