{"gold_per_floor":[38,38,3,34,53,53,111,111,157,182,224,289,45,71,71,149,149,187,187,112,125,25,108,108,168,191,27,97,116,141,163,175,261,273,328,352,364,43,43,43,87,139,139,150,210,210,210,241,241,241,241,241,241,20,51,51],"floor_reached":56,"playtime":3503,"items_purged":["Strike_G","Strike_G"],"score":2326,"play_id":"b766a321-3555-4580-9288-1156716eb5b7","local_time":"20190926155614","is_ascension_mode":true,"campfire_choices":[{"data":"HandOfGreed","floor":6,"key":"SMITH"},{"data":"Noxious Fumes","floor":15,"key":"SMITH"},{"floor":24,"key":"REST"},{"data":"Footwork","floor":32,"key":"SMITH"},{"data":"Crippling Poison","floor":40,"key":"SMITH"},{"floor":49,"key":"RECALL"},{"data":"Catalyst","floor":53,"key":"SMITH"}],"neow_cost":"NO_GOLD","seed_source_timestamp":9973297533135,"circlet_count":0,"master_deck":["AscendersBane","Defend_G","Defend_G","Defend_G","Defend_G","Defend_G","Survivor","HandOfGreed+1","Well Laid Plans","Quick Slash","Dash","Cloak And Dagger","Deadly Poison","PiercingWail","Noxious Fumes+1","Adrenaline","Unload","Footwork","Crippling Poison+1","Noxious Fumes","Venomology","Adrenaline","Calculated Gamble+1","PiercingWail","Footwork+1","Corpse Explosion","Master of Strategy","Secret Technique","Discovery","Footwork+1","PiercingWail","Catalyst+1","Catalyst+1","PiercingWail+1"],"relics":["Ring of the Snake","Mango","CaptainsWheel","Boot","Sundial","Bronze Scales","Anchor","Empty Cage","Toy Ornithopter","Art of War","Vajra","OrangePellets","MawBank","Coffee Dripper","Bag of Preparation","DollysMirror","InkBottle","Potion Belt","Turnip","Oddly Smooth Stone","Letter Opener"],"potions_floor_usage":[7,10,14,25,25,28,29,29,30,30,33,33,41,41,42,44,45,48,50,55,55,56],"damage_taken":[{"damage":1,"enemies":"Small Slimes","floor":1,"turns":4},{"damage":0,"enemies":"Jaw Worm","floor":4,"turns":3},{"damage":0,"enemies":"Cultist","floor":5,"turns":3},{"damage":0,"enemies":"Gremlin Nob","floor":7,"turns":3},{"damage":17,"enemies":"Lagavulin","floor":10,"turns":7},{"damage":12,"enemies":"Large Slime","floor":11,"turns":7},{"damage":1,"enemies":"2 Fungi Beasts","floor":12,"turns":6},{"damage":8,"enemies":"Gremlin Nob","floor":14,"turns":3},{"damage":18,"enemies":"Slime Boss","floor":16,"turns":10},{"damage":1,"enemies":"Shell Parasite","floor":18,"turns":6},{"damage":0,"enemies":"Chosen","floor":21,"turns":6},{"damage":41,"enemies":"Slavers","floor":23,"turns":6},{"damage":35,"enemies":"Book of Stabbing","floor":25,"turns":6},{"damage":0,"enemies":"Centurion and Healer","floor":28,"turns":8},{"damage":0,"enemies":"Snecko","floor":29,"turns":5},{"damage":22,"enemies":"Gremlin Leader","floor":30,"turns":8},{"damage":0,"enemies":"Snake Plant","floor":31,"turns":5},{"damage":43,"enemies":"Collector","floor":33,"turns":10},{"damage":9,"enemies":"3 Shapes","floor":35,"turns":3},{"damage":0,"enemies":"3 Darklings","floor":36,"turns":4},{"damage":7,"enemies":"Jaw Worm Horde","floor":41,"turns":5},{"damage":0,"enemies":"Nemesis","floor":42,"turns":9},{"damage":0,"enemies":"4 Shapes","floor":44,"turns":4},{"damage":0,"enemies":"Reptomancer","floor":45,"turns":7},{"damage":11,"enemies":"Nemesis","floor":48,"turns":8},{"damage":13,"enemies":"Donu and Deca","floor":50,"turns":9},{"damage":0,"enemies":"Time Eater","floor":51,"turns":2},{"damage":27,"enemies":"Shield and Spear","floor":55,"turns":6},{"damage":106,"enemies":"The Heart","floor":56,"turns":8}],"seed_played":"5236142804548769713","potions_obtained":[{"floor":4,"key":"DuplicationPotion"},{"floor":5,"key":"Explosive Potion"},{"floor":7,"key":"FearPotion"},{"floor":11,"key":"Block Potion"},{"floor":12,"key":"Strength Potion"},{"floor":16,"key":"FairyPotion"},{"floor":23,"key":"Energy Potion"},{"floor":25,"key":"Strength Potion"},{"floor":29,"key":"LiquidBronze"},{"floor":35,"key":"FairyPotion"},{"floor":41,"key":"SpeedPotion"},{"floor":47,"key":"Poison Potion"},{"floor":47,"key":"LiquidBronze"}],"is_trial":false,"path_per_floor":["M","?","?","M","M","R","E","T","T","E","M","M","$","E","R","B",null,"M","?","$","M","$","E","R","E","T","$","M","M","E","M","R","B",null,"M","M","?","$","?","R","M","E","T","M","E","?","?","E","R","B","B",null,"R","$","E","B"],"character_chosen":"THE_SILENT","items_purchased":["Noxious Fumes","Bronze Scales","OrangePellets","Bag of Preparation","DollysMirror","Oddly Smooth Stone","Block Potion"],"campfire_rested":1,"item_purchase_floors":[13,13,27,38,38,54,54],"current_hp_per_floor":[58,51,66,66,66,66,80,80,80,63,51,50,50,42,42,24,66,65,65,65,65,65,24,48,23,23,23,28,38,26,26,26,24,66,57,57,47,47,47,47,50,55,55,69,74,74,74,68,68,60,60,75,75,75,55,0],"gold":51,"neow_bonus":"RANDOM_COLORLESS_2","is_prod":false,"is_daily":false,"chose_seed":false,"campfire_upgraded":5,"win_rate":0,"timestamp":1569506174,"path_taken":["M","?","?","M","M","R","E","?","T","E","M","M","?","E","R","BOSS","M","?","$","M","?","E","R","E","T","$","M","M","E","M","R","BOSS","M","M","?","$","?","R","?","E","T","M","E","?","?","E","R","BOSS","BOSS","R","$","E","BOSS"],"build_version":"2019-09-25","purchased_purges":2,"victory":false,"max_hp_per_floor":[66,66,66,66,66,66,80,80,80,80,80,80,80,80,80,80,80,80,80,80,80,80,80,80,80,80,80,80,80,80,80,80,80,80,80,80,80,80,80,80,80,80,80,80,80,80,80,80,80,80,80,80,80,80,80,80],"card_choices":[{"not_picked":["Thinking Ahead","Magnetism"],"picked":"HandOfGreed","floor":0},{"not_picked":["Finisher","Backflip"],"picked":"Well Laid Plans","floor":1},{"not_picked":["Finisher","Dodge and Roll"],"picked":"Quick Slash","floor":4},{"not_picked":["PiercingWail","Outmaneuver"],"picked":"Dash","floor":5},{"not_picked":["Acrobatics","Dagger Spray"],"picked":"Cloak And Dagger","floor":7},{"not_picked":["All Out Attack","Dagger Throw"],"picked":"Deadly Poison","floor":10},{"not_picked":["Tactician","Heel Hook"],"picked":"PiercingWail","floor":11},{"not_picked":["Underhanded Strike","Infinite Blades","Prepared"],"picked":"SKIP","floor":12},{"not_picked":["Predator","Backflip"],"picked":"Adrenaline","floor":14},{"not_picked":["Tools of the Trade","Phantasmal Killer"],"picked":"Unload","floor":16},{"not_picked":["Acrobatics","Blade Dance"],"picked":"Footwork","floor":18},{"not_picked":["Poisoned Stab","Distraction"],"picked":"Noxious Fumes","floor":21},{"not_picked":["Underhanded Strike","Dagger Throw"],"picked":"Venomology","floor":23},{"not_picked":["Outmaneuver","Backstab+1"],"picked":"Adrenaline","floor":25},{"not_picked":["Underhanded Strike","Cloak And Dagger"],"picked":"Calculated Gamble+1","floor":28},{"not_picked":["Quick Slash","Masterful Stab"],"picked":"PiercingWail","floor":29},{"not_picked":["Infinite Blades","Envenom","Caltrops"],"picked":"SKIP","floor":30},{"not_picked":["Dagger Spray","All Out Attack+1"],"picked":"Footwork","floor":31},{"not_picked":["Glass Knife","Phantasmal Killer"],"picked":"Corpse Explosion","floor":33},{"not_picked":["Outmaneuver+1","Quick Slash+1","Poisoned Stab+1"],"picked":"SKIP","floor":35},{"not_picked":["Quick Slash+1","Flying Knee","Bane"],"picked":"SKIP","floor":36},{"not_picked":["PanicButton","Finesse"],"picked":"Master of Strategy","floor":37},{"not_picked":["Mind Blast","Panache"],"picked":"Secret Technique","floor":37},{"not_picked":["Secret Technique","Impatience"],"picked":"Discovery","floor":37},{"not_picked":["Quick Slash","All Out Attack+1"],"picked":"PiercingWail","floor":41},{"not_picked":["Calculated Gamble","Prepared"],"picked":"Catalyst+1","floor":42},{"not_picked":["Dagger Spray","Flechettes","Sucker Punch"],"picked":"SKIP","floor":44},{"not_picked":["Terror","Endless Agony+1","All Out Attack"],"picked":"SKIP","floor":45},{"not_picked":["Dagger Spray","Quick Slash"],"picked":"Catalyst","floor":48},{"not_picked":["Blade Dance","Caltrops"],"picked":"PiercingWail+1","floor":55}],"player_experience":2115533,"relics_obtained":[{"floor":7,"key":"Mango"},{"floor":8,"key":"CaptainsWheel"},{"floor":9,"key":"Boot"},{"floor":10,"key":"Sundial"},{"floor":14,"key":"Anchor"},{"floor":23,"key":"Toy Ornithopter"},{"floor":25,"key":"Art of War"},{"floor":26,"key":"Vajra"},{"floor":30,"key":"MawBank"},{"floor":42,"key":"InkBottle"},{"floor":45,"key":"Potion Belt"},{"floor":48,"key":"Turnip"},{"floor":55,"key":"Letter Opener"}],"event_choices":[{"cards_removed":["Strike_G"],"damage_healed":0,"gold_gain":0,"player_choice":"Card Removal","damage_taken":7,"max_hp_gain":0,"max_hp_loss":0,"event_name":"Golden Wing","floor":2,"gold_loss":0},{"damage_healed":16,"gold_gain":0,"player_choice":"Healed","damage_taken":0,"max_hp_gain":0,"max_hp_loss":0,"event_name":"The Cleric","floor":3,"gold_loss":35},{"damage_healed":0,"gold_gain":0,"player_choice":"Read","damage_taken":0,"max_hp_gain":0,"max_hp_loss":0,"event_name":"The Library","floor":19,"gold_loss":0,"cards_obtained":["Crippling Poison"]},{"damage_healed":0,"gold_gain":0,"player_choice":"Memory 3","damage_taken":10,"max_hp_gain":0,"max_hp_loss":0,"event_name":"SensoryStone","floor":37,"gold_loss":0},{"damage_healed":0,"gold_gain":0,"player_choice":"0 cards matched","damage_taken":0,"max_hp_gain":0,"max_hp_loss":0,"event_name":"Match and Keep!","floor":39,"gold_loss":0,"cards_obtained":[]},{"cards_removed":["Neutralize"],"damage_healed":0,"gold_gain":0,"player_choice":"Removed Attack","damage_taken":0,"max_hp_gain":0,"max_hp_loss":0,"event_name":"Falling","floor":46,"gold_loss":0},{"damage_healed":0,"gold_gain":0,"player_choice":"Got Potions","damage_taken":0,"max_hp_gain":0,"max_hp_loss":0,"event_name":"Lab","floor":47,"gold_loss":0}],"is_beta":true,"boss_relics":[{"not_picked":["HoveringKite","Runic Dome"],"picked":"Empty Cage"},{"not_picked":["Calling Bell","Busted Crown"],"picked":"Coffee Dripper"}],"items_purged_floors":[20,22],"is_endless":false,"potions_floor_spawned":[4,5,7,11,12,16,18,23,25,29,35,41],"killed_by":"The Heart","ascension_level":20}