{"gold_per_floor":[109,109,128,128,155,190,115,141,141,141,215,215,235,269,269,340,340,357,357,374,88,107,107,140,140,140,153,210,210,6,20,20,20],"floor_reached":33,"playtime":1132,"items_purged":["Decay","Strike_R"],"score":652,"play_id":"7d2103ea-267c-4734-a128-863a6ec9cde3","local_time":"20190610105551","is_ascension_mode":true,"campfire_choices":[{"data":"Uppercut","floor":10.0,"key":"SMITH"},{"floor":12.0,"key":"REST"},{"data":"Disarm","floor":15.0,"key":"SMITH"},{"floor":23.0,"key":"REST"},{"floor":25.0,"key":"REST"},{"data":"Bash","floor":29,"key":"SMITH"},{"data":"Hemokinesis","floor":32,"key":"SMITH"}],"neow_cost":"NONE","seed_source_timestamp":4974766508854,"circlet_count":0,"master_deck":["AscendersBane","Strike_R","Strike_R","Strike_R","Strike_R","Defend_R+1","Defend_R+1","Defend_R","Defend_R","Bash+1","Uppercut+1","Hemokinesis+1","Pommel Strike","Disarm+1","Hemokinesis+1","Ghostly Armor","Feed+1","Anger+1","Reaper+1","Shrug It Off","Battle Trance","Twin Strike+1","Infernal Blade+1","Impervious","Shrug It Off"],"special_seed":0,"relics":["Burning Blood","Red Skull","War Paint","Molten Egg 2","Bottled Lightning","Mango","Philosopher\u0027s Stone","Membership Card","Kunai","Tiny Chest","Calipers"],"potions_floor_usage":[28],"damage_taken":[{"damage":6.0,"enemies":"Jaw Worm","floor":1.0,"turns":5.0},{"damage":7.0,"enemies":"Cultist","floor":3.0,"turns":5.0},{"damage":31.0,"enemies":"Gremlin Nob","floor":6.0,"turns":4.0},{"damage":32.0,"enemies":"3 Sentries","floor":8.0,"turns":8.0},{"damage":3.0,"enemies":"2 Louse","floor":13.0,"turns":2.0},{"damage":29.0,"enemies":"Lagavulin","floor":14.0,"turns":5.0},{"damage":36.0,"enemies":"Hexaghost","floor":16.0,"turns":10.0},{"damage":30.0,"enemies":"3 Byrds","floor":18.0,"turns":6.0},{"damage":22.0,"enemies":"Shell Parasite","floor":20.0,"turns":3.0},{"damage":2.0,"enemies":"Centurion and Healer","floor":22.0,"turns":5.0},{"damage":71.0,"enemies":"Gremlin Leader","floor":24.0,"turns":10.0},{"damage":22.0,"enemies":"3 Cultists","floor":27.0,"turns":5.0},{"damage":33,"enemies":"Slavers","floor":28,"turns":7},{"damage":4,"enemies":"Snake Plant","floor":31,"turns":3},{"damage":72,"enemies":"Automaton","floor":33,"turns":8}],"seed_played":"4680995799901462741","potions_obtained":[{"floor":6.0,"key":"Strength Potion"},{"floor":14.0,"key":"SteroidPotion"},{"floor":24.0,"key":"Fire Potion"},{"floor":28,"key":"Poison Potion"}],"is_trial":false,"path_per_floor":["M","?","M","?","T","E","$","E","T","R","?","R","M","E","R","B",null,"M","?","M","$","M","R","E","R","T","M","E","R","$","M","R","B"],"character_chosen":"IRONCLAD","items_purchased":["Membership Card","Shrug It Off","Impervious","Calipers"],"campfire_rested":3,"item_purchase_floors":[21,21,30,30],"current_hp_per_floor":[75,75,74,74,74,49,49,23,23,23,23,47,50,41,41,11,75,55,25,13,13,21,54,13,48,48,64,55,55,55,61,61,0],"gold":20,"neow_bonus":"TEN_PERCENT_HP_BONUS","is_prod":false,"is_daily":false,"chose_seed":false,"campfire_upgraded":4,"win_rate":0,"timestamp":1560156951,"path_taken":["M","?","?","?","?","E","$","E","T","R","?","R","M","E","R","BOSS","M","?","M","$","M","R","E","R","T","M","E","R","$","M","R","BOSS"],"build_version":"2019-01-23","purchased_purges":2,"victory":false,"max_hp_per_floor":[82,82,82,82,82,82,82,82,82,82,82,82,82,96,96,96,96,100,105,109,109,113,113,117,117,117,121,125,125,125,129,129,129],"card_choices":[{"not_picked":["Heavy Blade","Warcry"],"picked":"Uppercut","floor":1.0},{"not_picked":["Sword Boomerang","Body Slam"],"picked":"Hemokinesis","floor":3.0},{"not_picked":["Metallicize","Double Tap"],"picked":"Pommel Strike","floor":6.0},{"not_picked":["Evolve","Sever Soul"],"picked":"Disarm","floor":8.0},{"not_picked":["Entrench","Clash+1"],"picked":"Hemokinesis+1","floor":13.0},{"not_picked":["Dual Wield","Heavy Blade+1"],"picked":"Ghostly Armor","floor":14.0},{"not_picked":["Brutality","Juggernaut"],"picked":"Feed+1","floor":16.0},{"not_picked":["Wild Strike+1","True Grit"],"picked":"Anger+1","floor":18.0},{"not_picked":["Rampage+1","Iron Wave+1"],"picked":"Reaper+1","floor":20.0},{"not_picked":["Ghostly Armor","Fire Breathing"],"picked":"Battle Trance","floor":22.0},{"not_picked":["Rampage+1","Body Slam+1"],"picked":"Twin Strike+1","floor":24.0},{"not_picked":["Body Slam+1","Evolve","Thunderclap+1"],"picked":"SKIP","floor":27.0},{"not_picked":["Thunderclap+1","Flex"],"picked":"Infernal Blade+1","floor":28},{"not_picked":["Anger+1","Disarm"],"picked":"Shrug It Off","floor":31}],"player_experience":1730097,"relics_obtained":[{"floor":5.0,"key":"Red Skull"},{"floor":6.0,"key":"War Paint"},{"floor":8.0,"key":"Molten Egg 2"},{"floor":9.0,"key":"Bottled Lightning"},{"floor":14.0,"key":"Mango"},{"floor":24.0,"key":"Kunai"},{"floor":28,"key":"Tiny Chest"}],"event_choices":[{"damage_healed":0.0,"max_hp_gain":0.0,"max_hp_loss":0.0,"gold_gain":0.0,"event_name":"Wheel of Change","player_choice":"Cursed","floor":2.0,"gold_loss":0.0,"damage_taken":0.0,"cards_obtained":["Decay"]},{"damage_healed":0.0,"max_hp_gain":0.0,"max_hp_loss":0.0,"gold_gain":0.0,"event_name":"Liars Game","player_choice":"Ignored","floor":4.0,"gold_loss":0.0,"damage_taken":0.0},{"damage_healed":0.0,"max_hp_gain":0.0,"max_hp_loss":0.0,"gold_gain":74.0,"event_name":"Golden Wing","player_choice":"Gained Gold","floor":11.0,"gold_loss":0.0,"damage_taken":0.0},{"damage_healed":0.0,"max_hp_gain":5.0,"max_hp_loss":0.0,"gold_gain":0.0,"event_name":"Forgotten Altar","player_choice":"Shed Blood","floor":19.0,"gold_loss":0.0,"damage_taken":35.0}],"is_beta":false,"boss_relics":[{"not_picked":["Mark of Pain","Runic Dome"],"picked":"Philosopher\u0027s Stone"}],"items_purged_floors":[7,21],"is_endless":false,"potions_floor_spawned":[6,14,18,24,27,28],"killed_by":"Automaton","ascension_level":20}