{"gold_per_floor":[115,115,115,30,48,48,77,77,104,115,150,150,150,75,75,165,165,185,199,199,215,231,266,266,307,361,361,400,400,419,462,462,557,557,573,588,256,274,290,325,325,368,368,408,408,408,408,408,408,408,408,408,408,50,91,91],"floor_reached":57,"playtime":2307,"items_purged":["Strike_B"],"score":2998,"play_id":"ab4b7c7b-d58d-4c1f-88d0-62c6c80573d1","local_time":"20190725143755","is_ascension_mode":true,"campfire_choices":[{"data":"Defragment","floor":13.0,"key":"SMITH"},{"data":"Defragment","floor":15.0,"key":"SMITH"},{"floor":24.0,"key":"REST"},{"floor":32.0,"key":"REST"},{"floor":41.0,"key":"REST"},{"floor":45.0,"key":"RECALL"},{"floor":47.0,"key":"REST"},{"floor":49.0,"key":"REST"},{"floor":53,"key":"REST"}],"neow_cost":"NONE","seed_source_timestamp":0,"circlet_count":0,"master_deck":["AscendersBane","Zap+1","Dualcast","Conserve Battery","Coolheaded+1","Defragment+1","Ball Lightning","Conserve Battery","Genetic Algorithm","Defragment+1","Electrodynamics+1","Loop","Skim","Cold Snap","Tempest+1","Go for the Eyes","Capacitor","Biased Cognition","Turbo+1","Consume","Coolheaded","Chill+1","Core Surge","Blizzard","Coolheaded","White Noise","Defragment","Capacitor"],"special_seed":0,"relics":["Cracked Core","NeowsBlessing","Sundial","Anchor","Vajra","Oddly Smooth Stone","Nunchaku","Golden Idol","Pandora\u0027s Box","Pen Nib","Matryoshka","Juzu Bracelet","War Paint","Potion Belt","Dodecahedron","Fusion Hammer","ClockworkSouvenir","The Courier","Cables","Bronze Scales","Shuriken","Calipers","DataDisk"],"potions_floor_usage":[56,56,56,56,56,56,56],"damage_taken":[{"damage":0.0,"enemies":"2 Louse","floor":1.0,"turns":1.0},{"damage":0.0,"enemies":"Jaw Worm","floor":5.0,"turns":1.0},{"damage":0.0,"enemies":"Gremlin Nob","floor":7.0,"turns":1.0},{"damage":0.0,"enemies":"Cultist","floor":10.0,"turns":3.0},{"damage":6.0,"enemies":"Lagavulin","floor":11.0,"turns":8.0},{"damage":28.0,"enemies":"The Guardian","floor":16.0,"turns":11.0},{"damage":25.0,"enemies":"3 Byrds","floor":18.0,"turns":3.0},{"damage":14.0,"enemies":"Chosen","floor":19.0,"turns":4.0},{"damage":1.0,"enemies":"Centurion and Healer","floor":21.0,"turns":4.0},{"damage":0.0,"enemies":"Snecko","floor":22.0,"turns":2.0},{"damage":4.0,"enemies":"Book of Stabbing","floor":23.0,"turns":5.0},{"damage":16.0,"enemies":"Slavers","floor":25.0,"turns":3.0},{"damage":25.0,"enemies":"Gremlin Leader","floor":28.0,"turns":4.0},{"damage":0.0,"enemies":"Cultist and Chosen","floor":30.0,"turns":4.0},{"damage":16.0,"enemies":"Book of Stabbing","floor":31.0,"turns":5.0},{"damage":8.0,"enemies":"Collector","floor":33.0,"turns":7.0},{"damage":17.0,"enemies":"Orb Walker","floor":35.0,"turns":3.0},{"damage":0.0,"enemies":"3 Shapes","floor":36.0,"turns":2.0},{"damage":6.0,"enemies":"Sphere and 2 Shapes","floor":38.0,"turns":4.0},{"damage":6.0,"enemies":"Maw","floor":39.0,"turns":6.0},{"damage":0.0,"enemies":"Reptomancer","floor":40.0,"turns":6.0},{"damage":0.0,"enemies":"Nemesis","floor":42.0,"turns":9.0},{"damage":0.0,"enemies":"Reptomancer","floor":44.0,"turns":5.0},{"damage":38.0,"enemies":"Awakened One","floor":50.0,"turns":12.0},{"damage":10,"enemies":"Time Eater","floor":51,"turns":16},{"damage":25,"enemies":"Shield and Spear","floor":55,"turns":5},{"damage":12,"enemies":"The Heart","floor":56,"turns":8}],"seed_played":"-7014458950355149328","potions_obtained":[{"floor":7.0,"key":"SkillPotion"},{"floor":10.0,"key":"GamblersBrew"},{"floor":23.0,"key":"PowerPotion"},{"floor":30.0,"key":"Energy Potion"},{"floor":31.0,"key":"Energy Potion"}],"is_trial":false,"path_per_floor":["M","?","?","$","M","T","E","?","T","M","E","?","R","$","R","B",null,"M","M","?","M","M","E","R","E","T","?","E","$","M","E","R","B",null,"M","M","$","M","M","E","R","E","T","E","R","?","R","?","R","B","B",null,"R","$","E","B",null],"character_chosen":"DEFECT","items_purchased":["Defragment","ClockworkSouvenir","EntropicBrew","Calipers","FocusPotion","PowerPotion"],"campfire_rested":6,"item_purchase_floors":[4,37,37,54,54,54],"current_hp_per_floor":[64,64,64,64,64,64,64,46,46,46,40,40,40,40,40,12,51,26,12,12,11,11,7,26,10,10,64,39,39,39,23,42,34,57,40,40,40,34,28,28,47,47,47,47,47,47,64,61,61,23,13,49,61,61,36,24],"gold":91,"neow_bonus":"THREE_ENEMY_KILL","is_prod":false,"is_daily":false,"chose_seed":false,"campfire_upgraded":2,"win_rate":0,"timestamp":1564058275,"path_taken":["M","?","?","$","?","?","E","?","T","?","E","?","R","$","R","BOSS","M","M","?","M","M","E","R","E","T","?","E","$","M","E","R","BOSS","M","M","$","M","M","E","R","E","T","E","R","?","R","?","R","BOSS","BOSS","R","$","E","BOSS"],"build_version":"2019-07-17","purchased_purges":1,"victory":true,"max_hp_per_floor":[71,71,71,71,71,71,71,71,71,71,71,64,64,64,64,64,64,64,64,64,64,64,64,64,64,64,64,64,64,64,64,64,64,64,64,64,64,64,64,64,64,64,64,64,64,64,64,61,61,61,61,61,61,61,61,61],"card_choices":[{"not_picked":["Beam Cell","Hologram"],"picked":"Conserve Battery","floor":1.0},{"not_picked":["Leap","Stack"],"picked":"Ball Lightning","floor":5.0},{"not_picked":["Melter","Stack"],"picked":"Conserve Battery","floor":7.0},{"not_picked":["Rip and Tear","Streamline"],"picked":"Genetic Algorithm","floor":10.0},{"not_picked":["Fusion","Beam Cell"],"picked":"Defragment","floor":11.0},{"not_picked":["Echo Form","Meteor Strike"],"picked":"Electrodynamics","floor":16.0},{"not_picked":["Undo","Consume"],"picked":"Turbo+1","floor":18.0},{"not_picked":["Rebound","Ball Lightning"],"picked":"Consume","floor":19.0},{"not_picked":["Redo","Conserve Battery"],"picked":"Coolheaded","floor":21.0},{"not_picked":["Ball Lightning","Reprogram","Beam Cell"],"picked":"SKIP","floor":22.0},{"not_picked":["Gash+1","Redo","Stack"],"picked":"SKIP","floor":23.0},{"not_picked":["Heatsinks","Streamline"],"picked":"Chill","floor":25.0},{"not_picked":["Reinforced Body","Machine Learning"],"picked":"Chill+1","floor":28.0},{"not_picked":["Melter","Reprogram","Streamline"],"picked":"SKIP","floor":30.0},{"not_picked":["Sweeping Beam","Double Energy","Go for the Eyes"],"picked":"SKIP","floor":31.0},{"not_picked":["Machine Learning","Amplify"],"picked":"Core Surge","floor":33.0},{"not_picked":["Hello World","Aggregate"],"picked":"Compile Driver","floor":35.0},{"not_picked":["Redo","Genetic Algorithm"],"picked":"Blizzard","floor":36.0},{"not_picked":["Barrage+1","Cold Snap+1"],"picked":"Coolheaded","floor":38.0},{"not_picked":["Force Field","Skim"],"picked":"White Noise","floor":39.0},{"not_picked":["Barrage","Ball Lightning","Scrape"],"picked":"SKIP","floor":40.0},{"not_picked":["Aggregate","Conserve Battery","Turbo"],"picked":"SKIP","floor":42.0},{"not_picked":["Self Repair","Hologram"],"picked":"Defragment","floor":44.0},{"not_picked":["Rip and Tear","Lockon"],"picked":"Capacitor","floor":55}],"player_experience":1844069,"relics_obtained":[{"floor":6.0,"key":"Sundial"},{"floor":7.0,"key":"Anchor"},{"floor":9.0,"key":"Oddly Smooth Stone"},{"floor":11.0,"key":"Nunchaku"},{"floor":23.0,"key":"Pen Nib"},{"floor":25.0,"key":"Matryoshka"},{"floor":26.0,"key":"Juzu Bracelet"},{"floor":26.0,"key":"War Paint"},{"floor":28.0,"key":"Potion Belt"},{"floor":31.0,"key":"Dodecahedron"},{"floor":40.0,"key":"The Courier"},{"floor":42.0,"key":"Cables"},{"floor":43.0,"key":"Bronze Scales"},{"floor":44.0,"key":"Shuriken"},{"floor":55,"key":"DataDisk"}],"event_choices":[{"damage_healed":0.0,"max_hp_gain":0.0,"max_hp_loss":0.0,"gold_gain":0.0,"event_name":"Living Wall","player_choice":"Grow","floor":2.0,"gold_loss":0.0,"damage_taken":0.0,"cards_upgraded":["Zap"]},{"damage_healed":0.0,"max_hp_gain":0.0,"max_hp_loss":0.0,"gold_gain":0.0,"event_name":"Match and Keep!","player_choice":"1 cards matched","floor":3.0,"gold_loss":0.0,"damage_taken":0.0,"cards_obtained":["Coolheaded"]},{"damage_healed":0.0,"max_hp_gain":0.0,"max_hp_loss":0.0,"gold_gain":0.0,"event_name":"Scrap Ooze","player_choice":"Success","floor":8.0,"gold_loss":0.0,"damage_taken":18.0,"relics_obtained":["Vajra"]},{"damage_healed":0.0,"max_hp_gain":0.0,"max_hp_loss":7.0,"gold_gain":0.0,"event_name":"Golden Idol","player_choice":"Lose Max HP","floor":12.0,"gold_loss":0.0,"damage_taken":0.0,"relics_obtained":["Golden Idol"]},{"damage_healed":0.0,"max_hp_gain":0.0,"max_hp_loss":0.0,"gold_gain":0.0,"event_name":"Upgrade Shrine","player_choice":"Upgraded","floor":20.0,"gold_loss":0.0,"damage_taken":0.0,"cards_upgraded":["Electrodynamics"]},{"cards_removed":["Chill"],"damage_healed":54.0,"max_hp_gain":0.0,"max_hp_loss":0.0,"gold_gain":0.0,"event_name":"Bonfire Elementals","player_choice":"Offered Uncommon","floor":27.0,"gold_loss":0.0,"damage_taken":0.0},{"cards_removed":["Compile Driver"],"damage_healed":0.0,"max_hp_gain":0.0,"max_hp_loss":0.0,"gold_gain":0.0,"event_name":"Falling","player_choice":"Removed Attack","floor":46.0,"gold_loss":0.0,"damage_taken":0.0},{"damage_healed":0.0,"max_hp_gain":0.0,"max_hp_loss":3.0,"gold_gain":0.0,"event_name":"Winding Halls","player_choice":"Max HP","floor":48.0,"gold_loss":0.0,"damage_taken":0.0}],"is_beta":false,"boss_relics":[{"not_picked":["Philosopher\u0027s Stone","Runic Pyramid"],"picked":"Pandora\u0027s Box"},{"not_picked":["Empty Cage","White Beast Statue"],"picked":"Fusion Hammer"}],"items_purged_floors":[14],"is_endless":false,"potions_floor_spawned":[7,10,16,19,23,30,31,33,36,38,39,40],"ascension_level":20}