{"gold_per_floor":[114,124,124,202,217,217,248,267,267,302,302,315,330,330,330,404,404,417,434,158,175,175,209,209,209,209,221,256,256,256,283,283,283],"floor_reached":33,"playtime":1134,"items_purged":["Strike_R"],"score":680,"play_id":"9d957ce8-9b1d-45bb-aeec-f2065a367c0c","local_time":"20190313145424","is_ascension_mode":true,"campfire_choices":[{"data":"Bash","floor":6,"key":"SMITH"},{"data":"Spot Weakness","floor":11,"key":"SMITH"},{"data":"Uppercut","floor":15,"key":"SMITH"},{"data":"Armaments","floor":24,"key":"SMITH"},{"data":"Heavy Blade","floor":29,"key":"SMITH"},{"floor":32,"key":"REST"}],"neow_cost":"NONE","seed_source_timestamp":18587113753806,"circlet_count":0,"master_deck":["AscendersBane","Strike_R","Strike_R","Strike_R","Strike_R","Defend_R","Defend_R","Defend_R","Defend_R","Bash+1","Clothesline","Spot Weakness+1","Sword Boomerang","Battle Trance","Shrug It Off","Anger","Uppercut+1","Ghostly Armor","Offering+1","Armaments+1","Pummel","Warcry+1","Heavy Blade+1","Dropkick","Reaper","Dual Wield+1"],"relics":["Burning Blood","Art of War","Mummified Hand","FossilizedHelix","Mercury Hourglass","Runic Pyramid","Happy Flower","Dodecahedron","Letter Opener","Toxic Egg 2","Orichalcum"],"potions_floor_usage":[23,31,33],"damage_taken":[{"damage":6,"enemies":"Jaw Worm","floor":1,"turns":5},{"damage":6,"enemies":"2 Louse","floor":2,"turns":4},{"damage":2,"enemies":"Cultist","floor":5,"turns":4},{"damage":26,"enemies":"Gremlin Nob","floor":7,"turns":4},{"damage":9,"enemies":"Exordium Thugs","floor":8,"turns":5},{"damage":24,"enemies":"3 Sentries","floor":10,"turns":8},{"damage":0,"enemies":"2 Fungi Beasts","floor":12,"turns":3},{"damage":19,"enemies":"Gremlin Gang","floor":13,"turns":4},{"damage":12,"enemies":"Hexaghost","floor":16,"turns":7},{"damage":36,"enemies":"2 Thieves","floor":18,"turns":3},{"damage":0,"enemies":"Chosen","floor":19,"turns":4},{"damage":7,"enemies":"Centurion and Healer","floor":21,"turns":7},{"damage":25,"enemies":"Slavers","floor":23,"turns":6},{"damage":4,"enemies":"Cultist and Chosen","floor":27,"turns":4},{"damage":0,"enemies":"Gremlin Leader","floor":28,"turns":5},{"damage":26,"enemies":"Slavers","floor":31,"turns":4},{"damage":65,"enemies":"Automaton","floor":33,"turns":6}],"seed_played":"-7900681508078671451","potions_obtained":[{"floor":2,"key":"Block Potion"},{"floor":5,"key":"Regen Potion"},{"floor":10,"key":"Strength Potion"},{"floor":23,"key":"Block Potion"},{"floor":28,"key":"PowerPotion"},{"floor":31,"key":"PowerPotion"}],"is_trial":false,"path_per_floor":["M","M","?","?","M","R","E","M","T","E","R","M","M","T","R","B",null,"M","M","$","M","$","E","R","?","T","M","E","R","?","E","R","B"],"character_chosen":"IRONCLAD","items_purchased":["Pummel","Happy Flower"],"campfire_rested":1,"item_purchase_floors":[20,20],"current_hp_per_floor":[75,75,80,80,84,84,64,61,61,43,43,49,36,36,36,30,73,43,49,49,48,48,29,29,29,29,31,37,37,37,17,43,0],"gold":283,"neow_bonus":"TEN_PERCENT_HP_BONUS","is_prod":false,"is_daily":false,"chose_seed":false,"campfire_upgraded":5,"win_rate":0,"timestamp":1552485264,"path_taken":["M","M","?","?","M","R","E","M","T","E","R","M","M","?","R","BOSS","M","M","$","M","$","E","R","?","T","M","E","R","?","E","R","BOSS"],"build_version":"2019-01-23","purchased_purges":1,"victory":false,"max_hp_per_floor":[82,82,87,87,87,87,87,87,87,87,87,87,87,87,87,87,87,87,87,87,87,87,87,87,87,87,87,87,87,87,87,87,87],"card_choices":[{"not_picked":["Iron Wave","Searing Blow"],"picked":"Clothesline","floor":1},{"not_picked":["Headbutt","Shockwave"],"picked":"Spot Weakness","floor":2},{"not_picked":["Pommel Strike","Ghostly Armor"],"picked":"Sword Boomerang","floor":5},{"not_picked":["Havoc","Second Wind"],"picked":"Battle Trance","floor":7},{"not_picked":["Flex","Battle Trance"],"picked":"Shrug It Off","floor":8},{"not_picked":["Combust","Juggernaut"],"picked":"Anger","floor":10},{"not_picked":["Body Slam","True Grit"],"picked":"Uppercut","floor":12},{"not_picked":["Dual Wield","Clothesline"],"picked":"Ghostly Armor","floor":13},{"not_picked":["Immolate","Barricade"],"picked":"Offering","floor":16},{"not_picked":["Pommel Strike","Heavy Blade"],"picked":"Armaments","floor":18},{"not_picked":["Body Slam","Wild Strike","Combust"],"picked":"SKIP","floor":19},{"not_picked":["Clothesline","Perfected Strike"],"picked":"Warcry+1","floor":21},{"not_picked":["Spot Weakness","Shrug It Off"],"picked":"Heavy Blade","floor":23},{"not_picked":["Perfected Strike+1","Body Slam"],"picked":"Dropkick","floor":27},{"not_picked":["Burning Pact","Shrug It Off"],"picked":"Reaper","floor":28},{"not_picked":["Body Slam","Twin Strike"],"picked":"Dual Wield+1","floor":31}],"player_experience":1403083,"relics_obtained":[{"floor":7,"key":"Art of War"},{"floor":9,"key":"Mummified Hand"},{"floor":10,"key":"FossilizedHelix"},{"floor":14,"key":"Mercury Hourglass"},{"floor":23,"key":"Dodecahedron"},{"floor":26,"key":"Letter Opener"},{"floor":28,"key":"Toxic Egg 2"},{"floor":31,"key":"Orichalcum"}],"event_choices":[{"damage_healed":0,"gold_gain":0,"player_choice":"Donut","damage_taken":0,"max_hp_gain":5,"max_hp_loss":0,"event_name":"Big Fish","floor":3,"gold_loss":0},{"damage_healed":0,"gold_gain":78,"player_choice":"Gained Gold","damage_taken":0,"max_hp_gain":0,"max_hp_loss":0,"event_name":"Golden Wing","floor":4,"gold_loss":0},{"damage_healed":0,"gold_gain":0,"player_choice":"Ignored","damage_taken":0,"max_hp_gain":0,"max_hp_loss":0,"event_name":"The Mausoleum","floor":25,"gold_loss":0},{"damage_healed":0,"gold_gain":0,"player_choice":"Forge","damage_taken":0,"max_hp_gain":0,"max_hp_loss":0,"event_name":"Accursed Blacksmith","floor":30,"gold_loss":0,"cards_upgraded":["Offering"]}],"is_beta":false,"boss_relics":[{"not_picked":["Calling Bell","Fusion Hammer"],"picked":"Runic Pyramid"}],"items_purged_floors":[20],"is_endless":false,"potions_floor_spawned":[2,5,10,21,23,28,31],"killed_by":"Automaton","ascension_level":20}