{"gold_per_floor":[369,385,72,85,102,128,128,156,156,156,230,273,42,55,55,150,150,164,79,79,79,97,130,130,171,171,171,171,192,230,190,190,279,279,304,304,322,322,340,340,375,375,375,396,409,430,430,471,471,471],"floor_reached":50,"playtime":4600,"items_purged":["Strike_G","Strike_G"],"score":1168,"play_id":"eee064ed-d961-43c3-949c-f503f6d67262","local_time":"20181126235803","is_ascension_mode":true,"campfire_choices":[{"data":"Glass Knife","floor":7.0,"key":"SMITH"},{"floor":15.0,"key":"REST"},{"data":"Footwork","floor":24.0,"key":"SMITH"},{"data":"Noxious Fumes","floor":27.0,"key":"SMITH"},{"floor":32.0,"key":"REST"},{"floor":40.0,"key":"REST"},{"data":"Strike_G","floor":42.0,"key":"PURGE"},{"floor":47.0,"key":"REST"},{"floor":49.0,"key":"REST"}],"neow_cost":"TEN_PERCENT_HP_LOSS","seed_source_timestamp":0,"circlet_count":0,"master_deck":["AscendersBane","Defend_G","Defend_G","Defend_G","Defend_G","Defend_G","Strike_G","Strike_G","Survivor","Neutralize","Backflip","Poisoned Stab","Noxious Fumes+1","Die Die Die","Backflip","Dash","Glass Knife+1","Footwork+1","Dodge and Roll","Bouncing Flask","Well Laid Plans","Backflip","Heel Hook","Doppelganger","Noxious Fumes+1","Outmaneuver","PiercingWail","Cloak And Dagger","Adrenaline","Cloak And Dagger+1","Poisoned Stab","Infinite Blades+1","Parasite","Burst"],"special_seed":0,"relics":["Ring of the Snake","Matryoshka","Orichalcum","Omamori","Bronze Scales","Golden Idol","Smiling Mask","Ancient Tea Set","Black Star","Blue Candle","Girya","Ice Cream","Peace Pipe","Pocketwatch","Snake Skull","Mummified Hand","Blood Vial","Bag of Marbles","Snecko Eye","Letter Opener","Bottled Flame","Pantograph","Paper Crane","Molten Egg 2"],"potions_floor_usage":[],"damage_taken":[{"damage":0.0,"enemies":"2 Louse","floor":1.0,"turns":3.0},{"damage":0.0,"enemies":"Small Slimes","floor":2.0,"turns":6.0},{"damage":0.0,"enemies":"Jaw Worm","floor":4.0,"turns":5.0},{"damage":20.0,"enemies":"Large Slime","floor":5.0,"turns":8.0},{"damage":2.0,"enemies":"3 Sentries","floor":6.0,"turns":7.0},{"damage":10.0,"enemies":"Lagavulin","floor":8.0,"turns":5.0},{"damage":10.0,"enemies":"Lagavulin Event","floor":11.0,"turns":6.0},{"damage":10.0,"enemies":"Gremlin Nob","floor":12.0,"turns":4.0},{"damage":0.0,"enemies":"Looter","floor":14.0,"turns":2.0},{"damage":18.0,"enemies":"Slime Boss","floor":16.0,"turns":10.0},{"damage":0.0,"enemies":"Shell Parasite","floor":18.0,"turns":8.0},{"damage":2.0,"enemies":"Chosen","floor":22.0,"turns":5.0},{"damage":30.0,"enemies":"Book of Stabbing","floor":23.0,"turns":7.0},{"damage":0.0,"enemies":"Gremlin Leader","floor":25.0,"turns":7.0},{"damage":0.0,"enemies":"Snake Plant","floor":29.0,"turns":4.0},{"damage":10.0,"enemies":"Slavers","floor":30.0,"turns":5.0},{"damage":0.0,"enemies":"Collector","floor":33.0,"turns":7.0},{"damage":14.0,"enemies":"3 Shapes","floor":35.0,"turns":3.0},{"damage":7.0,"enemies":"3 Darklings","floor":37.0,"turns":6.0},{"damage":42.0,"enemies":"4 Shapes","floor":39.0,"turns":6.0},{"damage":12.0,"enemies":"Giant Head","floor":41.0,"turns":8.0},{"damage":0.0,"enemies":"Spire Growth","floor":44.0,"turns":3.0},{"damage":6.0,"enemies":"Jaw Worm Horde","floor":45.0,"turns":4.0},{"damage":6.0,"enemies":"Writhing Mass","floor":46.0,"turns":6.0},{"damage":30.0,"enemies":"Nemesis","floor":48.0,"turns":5.0},{"damage":92,"enemies":"Time Eater","floor":50,"turns":11}],"seed_played":"-6732410410184982819","potions_obtained":[{"floor":2.0,"key":"PowerPotion"},{"floor":5.0,"key":"Strength Potion"},{"floor":6.0,"key":"FearPotion"},{"floor":11.0,"key":"GhostInAJar"},{"floor":14.0,"key":"Block Potion"},{"floor":18.0,"key":"GhostInAJar"},{"floor":25.0,"key":"SpeedPotion"},{"floor":29.0,"key":"SteroidPotion"},{"floor":31.0,"key":"Ancient Potion"},{"floor":37.0,"key":"GhostInAJar"},{"floor":39.0,"key":"Fire Potion"}],"is_trial":false,"path_per_floor":["M","M","$","M","M","E","R","E","T","?","?","E","$","M","R","B",null,"M","?","?","$","M","E","R","E","T","R","?","M","E","?","R","B",null,"M","?","M","?","M","R","E","R","T","M","M","M","R","E","R","B"],"character_chosen":"THE_SILENT","items_purchased":["Noxious Fumes","Die Die Die","Well Laid Plans","Backflip","PowerPotion"],"campfire_rested":5,"item_purchase_floors":[3,3,13,13,13],"current_hp_per_floor":[59,59,59,59,39,37,37,27,27,27,17,7,7,7,25,7,47,47,47,47,47,45,15,15,15,15,15,15,15,5,5,23,25,51,39,60,53,53,13,31,21,21,21,23,19,15,33,5,23,0],"gold":471,"neow_bonus":"TWO_FIFTY_GOLD","is_prod":false,"is_daily":false,"chose_seed":false,"campfire_upgraded":3,"win_rate":0,"timestamp":1543273083,"path_taken":["M","M","$","M","M","E","R","E","T","?","?","E","$","M","R","BOSS","M","?","?","$","M","E","R","E","T","R","?","?","E","?","R","BOSS","M","?","?","?","M","R","E","R","T","M","M","M","R","E","R","BOSS"],"build_version":"2018-11-15","purchased_purges":2,"victory":false,"max_hp_per_floor":[60,60,60,60,60,60,60,60,60,60,60,60,60,60,60,60,60,60,60,60,60,60,60,60,60,60,60,60,60,60,60,60,60,60,60,60,60,60,60,60,60,60,60,60,60,60,60,60,60,60],"card_choices":[{"not_picked":["Dagger Spray","Poisoned Stab"],"picked":"Backflip","floor":1.0},{"not_picked":["Calculated Gamble","Quick Slash"],"picked":"Poisoned Stab","floor":2.0},{"not_picked":["Masterful Stab","Deflect"],"picked":"Backflip","floor":4.0},{"not_picked":["Setup","Caltrops"],"picked":"Dash","floor":5.0},{"not_picked":["Poisoned Stab","Sucker Punch"],"picked":"Glass Knife","floor":6.0},{"not_picked":["Catalyst","Expertise"],"picked":"Footwork","floor":8.0},{"not_picked":["Flying Knee","Deflect"],"picked":"Dodge and Roll","floor":11.0},{"not_picked":["Wraith Form v2","Outmaneuver"],"picked":"Bouncing Flask","floor":12.0},{"not_picked":["Blade Dance","Underhanded Strike"],"picked":"Heel Hook","floor":14.0},{"not_picked":["Storm of Steel","Die Die Die"],"picked":"Doppelganger","floor":16.0},{"not_picked":["Blade Dance","Quick Slash"],"picked":"Noxious Fumes+1","floor":18.0},{"not_picked":["Dagger Spray","Crippling Poison","Slice"],"picked":"SKIP","floor":22.0},{"not_picked":["Prepared","Flying Knee"],"picked":"Outmaneuver","floor":23.0},{"not_picked":["Dash","Escape Plan"],"picked":"PiercingWail","floor":25.0},{"not_picked":["Underhanded Strike","Tactician","Poisoned Stab"],"picked":"SKIP","floor":29.0},{"not_picked":["Dagger Spray","Eviscerate"],"picked":"Cloak And Dagger","floor":30.0},{"not_picked":["Grand Finale","Burst"],"picked":"Adrenaline","floor":33.0},{"not_picked":["Backflip","Flechettes"],"picked":"Cloak And Dagger+1","floor":35.0},{"not_picked":["Cloak And Dagger+1","Reflex"],"picked":"Bouncing Flask","floor":37.0},{"not_picked":["Cloak And Dagger","Flying Knee"],"picked":"Poisoned Stab","floor":39.0},{"not_picked":["Terror","Eviscerate","All Out Attack"],"picked":"SKIP","floor":41.0},{"not_picked":["Quick Slash","Outmaneuver","Dodge and Roll"],"picked":"SKIP","floor":44.0},{"not_picked":["Poisoned Stab","Underhanded Strike"],"picked":"Infinite Blades+1","floor":45.0},{"not_picked":["Masterful Stab","Flying Knee","Well Laid Plans"],"picked":"SKIP","floor":46.0},{"not_picked":["Cloak And Dagger","Bane"],"picked":"Burst","floor":48.0}],"player_experience":892472,"relics_obtained":[{"floor":6.0,"key":"Matryoshka"},{"floor":8.0,"key":"Orichalcum"},{"floor":9.0,"key":"Omamori"},{"floor":9.0,"key":"Bronze Scales"},{"floor":11.0,"key":"Smiling Mask"},{"floor":12.0,"key":"Ancient Tea Set"},{"floor":23.0,"key":"Girya"},{"floor":23.0,"key":"Ice Cream"},{"floor":25.0,"key":"Peace Pipe"},{"floor":25.0,"key":"Pocketwatch"},{"floor":26.0,"key":"Snake Skull"},{"floor":26.0,"key":"Mummified Hand"},{"floor":30.0,"key":"Blood Vial"},{"floor":30.0,"key":"Bag of Marbles"},{"floor":41.0,"key":"Letter Opener"},{"floor":41.0,"key":"Bottled Flame"},{"floor":43.0,"key":"Pantograph"},{"floor":48.0,"key":"Paper Crane"},{"floor":48.0,"key":"Molten Egg 2"}],"event_choices":[{"damage_healed":0.0,"max_hp_gain":0.0,"max_hp_loss":0.0,"gold_gain":0.0,"event_name":"Golden Idol","player_choice":"Take Wound","floor":10.0,"gold_loss":0.0,"damage_taken":0.0,"relics_obtained":["Golden Idol"],"cards_obtained":["Injury"]},{"damage_healed":0.0,"max_hp_gain":0.0,"max_hp_loss":0.0,"gold_gain":0.0,"event_name":"Dead Adventurer","player_choice":"Searched \u00271\u0027 times","floor":11.0,"gold_loss":0.0,"damage_taken":0.0},{"damage_healed":0.0,"max_hp_gain":0.0,"max_hp_loss":0.0,"gold_gain":0.0,"event_name":"Addict","player_choice":"Obtained Relic","floor":19.0,"gold_loss":85.0,"damage_taken":0.0,"relics_obtained":["Blue Candle"]},{"damage_healed":0.0,"max_hp_gain":0.0,"max_hp_loss":0.0,"gold_gain":0.0,"event_name":"Ghosts","player_choice":"Ignored","floor":20.0,"gold_loss":0.0,"damage_taken":0.0},{"damage_healed":0.0,"max_hp_gain":0.0,"max_hp_loss":0.0,"gold_gain":0.0,"event_name":"Wheel of Change","player_choice":"Cursed","floor":28.0,"gold_loss":0.0,"damage_taken":0.0,"cards_obtained":["Decay"]},{"damage_healed":0.0,"max_hp_gain":0.0,"max_hp_loss":0.0,"gold_gain":0.0,"event_name":"The Woman in Blue","player_choice":"Bought 3 Potions","floor":31.0,"gold_loss":0.0,"damage_taken":0.0},{"damage_healed":21.0,"max_hp_gain":0.0,"max_hp_loss":0.0,"gold_gain":0.0,"event_name":"Wheel of Change","player_choice":"Full Heal","floor":36.0,"gold_loss":0.0,"damage_taken":0.0},{"cards_removed":["Bouncing Flask"],"damage_healed":0.0,"max_hp_gain":0.0,"max_hp_loss":0.0,"gold_gain":0.0,"event_name":"Falling","player_choice":"Removed Skill","floor":38.0,"gold_loss":0.0,"damage_taken":0.0}],"is_beta":true,"boss_relics":[{"not_picked":["Tiny House","White Beast Statue"],"picked":"Black Star"},{"not_picked":["Empty Cage","Runic Pyramid"],"picked":"Snecko Eye"}],"items_purged_floors":[3,13],"is_endless":false,"potions_floor_spawned":[2,5,6,11,14,18,25,29,37,39,41,44],"killed_by":"Time Eater","ascension_level":15}