{"gold_per_floor":[210,210,228,178,193,193,223,223,247,247,270,304,304,333,333,428,428,438,457,473,490,490,519,543,543,592,622,622,652,664,698,698,794,794,811,559,571,211,222,249,264,264,264,264,283,383,413,413,413,413,413,413,49,74,74],"floor_reached":56,"playtime":11256,"items_purged":["Strike_B","Strike_B"],"score":1652,"play_id":"d168f59e-8ad7-4188-9c23-949c6860f7bc","local_time":"20190218145839","is_ascension_mode":true,"campfire_choices":[{"data":"Zap","floor":6,"key":"SMITH"},{"data":"Dualcast","floor":8,"key":"SMITH"},{"data":"Cold Snap","floor":10,"key":"SMITH"},{"data":"Buffer","floor":15,"key":"SMITH"},{"floor":25,"key":"REST"},{"data":"Fission","floor":28,"key":"SMITH"},{"data":"Defragment","floor":32,"key":"SMITH"},{"floor":42,"key":"RECALL"},{"data":"Redo","floor":44,"key":"SMITH"},{"data":"Reboot","floor":49,"key":"SMITH"},{"data":"Barrage","floor":52,"key":"SMITH"}],"neow_cost":"NONE","seed_source_timestamp":420062408840800,"circlet_count":0,"master_deck":["Defend_B+1","Defend_B+1","Defend_B","Zap+1","Dualcast+1","Conserve Battery","Leap","Cold Snap+1","Ball Lightning","Reinforced Body","Buffer+1","Fission+1","Fusion","Steam Power","Go for the Eyes","Auto Shields","Consume","Redo+1","Capacitor","Defragment+1","Compile Driver+1","Stack","Barrage+1","Cold Snap","Loop+1","Biased Cognition+1","Creative AI+1","Heatsinks+1","Compile Driver","Coolheaded","Cold Snap+1","Defragment+1","Creative AI+1","Static Discharge+1","Coolheaded+1","Self Repair+1","Reboot+1","Storm+1"],"relics":["Cracked Core","War Paint","PreservedInsect","Odd Mushroom","Meat on the Bone","Pantograph","Mercury Hourglass","Orrery","Oddly Smooth Stone","Omamori","Dream Catcher","Orichalcum","Anchor","Frozen Egg 2","Mummified Hand","Cursed Key","DollysMirror","Vajra","Nunchaku","Bag of Preparation","Dodecahedron","Incense Burner"],"potions_floor_usage":[16,16,23,27,30,33,40,45,46,50,54,54,55],"damage_taken":[{"damage":2,"enemies":"Jaw Worm","floor":1,"turns":3},{"damage":1,"enemies":"Cultist","floor":3,"turns":3},{"damage":0,"enemies":"Small Slimes","floor":5,"turns":3},{"damage":17,"enemies":"Lagavulin","floor":7,"turns":7},{"damage":7,"enemies":"The Mushroom Lair","floor":11,"turns":5},{"damage":6,"enemies":"3 Sentries","floor":12,"turns":5},{"damage":0,"enemies":"Lagavulin","floor":14,"turns":5},{"damage":9,"enemies":"Hexaghost","floor":16,"turns":10},{"damage":7,"enemies":"Spheric Guardian","floor":18,"turns":6},{"damage":1,"enemies":"Chosen","floor":19,"turns":6},{"damage":0,"enemies":"Snecko","floor":20,"turns":5},{"damage":24,"enemies":"Snake Plant","floor":21,"turns":5},{"damage":26,"enemies":"Gremlin Leader","floor":23,"turns":9},{"damage":9,"enemies":"Slavers","floor":27,"turns":6},{"damage":0,"enemies":"Gremlin Leader","floor":29,"turns":5},{"damage":0,"enemies":"Centurion and Healer","floor":30,"turns":6},{"damage":19,"enemies":"Slavers","floor":31,"turns":4},{"damage":17,"enemies":"Champ","floor":33,"turns":12},{"damage":12,"enemies":"3 Darklings","floor":35,"turns":6},{"damage":0,"enemies":"Orb Walker","floor":37,"turns":4},{"damage":3,"enemies":"3 Darklings","floor":39,"turns":3},{"damage":0,"enemies":"Reptomancer","floor":40,"turns":4},{"damage":0,"enemies":"Transient","floor":41,"turns":5},{"damage":0,"enemies":"Maw","floor":45,"turns":6},{"damage":0,"enemies":"Mind Bloom Boss Battle","floor":46,"turns":5},{"damage":0,"enemies":"Giant Head","floor":47,"turns":7},{"damage":0,"enemies":"Donu and Deca","floor":50,"turns":8},{"damage":0,"enemies":"Shield and Spear","floor":54,"turns":4},{"damage":7,"enemies":"The Heart","floor":55,"turns":7}],"seed_played":"-7226879266924447354","potions_obtained":[{"floor":3,"key":"SteroidPotion"},{"floor":7,"key":"SkillPotion"},{"floor":12,"key":"Dexterity Potion"},{"floor":14,"key":"Strength Potion"},{"floor":18,"key":"Energy Potion"},{"floor":21,"key":"SpeedPotion"},{"floor":29,"key":"AttackPotion"},{"floor":31,"key":"FairyPotion"},{"floor":33,"key":"Weak Potion"},{"floor":39,"key":"Strength Potion"},{"floor":40,"key":"Regen Potion"},{"floor":45,"key":"PowerPotion"},{"floor":54,"key":"Regen Potion"}],"is_trial":false,"path_per_floor":["M","?","M","?","M","R","E","R","T","R","?","E","?","E","R","B",null,"M","M","M","M","?","E","T","R","T","E","R","E","M","E","R","B",null,"M","$","M","$","M","E","M","R","T","R","M","?","E","?","R","B",null,"R","$","E","B",null],"character_chosen":"DEFECT","items_purchased":["Heatsinks+1","Compile Driver","Coolheaded","Defragment+1","DollysMirror","Dodecahedron","PowerPotion","FocusPotion"],"campfire_rested":1,"item_purchase_floors":[36,36,36,38,38,53,53,53],"current_hp_per_floor":[73,73,72,72,72,72,55,55,55,55,48,42,24,36,36,52,75,68,67,67,43,43,29,29,51,51,42,42,42,42,35,35,43,75,63,63,63,63,60,60,60,60,60,60,74,75,75,75,75,75,75,75,75,75,75],"gold":74,"neow_bonus":"HUNDRED_GOLD","is_prod":false,"is_daily":false,"chose_seed":false,"campfire_upgraded":9,"win_rate":0,"timestamp":1550530719,"path_taken":["M","?","?","?","M","R","E","R","T","R","?","E","?","E","R","BOSS","M","M","M","M","?","E","?","R","T","E","R","E","M","E","R","BOSS","M","$","M","$","M","E","M","R","T","R","M","?","E","?","R","BOSS","R","$","E","BOSS"],"build_version":"2019-01-23","purchased_purges":2,"victory":true,"max_hp_per_floor":[75,75,75,75,75,75,75,75,75,75,75,75,75,75,75,75,75,75,75,75,75,75,75,75,75,75,75,75,75,75,75,75,75,75,75,75,75,75,75,75,75,75,75,75,75,75,75,75,75,75,75,75,75,75,75],"card_choices":[{"not_picked":["Barrage","Double Energy","Hologram"],"picked":"SKIP","floor":1},{"not_picked":["Undo","Barrage"],"picked":"Conserve Battery","floor":3},{"not_picked":["Darkness","Hologram"],"picked":"Leap","floor":5},{"not_picked":["Gash","Leap"],"picked":"Cold Snap","floor":7},{"not_picked":["Cold Snap","Undo"],"picked":"Ball Lightning","floor":11},{"not_picked":["Steam","Coolheaded"],"picked":"Reinforced Body","floor":12},{"not_picked":["Compile Driver","Melter"],"picked":"Buffer","floor":14},{"not_picked":["Meteor Strike","Hyperbeam"],"picked":"Fission","floor":16},{"not_picked":["Force Field","Conserve Battery"],"picked":"Fusion","floor":17},{"not_picked":["Conserve Battery","Coolheaded"],"picked":"Steam Power","floor":17},{"not_picked":["Recycle","Streamline"],"picked":"Go for the Eyes","floor":17},{"not_picked":["Turbo","Conserve Battery"],"picked":"Auto Shields","floor":17},{"not_picked":["Gash","Coolheaded"],"picked":"Consume","floor":17},{"not_picked":["Rebound","Multi-Cast"],"picked":"Redo","floor":18},{"not_picked":["Rebound+1","Auto Shields"],"picked":"Capacitor","floor":19},{"not_picked":["Gash+1","Go for the Eyes"],"picked":"Defragment","floor":20},{"not_picked":["Double Energy","Static Discharge"],"picked":"Compile Driver+1","floor":21},{"not_picked":["Gash+1","Reprogram"],"picked":"Stack","floor":23},{"not_picked":["Turbo+1","Consume+1"],"picked":"Barrage","floor":25},{"not_picked":["Undo","Tempest"],"picked":"Cold Snap","floor":27},{"not_picked":["Compile Driver","Meteor Strike"],"picked":"Loop","floor":29},{"not_picked":["Consume+1","Compile Driver","Streamline"],"picked":"SKIP","floor":30},{"not_picked":["Skim","Turbo+1"],"picked":"Biased Cognition+1","floor":31},{"not_picked":["Thunder Strike","Seek"],"picked":"Creative AI+1","floor":33},{"not_picked":["Sweeping Beam+1","Double Energy+1","Conserve Battery"],"picked":"SKIP","floor":35},{"not_picked":["Beam Cell+1","Conserve Battery"],"picked":"Cold Snap+1","floor":37},{"not_picked":["Leap","Chaos"],"picked":"Static Discharge+1","floor":39},{"not_picked":["Darkness","Scrape"],"picked":"Coolheaded+1","floor":40},{"not_picked":["Reprogram","Compile Driver+1","Leap+1"],"picked":"SKIP","floor":41},{"not_picked":["Redo","Sweeping Beam+1"],"picked":"Self Repair+1","floor":45},{"not_picked":["Conserve Battery","Capacitor+1"],"picked":"Reboot","floor":47},{"not_picked":["Capacitor+1","Gash+1"],"picked":"Storm+1","floor":54}],"player_experience":215807,"relics_obtained":[{"floor":7,"key":"War Paint"},{"floor":9,"key":"PreservedInsect"},{"floor":11,"key":"Odd Mushroom"},{"floor":12,"key":"Meat on the Bone"},{"floor":14,"key":"Mercury Hourglass"},{"floor":23,"key":"Omamori"},{"floor":24,"key":"Dream Catcher"},{"floor":26,"key":"Orichalcum"},{"floor":27,"key":"Anchor"},{"floor":29,"key":"Frozen Egg 2"},{"floor":31,"key":"Mummified Hand"},{"floor":40,"key":"Vajra"},{"floor":46,"key":"Nunchaku"},{"floor":47,"key":"Bag of Preparation"},{"floor":54,"key":"Incense Burner"}],"event_choices":[{"cards_removed":["Strike_B"],"damage_healed":0,"gold_gain":0,"player_choice":"Offered Basic","damage_taken":0,"max_hp_gain":0,"max_hp_loss":0,"event_name":"Bonfire Elementals","floor":2,"gold_loss":0},{"cards_removed":["Defend_B"],"damage_healed":0,"gold_gain":0,"player_choice":"Card Removal","damage_taken":0,"max_hp_gain":0,"max_hp_loss":0,"event_name":"The Cleric","floor":4,"gold_loss":50},{"damage_healed":0,"gold_gain":0,"player_choice":"Fought Mushrooms","damage_taken":0,"max_hp_gain":0,"max_hp_loss":0,"event_name":"Mushrooms","floor":11,"gold_loss":0},{"damage_healed":0,"gold_gain":0,"player_choice":"Success","damage_taken":18,"relics_obtained":["Pantograph"],"max_hp_gain":0,"max_hp_loss":0,"event_name":"Scrap Ooze","floor":13,"gold_loss":0},{"damage_healed":0,"gold_gain":0,"player_choice":"Opened","damage_taken":0,"relics_obtained":["Oddly Smooth Stone"],"max_hp_gain":0,"max_hp_loss":0,"event_name":"The Mausoleum","floor":22,"gold_loss":0},{"damage_healed":0,"gold_gain":0,"player_choice":"Fight","damage_taken":0,"max_hp_gain":0,"max_hp_loss":0,"event_name":"MindBloom","floor":46,"gold_loss":0},{"cards_removed":["Strike_B"],"damage_healed":0,"gold_gain":0,"player_choice":"Removed Attack","damage_taken":0,"max_hp_gain":0,"max_hp_loss":0,"event_name":"Falling","floor":48,"gold_loss":0}],"is_beta":false,"boss_relics":[{"not_picked":["Velvet Choker","Philosopher\u0027s Stone"],"picked":"Orrery"},{"not_picked":["Astrolabe","FrozenCore"],"picked":"Cursed Key"}],"items_purged_floors":[36,38],"is_endless":false,"potions_floor_spawned":[3,7,12,14,18,21,29,31,33,39,40,41,45,54],"ascension_level":3}