{"gold_per_floor":[119,119,119,133,27,27,71,71,98,112,112,152,184,211,223,331,343,378,404,12,62,83,83,83],"floor_reached":24,"playtime":622,"items_purged":["Strike_B"],"score":462,"play_id":"15473d4c-9a60-4cf7-9c7a-f127f7a44b3e","local_time":"20190708232925","is_ascension_mode":true,"campfire_choices":[{"data":"Zap","floor":6,"key":"SMITH"},{"data":"Doom and Gloom","floor":8,"key":"SMITH"},{"data":"Coolheaded","floor":11,"key":"SMITH"},{"data":"Glacier","floor":15,"key":"SMITH"},{"data":"Self Repair","floor":23,"key":"SMITH"}],"neow_cost":"NONE","seed_source_timestamp":50585513302051,"circlet_count":0,"master_deck":["AscendersBane","Strike_B","Strike_B","Strike_B","Defend_B","Defend_B+1","Defend_B","Defend_B","Zap+1","Dualcast","Barrage","Conserve Battery+1","Doom and Gloom+1","Compile Driver","Sweeping Beam","Coolheaded+1","Doom and Gloom","Self Repair+1","Glacier+1","Biased Cognition","Coolheaded","Core Surge"],"relics":["Cracked Core","NeowsBlessing","Golden Idol","Potion Belt","War Paint","Dream Catcher","MawBank","Coffee Dripper","Membership Card","Centennial Puzzle"],"potions_floor_usage":[16,16,16],"damage_taken":[{"damage":0,"enemies":"Jaw Worm","floor":1,"turns":1},{"damage":0,"enemies":"2 Louse","floor":4,"turns":1},{"damage":0,"enemies":"Lagavulin","floor":7,"turns":1},{"damage":1,"enemies":"Cultist","floor":10,"turns":3},{"damage":18,"enemies":"3 Sentries","floor":12,"turns":3},{"damage":0,"enemies":"3 Louse","floor":13,"turns":1},{"damage":9,"enemies":"Looter","floor":14,"turns":3},{"damage":22,"enemies":"The Guardian","floor":16,"turns":9},{"damage":0,"enemies":"3 Byrds","floor":18,"turns":4},{"damage":29,"enemies":"Shell Parasite","floor":19,"turns":4},{"damage":4,"enemies":"Sentry and Sphere","floor":22,"turns":4},{"damage":39,"enemies":"Book of Stabbing","floor":24,"turns":7}],"seed_played":"7106569804102414996","potions_obtained":[{"floor":7,"key":"Regen Potion"},{"floor":10,"key":"Swift Potion"},{"floor":13,"key":"AttackPotion"},{"floor":18,"key":"Fire Potion"}],"is_trial":false,"path_per_floor":["M","?","?","M","$","R","E","R","T","M","R","E","M","M","R","B",null,"M","M","$","?","M","R","E"],"character_chosen":"DEFECT","items_purchased":["Doom and Gloom","Compile Driver","Membership Card","Core Surge","Centennial Puzzle"],"campfire_rested":0,"item_purchase_floors":[5,5,20,20,20],"current_hp_per_floor":[64,64,46,46,46,46,46,46,46,45,45,27,27,25,25,15,52,52,30,30,30,33,33,0],"gold":83,"neow_bonus":"THREE_ENEMY_KILL","is_prod":false,"is_daily":false,"chose_seed":false,"campfire_upgraded":5,"win_rate":0,"timestamp":1562621365,"path_taken":["M","?","?","M","?","R","E","R","T","M","R","E","M","?","R","BOSS","M","?","$","?","M","R","E"],"build_version":"2019-07-05","purchased_purges":1,"victory":false,"max_hp_per_floor":[71,64,64,64,64,64,64,64,64,64,64,64,64,64,64,64,64,64,64,64,64,64,64,64],"card_choices":[{"not_picked":["Stack","Hologram"],"picked":"Barrage","floor":1},{"not_picked":["Leap","Skim"],"picked":"Conserve Battery","floor":4},{"not_picked":["Rebound","Stack"],"picked":"Sweeping Beam","floor":7},{"not_picked":["Barrage","Hologram"],"picked":"Coolheaded","floor":10},{"not_picked":["Streamline","Blizzard"],"picked":"Doom and Gloom","floor":12},{"not_picked":["Conserve Battery","Turbo"],"picked":"Self Repair","floor":13},{"not_picked":["Steam Power","Conserve Battery"],"picked":"Glacier","floor":14},{"not_picked":["All For One","Seek"],"picked":"Biased Cognition","floor":16},{"not_picked":["Ball Lightning","Go for the Eyes"],"picked":"Coolheaded","floor":18},{"not_picked":["Streamline","Double Energy","Barrage"],"picked":"SKIP","floor":19},{"not_picked":["Sweeping Beam","Meteor Strike","Streamline"],"picked":"SKIP","floor":22}],"player_experience":1780375,"relics_obtained":[{"floor":7,"key":"War Paint"},{"floor":9,"key":"Dream Catcher"},{"floor":12,"key":"MawBank"}],"event_choices":[{"damage_healed":0,"gold_gain":0,"player_choice":"Lose Max HP","damage_taken":0,"relics_obtained":["Golden Idol"],"max_hp_gain":0,"max_hp_loss":7,"event_name":"Golden Idol","floor":2,"gold_loss":0},{"damage_healed":0,"gold_gain":0,"player_choice":"Success","damage_taken":18,"relics_obtained":["Potion Belt"],"max_hp_gain":0,"max_hp_loss":0,"event_name":"Scrap Ooze","floor":3,"gold_loss":0},{"damage_healed":0,"gold_gain":50,"player_choice":"Stole From Cult","damage_taken":0,"max_hp_gain":0,"max_hp_loss":0,"event_name":"Nest","floor":21,"gold_loss":0}],"is_beta":false,"boss_relics":[{"not_picked":["Inserter","Philosopher\u0027s Stone"],"picked":"Coffee Dripper"}],"items_purged_floors":[20],"is_endless":false,"potions_floor_spawned":[7,10,13,18],"killed_by":"Book of Stabbing","ascension_level":20}