{"gold_per_floor":[117,127,242,317,317,352,368,381,529,529,549,582,582,582,582,659,659,677,677,602,602,618,618,618],"floor_reached":24,"playtime":930,"items_purged":[],"score":412,"play_id":"b2a79a33-d033-4728-8fad-3d0350e9ed98","local_time":"20190213102339","is_ascension_mode":true,"campfire_choices":[{"data":"Perfected Strike","floor":10.0,"key":"SMITH"},{"floor":15.0,"key":"REST"},{"floor":23,"key":"REST"}],"neow_cost":"NONE","seed_source_timestamp":0,"circlet_count":0,"master_deck":["AscendersBane","Strike_R","Strike_R","Strike_R","Strike_R","Defend_R","Defend_R","Defend_R","Defend_R","Bash+1","Perfected Strike+1","Sword Boomerang","Shrug It Off","Reckless Charge","Feel No Pain","Battle Trance","Pommel Strike","infinitespire:OneForAll","Feed","Body Slam+1"],"special_seed":0,"relics":["Burning Blood","infinitespire:Lucky Rock","infinitespire:Beetle Shell","Regal Pillow","hubris:RunicObelisk","Nilry\u0027s Codex"],"potions_floor_usage":[24],"damage_taken":[{"damage":1.0,"enemies":"Cultist","floor":1.0,"turns":3.0},{"damage":7.0,"enemies":"Jaw Worm","floor":2.0,"turns":3.0},{"damage":0.0,"enemies":"2 Louse","floor":3.0,"turns":3.0},{"damage":44.0,"enemies":"Lagavulin","floor":6.0,"turns":8.0},{"damage":9.0,"enemies":"Red Slaver","floor":7.0,"turns":3.0},{"damage":7.0,"enemies":"Looter","floor":8.0,"turns":3.0},{"damage":0.0,"enemies":"Large Slime","floor":11.0,"turns":4.0},{"damage":8.0,"enemies":"3 Sentries","floor":12.0,"turns":9.0},{"damage":44.0,"enemies":"The Guardian","floor":16.0,"turns":16.0},{"damage":24,"enemies":"2 Thieves","floor":18,"turns":4},{"damage":27,"enemies":"Colosseum Slavers","floor":19,"turns":6},{"damage":1,"enemies":"Spheric Guardian","floor":22,"turns":3},{"damage":57,"enemies":"Gremlin Leader","floor":24,"turns":5}],"seed_played":"-4699829300859990891","potions_obtained":[{"floor":1.0,"key":"GamblersBrew"},{"floor":7.0,"key":"Energy Potion"},{"floor":8.0,"key":"Swift Potion"},{"floor":18,"key":"Energy Potion"}],"is_trial":false,"path_per_floor":["M","M","M","?","?","E","M","M","T","R","M","E","?","?","R","B",null,"M","?","?","?","M","R","E"],"character_chosen":"IRONCLAD","items_purchased":[],"campfire_rested":2,"item_purchase_floors":[],"current_hp_per_floor":[73,72,75,64,64,26,23,22,22,22,28,26,8,8,45,7,58,43,25,25,4,12,52,0],"gold":618,"neow_bonus":"UPGRADE_CARD","is_prod":false,"is_daily":false,"chose_seed":false,"campfire_upgraded":1,"win_rate":0,"timestamp":1550049819,"path_taken":["M","M","M","?","?","E","?","M","T","R","M","E","?","?","R","BOSS","M","?","?","?","M","R","E"],"build_version":"2019-01-23","purchased_purges":0,"victory":false,"max_hp_per_floor":[75,75,75,75,75,75,75,75,75,75,75,75,75,75,75,75,75,78,81,81,81,84,84,84],"card_choices":[{"not_picked":["True Grit","Heavy Blade"],"picked":"Perfected Strike","floor":1.0},{"not_picked":["Flex","Headbutt"],"picked":"Sword Boomerang","floor":2.0},{"not_picked":["True Grit","Sentinel"],"picked":"Shrug It Off","floor":3.0},{"not_picked":["Intimidate","Dropkick"],"picked":"Feel No Pain","floor":6.0},{"not_picked":["Body Slam","Rampage"],"picked":"Battle Trance","floor":7.0},{"not_picked":["hubris:ReadiedAction","Reckless Charge"],"picked":"Pommel Strike","floor":8.0},{"not_picked":["Warcry","Uppercut"],"picked":"infinitespire:OneForAll","floor":11.0},{"not_picked":["hubris:ReadiedAction","Pommel Strike","Fire Breathing"],"picked":"SKIP","floor":12.0},{"not_picked":["Offering","Berserk"],"picked":"Feed","floor":16.0},{"not_picked":["Havoc","Iron Wave"],"picked":"Body Slam+1","floor":18},{"not_picked":["Dual Wield","Sentinel+1","hubris:ReadiedAction"],"picked":"SKIP","floor":22}],"player_experience":1248882,"relics_obtained":[{"floor":6.0,"key":"infinitespire:Lucky Rock"},{"floor":9.0,"key":"infinitespire:Beetle Shell"},{"floor":12.0,"key":"Regal Pillow"},{"floor":21,"key":"Nilry\u0027s Codex"}],"event_choices":[{"damage_healed":0.0,"max_hp_gain":0.0,"max_hp_loss":0.0,"gold_gain":75.0,"event_name":"World of Goop","player_choice":"Gather Gold","floor":4.0,"gold_loss":0.0,"damage_taken":11.0},{"damage_healed":0.0,"max_hp_gain":0.0,"max_hp_loss":0.0,"gold_gain":0.0,"cards_transformed":["Strike_R"],"event_name":"Transmorgrifier","player_choice":"Transformed","floor":5.0,"gold_loss":0.0,"damage_taken":0.0,"cards_obtained":["Reckless Charge"]},{"damage_healed":0.0,"max_hp_gain":0.0,"max_hp_loss":0.0,"gold_gain":0.0,"event_name":"Scrap Ooze","player_choice":"Fled","floor":13.0,"gold_loss":0.0,"damage_taken":18.0},{"damage_healed":0.0,"max_hp_gain":0.0,"max_hp_loss":0.0,"gold_gain":0.0,"event_name":"Wheel of Change","player_choice":"Cursed","floor":14.0,"gold_loss":0.0,"damage_taken":0.0,"cards_obtained":["Decay"]},{"damage_healed":0,"gold_gain":0,"player_choice":"Fight","damage_taken":0,"max_hp_gain":0,"max_hp_loss":0,"event_name":"Colosseum","floor":19,"gold_loss":0},{"damage_healed":0,"gold_gain":0,"player_choice":"Fled From Nobs","damage_taken":0,"max_hp_gain":0,"max_hp_loss":0,"event_name":"Colosseum","floor":19,"gold_loss":0},{"cards_removed":["Decay"],"damage_healed":0,"gold_gain":0,"player_choice":"Gave Gold","damage_taken":0,"max_hp_gain":0,"max_hp_loss":0,"event_name":"Beggar","floor":20,"gold_loss":75},{"damage_healed":0,"gold_gain":0,"player_choice":"Obtained Book","damage_taken":21,"max_hp_gain":0,"max_hp_loss":0,"event_name":"Cursed Tome","floor":21,"gold_loss":0}],"is_beta":false,"boss_relics":[{"not_picked":["Runic Dome","Orrery"],"picked":"hubris:RunicObelisk"}],"items_purged_floors":[],"is_endless":false,"potions_floor_spawned":[1,7,8,18,19],"killed_by":"Gremlin Leader","ascension_level":20}