{"gold_per_floor":[111,131,17,17,29,49,76,76],"floor_reached":8,"playtime":494,"items_purged":["Pain"],"score":82,"play_id":"53d37e05-6584-4cb1-b866-7569f2d3fc77","local_time":"20181112013726","is_ascension_mode":true,"campfire_choices":[],"neow_cost":"NONE","seed_source_timestamp":0,"circlet_count":0,"master_deck":["AscendersBane","Defend_G","Defend_G","Defend_G","Defend_G","Defend_G","Strike_G","Strike_G","Strike_G","Strike_G","Strike_G","Survivor","Neutralize","Shame","Writhe","Skewer","Dodge and Roll","Footwork","Backflip","Quick Slash","Masterful Stab"],"special_seed":0,"relics":["Calling Bell","Centennial Puzzle","Mummified Hand","Pocketwatch","Odd Mushroom"],"potions_floor_usage":[7,8],"damage_taken":[{"damage":9.0,"enemies":"Small Slimes","floor":1.0,"turns":3.0},{"damage":11.0,"enemies":"2 Louse","floor":2.0,"turns":3.0},{"damage":1.0,"enemies":"Cultist","floor":5.0,"turns":4.0},{"damage":21,"enemies":"Lots of Slimes","floor":6,"turns":8},{"damage":14,"enemies":"The Mushroom Lair","floor":7,"turns":6},{"damage":19,"enemies":"Gremlin Nob","floor":8,"turns":4}],"seed_played":"7540271053694908555","potions_obtained":[{"floor":1.0,"key":"Energy Potion"},{"floor":7,"key":"Weak Potion"}],"is_trial":false,"path_per_floor":["M","M","$","?","M","M","?","E"],"character_chosen":"THE_SILENT","items_purchased":["Footwork"],"campfire_rested":0,"item_purchase_floors":[3],"current_hp_per_floor":[50,39,39,39,38,17,3,0],"gold":76,"neow_bonus":"BOSS_RELIC","is_prod":false,"is_daily":false,"chose_seed":false,"campfire_upgraded":0,"win_rate":0,"timestamp":1541983046,"path_taken":["M","M","$","?","M","M","?","E"],"build_version":"2018-11-08","purchased_purges":1,"victory":false,"max_hp_per_floor":[66,66,66,66,66,66,66,66],"card_choices":[{"not_picked":["Dagger Throw","PiercingWail"],"picked":"Skewer","floor":1.0},{"not_picked":["Quick Slash","PiercingWail"],"picked":"Dodge and Roll","floor":2.0},{"not_picked":["Quick Slash","Cloak And Dagger"],"picked":"Backflip","floor":5.0},{"not_picked":["Burst","Choke"],"picked":"Quick Slash","floor":6},{"not_picked":["Deadly Poison","Quick Slash"],"picked":"Masterful Stab","floor":7}],"player_experience":789258,"relics_obtained":[{"floor":0.0,"key":"Centennial Puzzle"},{"floor":0.0,"key":"Mummified Hand"},{"floor":0.0,"key":"Pocketwatch"},{"floor":7,"key":"Odd Mushroom"}],"event_choices":[{"damage_healed":0.0,"max_hp_gain":0.0,"max_hp_loss":0.0,"gold_gain":0.0,"event_name":"The Cleric","player_choice":"Leave","floor":4.0,"gold_loss":0.0,"damage_taken":0.0},{"damage_healed":0,"gold_gain":0,"player_choice":"Fought Mushrooms","damage_taken":0,"max_hp_gain":0,"max_hp_loss":0,"event_name":"Mushrooms","floor":7,"gold_loss":0}],"is_beta":true,"boss_relics":[],"items_purged_floors":[3],"is_endless":false,"potions_floor_spawned":[1,7],"killed_by":"Gremlin Nob","ascension_level":14}