{"gold_per_floor":[117,117,8,22,39,71,88,88,88,122,122,151,151,170,170,246,246,262,273,273,273,273],"floor_reached":22,"playtime":1072,"items_purged":[],"score":408,"play_id":"ac556b7d-1a44-4f7a-a29f-50fc944b7563","local_time":"20190606201849","is_ascension_mode":true,"campfire_choices":[{"floor":8.0,"key":"REST"},{"floor":11.0,"key":"REST"},{"floor":13,"key":"REST"},{"floor":15,"key":"REST"}],"neow_cost":"NONE","seed_source_timestamp":0,"circlet_count":0,"master_deck":["AscendersBane","Defend_G+1","Defend_G+1","Defend_G+1","Defend_G+1","Defend_G+1","Strike_G+1","Strike_G+1","Strike_G+1","Strike_G+1","Survivor","Neutralize","PiercingWail","Riddle With Holes","Backflip","Dash","Deadly Poison","Dagger Spray","Backflip","Leg Sweep","Poisoned Stab","Deflect","Adrenaline","Crippling Poison"],"special_seed":0,"relics":["Ring of the Snake","Question Card","Art of War","Omamori","Sozu","Meat on the Bone"],"potions_floor_usage":[12,12,16],"damage_taken":[{"damage":13.0,"enemies":"Cultist","floor":1.0,"turns":6.0},{"damage":6.0,"enemies":"Small Slimes","floor":4.0,"turns":6.0},{"damage":0.0,"enemies":"2 Louse","floor":5.0,"turns":3.0},{"damage":8.0,"enemies":"Gremlin Nob","floor":6.0,"turns":3.0},{"damage":18.0,"enemies":"Exordium Wildlife","floor":7.0,"turns":8.0},{"damage":27.0,"enemies":"3 Sentries","floor":10.0,"turns":11.0},{"damage":34,"enemies":"Gremlin Nob","floor":12,"turns":4},{"damage":15,"enemies":"Gremlin Gang","floor":14,"turns":6},{"damage":23,"enemies":"The Guardian","floor":16,"turns":15},{"damage":25,"enemies":"Chosen","floor":18,"turns":5},{"damage":18,"enemies":"Shell Parasite","floor":19,"turns":9},{"damage":16,"enemies":"Snake Plant","floor":22,"turns":4}],"seed_played":"-2246769557151501034","potions_obtained":[{"floor":6.0,"key":"AttackPotion"},{"floor":7.0,"key":"Strength Potion"},{"floor":14,"key":"Weak Potion"},{"floor":16,"key":"Energy Potion"}],"is_trial":false,"path_per_floor":["M","?","$","M","M","E","M","R","T","E","R","E","R","M","R","B",null,"M","M","?","?","M"],"character_chosen":"THE_SILENT","items_purchased":["Backflip","SteroidPotion"],"campfire_rested":4,"item_purchase_floors":[3,3],"current_hp_per_floor":[52,52,52,46,46,38,20,41,41,14,35,1,22,7,28,5,55,30,12,12,12,0],"gold":273,"neow_bonus":"TEN_PERCENT_HP_BONUS","is_prod":false,"is_daily":false,"chose_seed":false,"campfire_upgraded":0,"win_rate":0,"timestamp":1559845129,"path_taken":["M","?","$","M","M","E","M","R","T","E","R","E","R","?","R","BOSS","M","M","?","?","?"],"build_version":"2019-01-23","purchased_purges":0,"victory":false,"max_hp_per_floor":[72,72,72,72,72,72,72,72,72,72,72,72,72,72,72,72,72,72,72,72,72,72],"card_choices":[{"not_picked":["Outmaneuver","Deflect"],"picked":"PiercingWail","floor":1.0},{"not_picked":["Deadly Poison","Dagger Throw"],"picked":"Dash","floor":4.0},{"not_picked":["PiercingWail","Dash"],"picked":"Deadly Poison","floor":5.0},{"not_picked":["Masterful Stab","Skewer"],"picked":"Dagger Spray","floor":6.0},{"not_picked":["Deadly Poison","Acrobatics"],"picked":"Backflip","floor":7.0},{"not_picked":["Bane","Dagger Spray","Dagger Throw"],"picked":"Leg Sweep","floor":10.0},{"not_picked":["Flechettes","Heel Hook","Dodge and Roll"],"picked":"Poisoned Stab","floor":12},{"not_picked":["Flying Knee","Envenom","Acrobatics"],"picked":"Deflect","floor":14},{"not_picked":["Doppelganger","Glass Knife","A Thousand Cuts"],"picked":"Adrenaline","floor":16},{"not_picked":["Expertise","Acrobatics","Terror","Cloak And Dagger"],"picked":"SKIP","floor":18},{"not_picked":["Deflect","Bane","Poisoned Stab"],"picked":"Crippling Poison","floor":19}],"player_experience":1725363,"relics_obtained":[{"floor":9.0,"key":"Question Card"},{"floor":10.0,"key":"Art of War"},{"floor":12,"key":"Omamori"}],"event_choices":[{"damage_healed":0.0,"max_hp_gain":0.0,"max_hp_loss":0.0,"gold_gain":0.0,"cards_transformed":["Strike_G"],"event_name":"Transmorgrifier","player_choice":"Transformed","floor":2.0,"gold_loss":0.0,"damage_taken":0.0,"cards_obtained":["Riddle With Holes"]},{"damage_healed":0,"gold_gain":0,"player_choice":"Stole Relic","damage_taken":0,"relics_obtained":["Meat on the Bone"],"max_hp_gain":0,"max_hp_loss":0,"event_name":"Addict","floor":20,"gold_loss":0,"cards_obtained":["Shame"]},{"damage_healed":0,"gold_gain":0,"player_choice":"Simplicity","damage_taken":0,"max_hp_gain":0,"max_hp_loss":0,"event_name":"Back to Basics","floor":21,"gold_loss":0,"cards_upgraded":["Defend_G","Defend_G","Defend_G","Defend_G","Defend_G","Strike_G","Strike_G","Strike_G","Strike_G"]}],"is_beta":false,"boss_relics":[{"not_picked":["Tiny House","Busted Crown"],"picked":"Sozu"}],"items_purged_floors":[],"is_endless":false,"potions_floor_spawned":[6,7,10,14,16],"killed_by":"Snake Plant","ascension_level":20}