{"gold_per_floor":[219,230,230,230,230,230,261,261,261,261,271,281,316,44,44,123,123,112,112,37,49,49,49,79,79,79,79,79,93,93,93],"floor_reached":31,"playtime":1614,"items_purged":[],"score":453,"play_id":"dc184ab1-f85a-4604-a7e2-5db8cae15a38","local_time":"20181121221640","is_ascension_mode":true,"campfire_choices":[{"data":"Neutralize","floor":6.0,"key":"SMITH"},{"data":"Skewer","floor":8.0,"key":"SMITH"},{"floor":10.0,"key":"REST"},{"data":"Dagger Spray","floor":15.0,"key":"SMITH"},{"data":"Malaise","floor":23,"key":"SMITH"},{"floor":27,"key":"REST"},{"data":"Sucker Punch","floor":28,"key":"SMITH"}],"neow_cost":"NONE","seed_source_timestamp":0,"circlet_count":0,"master_deck":["AscendersBane","Defend_G","Defend_G","Defend_G+1","Defend_G+1","Strike_G","Survivor","Neutralize+1","Quick Slash","Skewer+1","Quick Slash","Deflect","Dagger Spray+1","Sucker Punch+1","Blur","Malaise+1","Tactician+1","Infinite Blades+1","Underhanded Strike+1","Cloak And Dagger","Writhe","Dodge and Roll+1","Poisoned Stab"],"special_seed":0,"relics":["Ring of the Snake","War Paint","Bottled Flame","Letter Opener","Lee\u0027s Waffle","Astrolabe","Enchiridion","Toxic Egg 2","WingedGreaves","Smiling Mask"],"potions_floor_usage":[25,25],"damage_taken":[{"damage":0.0,"enemies":"Cultist","floor":1.0,"turns":4.0},{"damage":0.0,"enemies":"2 Louse","floor":2.0,"turns":3.0},{"damage":42.0,"enemies":"3 Sentries","floor":7.0,"turns":11.0},{"damage":1.0,"enemies":"Jaw Worm","floor":11.0,"turns":2.0},{"damage":0.0,"enemies":"Large Slime","floor":12.0,"turns":4.0},{"damage":24.0,"enemies":"Gremlin Nob","floor":13.0,"turns":4.0},{"damage":45,"enemies":"Slime Boss","floor":16,"turns":13},{"damage":10,"enemies":"2 Thieves","floor":18,"turns":4},{"damage":6,"enemies":"Shell Parasite","floor":21,"turns":6},{"damage":11,"enemies":"Book of Stabbing","floor":24,"turns":9},{"damage":13,"enemies":"Colosseum Slavers","floor":25,"turns":6},{"damage":1,"enemies":"Centurion and Healer","floor":29,"turns":9},{"damage":40,"enemies":"Gremlin Leader","floor":31,"turns":4}],"seed_played":"-1033299054731890114","potions_obtained":[{"floor":2.0,"key":"SneckoOil"},{"floor":11.0,"key":"SpeedPotion"},{"floor":12.0,"key":"Swift Potion"},{"floor":18,"key":"Swift Potion"}],"is_trial":false,"path_per_floor":["M","M","?","?","?","R","E","R","T","R","M","M","E","$","R","B",null,"M","?","?","M","?","R","E","?","T","R","R","M","?","E"],"character_chosen":"THE_SILENT","items_purchased":["Lee\u0027s Waffle","Blur"],"campfire_rested":2,"item_purchase_floors":[14,14],"current_hp_per_floor":[59,59,59,52,52,52,10,10,10,29,28,28,4,73,73,28,62,52,31,31,25,25,25,14,1,1,22,22,21,36,0],"gold":93,"neow_bonus":"HUNDRED_GOLD","is_prod":false,"is_daily":false,"chose_seed":false,"campfire_upgraded":5,"win_rate":0,"timestamp":1542835000,"path_taken":["M","M","?","?","?","R","E","R","T","R","?","M","E","$","R","BOSS","M","?","?","M","?","R","E","?","T","R","R","M","?","E"],"build_version":"2018-11-15","purchased_purges":0,"victory":false,"max_hp_per_floor":[66,66,66,66,66,66,66,66,66,66,66,66,66,73,73,73,73,73,73,73,73,73,73,73,73,73,73,73,73,73,73],"card_choices":[{"not_picked":["Dagger Throw","PiercingWail"],"picked":"Quick Slash","floor":1.0},{"not_picked":["Terror","Expertise"],"picked":"Skewer","floor":2.0},{"not_picked":["Tactician","Bane"],"picked":"Quick Slash","floor":7.0},{"not_picked":["Prepared","Underhanded Strike"],"picked":"Deflect","floor":11.0},{"not_picked":["Poisoned Stab","Dagger Throw"],"picked":"Dagger Spray","floor":12.0},{"not_picked":["Underhanded Strike","Bane"],"picked":"Sucker Punch","floor":13.0},{"not_picked":["Glass Knife","A Thousand Cuts"],"picked":"Malaise","floor":16},{"not_picked":["Acrobatics","Dagger Spray","All Out Attack"],"picked":"SKIP","floor":18},{"not_picked":["Deflect","Sucker Punch"],"picked":"Cloak And Dagger","floor":21},{"not_picked":["Acrobatics+1","Dagger Throw"],"picked":"Dodge and Roll+1","floor":24},{"not_picked":["Dodge and Roll+1","Slice"],"picked":"Poisoned Stab","floor":29}],"player_experience":852813,"relics_obtained":[{"floor":7.0,"key":"War Paint"},{"floor":9.0,"key":"Bottled Flame"},{"floor":13.0,"key":"Letter Opener"},{"floor":19,"key":"Enchiridion"},{"floor":24,"key":"WingedGreaves"},{"floor":26,"key":"Smiling Mask"}],"event_choices":[{"damage_healed":0.0,"max_hp_gain":0.0,"max_hp_loss":0.0,"gold_gain":0.0,"event_name":"Liars Game","player_choice":"Ignored","floor":3.0,"gold_loss":0.0,"damage_taken":0.0},{"cards_removed":["Strike_G"],"damage_healed":0.0,"max_hp_gain":0.0,"max_hp_loss":0.0,"gold_gain":0.0,"event_name":"Golden Wing","player_choice":"Card Removal","floor":4.0,"gold_loss":0.0,"damage_taken":7.0},{"damage_healed":0.0,"max_hp_gain":0.0,"max_hp_loss":0.0,"gold_gain":0.0,"event_name":"Match and Keep!","player_choice":"0 cards matched","floor":5.0,"gold_loss":0.0,"damage_taken":0.0,"cards_obtained":[]},{"damage_healed":0,"gold_gain":0,"player_choice":"Obtained Book","damage_taken":21,"max_hp_gain":0,"max_hp_loss":0,"event_name":"Cursed Tome","floor":19,"gold_loss":0},{"cards_removed":["Defend_G"],"damage_healed":0,"gold_gain":0,"player_choice":"Gave Gold","damage_taken":0,"max_hp_gain":0,"max_hp_loss":0,"event_name":"Beggar","floor":20,"gold_loss":75},{"damage_healed":0,"gold_gain":0,"player_choice":"Opened","damage_taken":0,"relics_obtained":["Toxic Egg 2"],"max_hp_gain":0,"max_hp_loss":0,"event_name":"The Mausoleum","floor":22,"gold_loss":0,"cards_obtained":["Writhe"]},{"damage_healed":0,"gold_gain":0,"player_choice":"Fight","damage_taken":0,"max_hp_gain":0,"max_hp_loss":0,"event_name":"Colosseum","floor":25,"gold_loss":0},{"damage_healed":0,"gold_gain":0,"player_choice":"Fled From Nobs","damage_taken":0,"max_hp_gain":0,"max_hp_loss":0,"event_name":"Colosseum","floor":25,"gold_loss":0},{"damage_healed":15,"gold_gain":0,"player_choice":"Heal","damage_taken":0,"max_hp_gain":0,"max_hp_loss":0,"event_name":"The Library","floor":30,"gold_loss":0}],"is_beta":true,"boss_relics":[{"not_picked":["HoveringKite","Tiny House"],"picked":"Astrolabe"}],"items_purged_floors":[],"is_endless":false,"potions_floor_spawned":[2,11,12,18,25],"killed_by":"Gremlin Leader","ascension_level":15}