{"gold_per_floor":[119,119,194,4,18,18,48,48,94,94,94,105,115,131,131,228,228,247,263,263,263],"floor_reached":21,"playtime":967,"items_purged":[],"score":286,"play_id":"9ab904ff-da6a-4c6c-85d3-0a297488afdf","local_time":"20180928084151","is_ascension_mode":true,"campfire_choices":[{"data":"Rage","floor":6.0,"key":"SMITH"},{"data":"Perfected Strike","floor":8.0,"key":"SMITH"},{"data":"Infernal Blade","floor":10.0,"key":"SMITH"},{"floor":15.0,"key":"REST"}],"neow_cost":"PERCENT_DAMAGE","seed_source_timestamp":0,"circlet_count":0,"master_deck":["Strike_R","Strike_R+1","Strike_R+1","Strike_R","Defend_R","Defend_R","Defend_R","Defend_R","Bash","AscendersBane","Offering","Infernal Blade+1","Perfected Strike+1","Rage+1","Dropkick","Ghostly Armor","Heavy Blade","Warcry","Whirlwind","Clash","Juggernaut","Clash","Thunderclap","RitualDagger"],"special_seed":0,"relics":["Burning Blood","Oddly Smooth Stone","Prayer Wheel","Whetstone","Eternal Feather"],"potions_floor_usage":[21],"damage_taken":[{"damage":11.0,"enemies":"Small Slimes","floor":1.0,"turns":2.0},{"damage":0.0,"enemies":"Cultist","floor":5.0,"turns":3.0},{"damage":34.0,"enemies":"Gremlin Nob","floor":7.0,"turns":4.0},{"damage":0.0,"enemies":"2 Louse","floor":12.0,"turns":2.0},{"damage":15.0,"enemies":"2 Fungi Beasts","floor":13.0,"turns":4.0},{"damage":0.0,"enemies":"3 Louse","floor":14.0,"turns":4.0},{"damage":27.0,"enemies":"Slime Boss","floor":16.0,"turns":9.0},{"damage":9.0,"enemies":"3 Byrds","floor":18.0,"turns":4.0},{"damage":43.0,"enemies":"Chosen","floor":19.0,"turns":5.0},{"damage":22,"enemies":"3 Cultists","floor":21,"turns":4}],"seed_played":"3209429552477721623","potions_obtained":[{"floor":7.0,"key":"Weak Potion"},{"floor":14.0,"key":"Block Potion"},{"floor":18.0,"key":"PowerPotion"},{"floor":19.0,"key":"SpeedPotion"}],"is_trial":false,"path_per_floor":["M","?","?","$","M","R","E","R","T","R","?","M","M","M","R","B",null,"M","M","?"],"character_chosen":"IRONCLAD","items_purchased":["Oddly Smooth Stone","Perfected Strike"],"campfire_rested":1,"item_purchase_floors":[4,4],"current_hp_per_floor":[46,46,35,35,41,41,13,13,13,13,13,19,10,16,40,19,65,62,25,19,0],"gold":263,"neow_bonus":"THREE_RARE_CARDS","is_prod":false,"is_daily":false,"chose_seed":false,"campfire_upgraded":3,"win_rate":0,"timestamp":1538116911,"path_taken":["M","?","?","$","M","R","E","R","T","R","?","M","M","M","R","BOSS","M","M","?","M"],"build_version":"2018-09-26v2","purchased_purges":0,"victory":false,"max_hp_per_floor":[80,80,80,80,80,80,80,80,80,80,80,80,80,80,80,80,80,80,80,80,80],"card_choices":[{"not_picked":["Impervious","Fiend Fire"],"picked":"Offering","floor":0.0},{"not_picked":["Headbutt","Blood for Blood"],"picked":"Infernal Blade","floor":1.0},{"not_picked":["Bloodletting","Flame Barrier"],"picked":"Rage","floor":5.0},{"not_picked":["Headbutt","Offering"],"picked":"Dropkick","floor":7.0},{"not_picked":["Pommel Strike","Armaments"],"picked":"Ghostly Armor","floor":12.0},{"not_picked":["Armaments","True Grit"],"picked":"Heavy Blade","floor":12.0},{"not_picked":["Pommel Strike","Berserk"],"picked":"Warcry","floor":13.0},{"not_picked":["Anger","Carnage","Sever Soul"],"picked":"SKIP","floor":13.0},{"not_picked":["Rupture","True Grit"],"picked":"Whirlwind","floor":14.0},{"not_picked":["Hemokinesis","Anger"],"picked":"Clash","floor":14.0},{"not_picked":["Double Tap","Brutality"],"picked":"Juggernaut","floor":16.0},{"not_picked":["Havoc","Pommel Strike"],"picked":"Clash","floor":18.0},{"not_picked":["Clothesline","Sever Soul"],"picked":"Thunderclap","floor":18.0},{"not_picked":["Heavy Blade","Anger","Sword Boomerang"],"picked":"SKIP","floor":19.0},{"not_picked":["Anger","Armaments","Thunderclap"],"picked":"SKIP","floor":19.0}],"player_experience":532117,"relics_obtained":[{"floor":7.0,"key":"Prayer Wheel"},{"floor":9.0,"key":"Whetstone"}],"event_choices":[{"event_name":"Purifier","player_choice":"One Purge","floor":2.0,"damage_taken":0.0},{"event_name":"World of Goop","player_choice":"Gather Gold","floor":3.0,"damage_taken":0.0},{"event_name":"Shining Light","player_choice":"Ignored","floor":11.0,"damage_taken":0.0},{"event_name":"Nest","player_choice":"Joined the Cult","floor":20.0,"damage_taken":0.0}],"is_beta":true,"boss_relics":[{"not_picked":["Fusion Hammer","White Beast Statue"],"picked":"Eternal Feather"}],"items_purged_floors":[],"is_endless":false,"potions_floor_spawned":[7,14,18,19],"killed_by":"3 Cultists","ascension_level":12}