{"gold_per_floor":[119,119,135,155,169,179,104,135,135,170,182,207,219,231,243,330,342,370,362],"floor_reached":19,"playtime":497,"items_purged":[],"score":358,"play_id":"95402b52-1bd5-4106-8733-73884e1fe6ff","local_time":"20190216173250","is_ascension_mode":true,"campfire_choices":[{"data":"Immolate","floor":11,"key":"SMITH"},{"data":"Inflame","floor":13,"key":"SMITH"},{"data":"Anger","floor":15,"key":"SMITH"}],"neow_cost":"PERCENT_DAMAGE","seed_source_timestamp":27601854857984,"circlet_count":0,"master_deck":["AscendersBane","Strike_R","Strike_R","Strike_R","Strike_R","Defend_R","Defend_R","Defend_R","Defend_R","Bash","Immolate+1","Twin Strike","Anger+1","Feel No Pain","Shrug It Off","Inflame+1","Shrug It Off","Rampage","Spot Weakness+1","Reaper","Shockwave+1"],"relics":["Burning Blood","PreservedInsect","Toxic Egg 2","MawBank","Black Star"],"potions_floor_usage":[16,18],"damage_taken":[{"damage":0,"enemies":"Small Slimes","floor":1,"turns":2},{"damage":9,"enemies":"Cultist","floor":3,"turns":4},{"damage":4,"enemies":"Jaw Worm","floor":4,"turns":4},{"damage":0,"enemies":"3 Louse","floor":5,"turns":1},{"damage":10,"enemies":"Lots of Slimes","floor":6,"turns":2},{"damage":19,"enemies":"3 Sentries","floor":8,"turns":6},{"damage":7,"enemies":"Lagavulin","floor":10,"turns":5},{"damage":7,"enemies":"Gremlin Gang","floor":12,"turns":3},{"damage":35,"enemies":"Slime Boss","floor":16,"turns":7},{"damage":63,"enemies":"Shell Parasite","floor":18,"turns":7},{"damage":11,"enemies":"2 Thieves","floor":19,"turns":1}],"seed_played":"-2038537692609547222","potions_obtained":[{"floor":1,"key":"LiquidBronze"},{"floor":4,"key":"Regen Potion"},{"floor":10,"key":"Fire Potion"}],"is_trial":false,"path_per_floor":["M","?","M","M","M","M","$","E","T","E","R","M","R","?","R","B",null,"M","M"],"character_chosen":"IRONCLAD","items_purchased":["Inflame"],"campfire_rested":0,"item_purchase_floors":[7],"current_hp_per_floor":[56,56,53,55,61,57,57,44,44,43,43,42,42,47,47,27,67,10,0],"gold":362,"neow_bonus":"THREE_RARE_CARDS","is_prod":false,"is_daily":false,"chose_seed":false,"campfire_upgraded":3,"win_rate":0,"timestamp":1550334770,"path_taken":["M","?","M","M","M","?","$","E","T","E","R","M","R","?","R","BOSS","M","M"],"build_version":"2019-01-23","purchased_purges":0,"victory":false,"max_hp_per_floor":[75,75,75,75,75,75,75,75,75,75,75,75,75,80,80,80,80,80,80],"card_choices":[{"not_picked":["Limit Break","Barricade"],"picked":"Immolate","floor":0},{"not_picked":["Entrench","Warcry","Wild Strike"],"picked":"SKIP","floor":1},{"not_picked":["True Grit","Power Through"],"picked":"Twin Strike","floor":3},{"not_picked":["Sentinel","Searing Blow"],"picked":"Anger","floor":4},{"not_picked":["Dropkick","Wild Strike"],"picked":"Feel No Pain","floor":5},{"not_picked":["Body Slam","Sword Boomerang"],"picked":"Shrug It Off","floor":6},{"not_picked":["Flex","Exhume"],"picked":"Shrug It Off","floor":8},{"not_picked":["Clothesline","Wild Strike"],"picked":"Rampage","floor":10},{"not_picked":["Armaments+1","Combust"],"picked":"Spot Weakness+1","floor":12},{"not_picked":["Berserk","Immolate"],"picked":"Reaper","floor":16},{"not_picked":["Sword Boomerang","Hemokinesis"],"picked":"Shockwave+1","floor":18}],"player_experience":1276174,"relics_obtained":[{"floor":8,"key":"PreservedInsect"},{"floor":9,"key":"Toxic Egg 2"},{"floor":10,"key":"MawBank"}],"event_choices":[{"cards_removed":["Strike_R"],"damage_healed":0,"gold_gain":0,"player_choice":"Purged","damage_taken":0,"max_hp_gain":0,"max_hp_loss":0,"event_name":"Purifier","floor":2,"gold_loss":0},{"damage_healed":0,"gold_gain":0,"player_choice":"Donut","damage_taken":0,"max_hp_gain":5,"max_hp_loss":0,"event_name":"Big Fish","floor":14,"gold_loss":0}],"is_beta":false,"boss_relics":[{"not_picked":["Tiny House","Orrery"],"picked":"Black Star"}],"items_purged_floors":[],"is_endless":false,"potions_floor_spawned":[1,4,10,12],"killed_by":"2 Thieves","ascension_level":20}