{"path_per_floor":["M","M","$","?","M","M","R","M","T","E","?","M","R","E","R","B",null,"M","?","M","$","?","R","M","R","T","M","E","?","E","?","R","B",null,"M","M","$","?","M","R","E","?","T","R","M","M","E","M","R"],"character_chosen":"DEFECT","items_purchased":["Runic Capacitor","Chill","Doom and Gloom","Symbiotic Virus","Mind Blast"],"gold_per_floor":[214,224,25,100,120,133,133,152,176,209,231,249,249,282,282,385,385,400,400,417,261,261,261,280,280,305,325,351,266,296,296,296,398,398,414,429,77,77,95,95,124,124,124,124,141,156,187,202,202,202],"floor_reached":50,"campfire_rested":2,"playtime":2936,"item_purchase_floors":[3,21,21,37,37],"current_hp_per_floor":[75,68,68,57,56,50,50,50,50,46,45,42,42,30,52,15,75,70,54,35,35,75,75,68,68,68,61,52,52,54,54,54,22,75,41,37,37,37,52,52,64,54,54,54,56,37,21,31,55,0],"items_purged":[],"gold":202,"score":657,"play_id":"f8e94556-0ff3-4af7-8489-69fc3c44ffd7","local_time":"20180527005115","is_prod":false,"is_daily":false,"chose_seed":false,"is_ascension_mode":true,"campfire_upgraded":7,"win_rate":0,"timestamp":1527375075,"campfire_choices":[{"data":"Chill","floor":7,"key":"SMITH"},{"data":"Dualcast","floor":13,"key":"SMITH"},{"floor":15,"key":"REST"},{"data":"Chill","floor":23,"key":"SMITH"},{"data":"Double Energy","floor":25,"key":"SMITH"},{"data":"Blizzard","floor":32,"key":"SMITH"},{"data":"Mind Blast","floor":40,"key":"SMITH"},{"data":"Echo Form","floor":44,"key":"SMITH"},{"floor":49,"key":"REST"}],"path_taken":["M","M","$","?","?","M","R","M","T","E","?","M","R","E","R","BOSS","M","?","M","$","?","R","M","R","T","M","E","?","E","?","R","BOSS","M","M","$","?","M","R","E","?","T","R","M","M","E","M","R","BOSS"],"build_version":"2018-05-25","seed_source_timestamp":44040472738607,"purchased_purges":0,"victory":false,"master_deck":["Defend_B","Defend_B","Defend_B","Defend_B","Zap","Dualcast+1","Rip and Tear+1","Double Energy+1","Chill+1","Melter","Sweeping Beam","Beam Cell","Go for the Eyes","Tempest","Thunder Strike","Ball Lightning","Genetic Algorithm","FTL","Ball Lightning","Coolheaded","Sunder+1","Conserve Battery+1","Chill+1","Doom and Gloom","White Noise+1","Self Repair","Beam Cell","Blizzard+1","Bite","Bite","Bite","Bite","Bite","Echo Form+1","Stack+1","Loop+1","Mind Blast+1","Redo","Static Discharge+1","Bandage Up","Dramatic Entrance","Madness+1","Leap+1","Cold Snap+1","Loop+1","Tempest+1"],"max_hp_per_floor":[75,75,75,75,75,75,75,75,75,75,75,75,75,75,75,75,75,75,75,75,75,75,75,75,75,75,75,75,75,75,75,75,75,75,75,75,75,75,80,80,80,80,80,80,80,80,80,80,80,80],"relics":["Cracked Core","Runic Capacitor","Whetstone","Omamori","Odd Mushroom","Vajra","Orrery","Nilry\u0027s Codex","Happy Flower","Thread and Needle","Juzu Bracelet","Cursed Key","Symbiotic Virus","Pen Nib","DataDisk","War Paint"],"card_choices":[{"not_picked":["Chaos","Hologram"],"picked":"Rip and Tear","floor":1},{"not_picked":["Steam","Gash"],"picked":"Double Energy","floor":2},{"not_picked":["Auto Shields","Compile Driver"],"picked":"Chill","floor":5},{"not_picked":["Undo","Turbo"],"picked":"Melter","floor":6},{"not_picked":["Gash","Steam"],"picked":"Skim","floor":8},{"not_picked":["Heatsinks","Static Discharge"],"picked":"Sweeping Beam","floor":10},{"not_picked":["Turbo","Undo"],"picked":"Beam Cell","floor":11},{"not_picked":["Heatsinks","Barrage"],"picked":"Go for the Eyes","floor":12},{"not_picked":["Capacitor","Redo"],"picked":"Tempest","floor":14},{"not_picked":["Seek","Multi-Cast"],"picked":"Thunder Strike","floor":16},{"not_picked":["Heatsinks","Rebound"],"picked":"Ball Lightning","floor":17},{"not_picked":["Turbo","Hologram"],"picked":"Genetic Algorithm","floor":17},{"not_picked":["Go for the Eyes","Stack"],"picked":"FTL","floor":17},{"not_picked":["Compile Driver","Blizzard"],"picked":"Ball Lightning","floor":17},{"not_picked":["Steam","Loop"],"picked":"Coolheaded","floor":17},{"not_picked":["Ball Lightning","Barrage"],"picked":"Sunder+1","floor":18},{"not_picked":["Sweeping Beam","Undo+1"],"picked":"Conserve Battery","floor":20},{"not_picked":["Beam Cell","Sunder"],"picked":"White Noise+1","floor":24},{"not_picked":["All For One","Beam Cell+1"],"picked":"Self Repair","floor":27},{"not_picked":["Stack","Hologram"],"picked":"Beam Cell","floor":28},{"not_picked":["Undo","Force Field"],"picked":"Blizzard","floor":30},{"not_picked":["Hyperbeam","Core Surge"],"picked":"Echo Form","floor":33},{"not_picked":["Conserve Battery","Streamline"],"picked":"Stack+1","floor":35},{"not_picked":["Go for the Eyes","Steam+1"],"picked":"Loop+1","floor":36},{"not_picked":["Rebound","Machine Learning"],"picked":"Redo","floor":39},{"not_picked":["FTL+1","Scrape+1"],"picked":"Static Discharge+1","floor":41},{"not_picked":["Purity","Flash of Steel"],"picked":"Bandage Up","floor":42},{"not_picked":["Blind","Transmutation"],"picked":"Dramatic Entrance","floor":42},{"not_picked":["Panacea","Dark Shackles"],"picked":"Madness","floor":42},{"not_picked":["Redo","Stack"],"picked":"Leap+1","floor":45},{"not_picked":["Echo Form","Rebound+1"],"picked":"Cold Snap+1","floor":46},{"not_picked":["Fusion+1","Barrage+1"],"picked":"Loop+1","floor":47},{"not_picked":["Stack","Redo"],"picked":"Tempest+1","floor":48}],"player_experience":215096,"potions_floor_usage":[10,14,20,28,39,39,47,47,47,50,50],"damage_taken":[{"damage":0,"enemies":"2 Louse","floor":1,"turns":2},{"damage":7,"enemies":"Jaw Worm","floor":2,"turns":3},{"damage":1,"enemies":"Cultist","floor":5,"turns":3},{"damage":6,"enemies":"Looter","floor":6,"turns":2},{"damage":0,"enemies":"Large Slime","floor":8,"turns":3},{"damage":4,"enemies":"3 Sentries","floor":10,"turns":7},{"damage":1,"enemies":"The Mushroom Lair","floor":11,"turns":3},{"damage":3,"enemies":"2 Fungi Beasts","floor":12,"turns":2},{"damage":12,"enemies":"Lagavulin","floor":14,"turns":5},{"damage":37,"enemies":"The Guardian","floor":16,"turns":9},{"damage":5,"enemies":"Chosen","floor":18,"turns":3},{"damage":26,"enemies":"Shell Parasite","floor":20,"turns":4},{"damage":7,"enemies":"Centurion and Healer","floor":24,"turns":4},{"damage":7,"enemies":"Sentry and Sphere","floor":27,"turns":4},{"damage":9,"enemies":"Book of Stabbing","floor":28,"turns":4},{"damage":7,"enemies":"Gremlin Leader","floor":30,"turns":5},{"damage":44,"enemies":"Champ","floor":33,"turns":11},{"damage":43,"enemies":"Flame Bruiser 1 Orb","floor":35,"turns":5},{"damage":8,"enemies":"Orb Walker","floor":36,"turns":3},{"damage":3,"enemies":"Sphere and 2 Shapes","floor":39,"turns":4},{"damage":10,"enemies":"Nemesis","floor":41,"turns":7},{"damage":0,"enemies":"Flame Bruiser 2 Orb","floor":45,"turns":5},{"damage":29,"enemies":"Spire Growth","floor":46,"turns":5},{"damage":33,"enemies":"Giant Head","floor":47,"turns":8},{"damage":5,"enemies":"Transient","floor":48,"turns":5},{"damage":71,"enemies":"Awakened One","floor":50,"turns":7}],"relics_obtained":[{"floor":9,"key":"Whetstone"},{"floor":10,"key":"Omamori"},{"floor":11,"key":"Odd Mushroom"},{"floor":14,"key":"Vajra"},{"floor":19,"key":"Nilry\u0027s Codex"},{"floor":26,"key":"Happy Flower"},{"floor":28,"key":"Thread and Needle"},{"floor":30,"key":"Juzu Bracelet"},{"floor":41,"key":"Pen Nib"},{"floor":43,"key":"DataDisk"},{"floor":47,"key":"War Paint"}],"event_choices":[{"event_name":"World of Goop","player_choice":"Gather Gold","floor":4,"damage_taken":0},{"event_name":"Mushrooms","player_choice":"Fought Mushrooms","floor":11,"damage_taken":0},{"event_name":"Cursed Tome","player_choice":"Obtained Book","floor":19,"damage_taken":0},{"event_name":"Bonfire Elementals","player_choice":"UNCOMMON","floor":22,"damage_taken":0},{"event_name":"Addict","player_choice":"Obtained Relic","floor":29,"damage_taken":0},{"event_name":"Vampires","player_choice":"Became a vampire (Vial)","floor":31,"damage_taken":0},{"event_name":"The Lab","player_choice":"Got Potions","floor":38,"damage_taken":0},{"event_name":"SensoryStone","player_choice":"Memory 3","floor":42,"damage_taken":0}],"boss_relics":[{"not_picked":["White Beast Statue","Astrolabe"],"picked":"Orrery"},{"not_picked":["Snecko Eye","Calling Bell"],"picked":"Cursed Key"}],"items_purged_floors":[],"potions_floor_spawned":[1,2,11,18,24,33,36,41,46,47,48],"seed_played":"5448799009029036135","killed_by":"Awakened One","ascension_level":2,"potions_obtained":[{"floor":1,"key":"Ancient Potion"},{"floor":2,"key":"SpeedPotion"},{"floor":11,"key":"SpeedPotion"},{"floor":18,"key":"PowerPotion"},{"floor":24,"key":"Poison Potion"},{"floor":33,"key":"AttackPotion"},{"floor":36,"key":"Poison Potion"},{"floor":38,"key":"Fruit Juice"},{"floor":41,"key":"SkillPotion"},{"floor":46,"key":"Weak Potion"},{"floor":47,"key":"EssenceOfSteel"},{"floor":48,"key":"FocusPotion"}],"is_trial":false}