{"gold_per_floor":[112,128,128,31,31,69,69,112,138,138,159,179,217,230,230,321,321,335,26,51,76,76,76,109,120,120,153,49,64,74,93,93,93],"floor_reached":33,"playtime":3447,"items_purged":[],"score":768,"play_id":"411d8db2-9a0f-423c-a4b2-98fc8358ae7c","local_time":"20190914184933","is_ascension_mode":true,"campfire_choices":[{"data":"Skewer","floor":7,"key":"SMITH"},{"data":"Crippling Poison","floor":10,"key":"SMITH"},{"data":"Noxious Fumes","floor":15,"key":"SMITH"},{"data":"Adrenaline","floor":23,"key":"SMITH"},{"data":"Crippling Poison","floor":32,"key":"SMITH"}],"neow_cost":"NONE","seed_source_timestamp":36911611706800,"circlet_count":0,"master_deck":["AscendersBane","Strike_G","Strike_G+1","Strike_G","Strike_G+1","Defend_G","Defend_G","Defend_G","Defend_G","Defend_G","Survivor","Neutralize","Expertise","Skewer+1","Noxious Fumes+1","Bane","Flying Knee","Crippling Poison+1","Blade Dance","PiercingWail","Adrenaline+1","Blade Dance","Night Terror","Deadly Poison+1","PiercingWail","Backstab","Corpse Explosion","PiercingWail","Crippling Poison+1","Backflip","Heel Hook","Backflip"],"relics":["Ring of the Snake","NeowsBlessing","Bloody Idol","Happy Flower","InkBottle","Whetstone","Anchor","Sozu","Paper Crane","Potion Belt","Lantern","Oddly Smooth Stone"],"potions_floor_usage":[13,16,33],"damage_taken":[{"damage":0,"enemies":"2 Louse","floor":1,"turns":1},{"damage":0,"enemies":"Jaw Worm","floor":2,"turns":1},{"damage":0,"enemies":"3 Sentries","floor":6,"turns":1},{"damage":17,"enemies":"Lagavulin","floor":8,"turns":6},{"damage":0,"enemies":"Cultist","floor":11,"turns":3},{"damage":3,"enemies":"Looter","floor":12,"turns":3},{"damage":0,"enemies":"Gremlin Nob","floor":13,"turns":2},{"damage":0,"enemies":"3 Louse","floor":14,"turns":2},{"damage":12,"enemies":"Hexaghost","floor":16,"turns":9},{"damage":1,"enemies":"2 Thieves","floor":18,"turns":3},{"damage":0,"enemies":"Chosen","floor":20,"turns":3},{"damage":0,"enemies":"Centurion and Healer","floor":21,"turns":5},{"damage":0,"enemies":"Slavers","floor":24,"turns":2},{"damage":0,"enemies":"3 Cultists","floor":25,"turns":3},{"damage":23,"enemies":"Gremlin Leader","floor":27,"turns":7},{"damage":7,"enemies":"Shelled Parasite and Fungi","floor":29,"turns":5},{"damage":0,"enemies":"Centurion and Healer","floor":30,"turns":3},{"damage":1,"enemies":"Cultist and Chosen","floor":31,"turns":5},{"damage":76,"enemies":"Champ","floor":33,"turns":9}],"seed_played":"-3162408386689380349","potions_obtained":[{"floor":1,"key":"Dexterity Potion"},{"floor":6,"key":"Dexterity Potion"},{"floor":11,"key":"AttackPotion"},{"floor":14,"key":"Weak Potion"},{"floor":16,"key":"FearPotion"}],"is_trial":false,"path_per_floor":["M","M","?","$","?","E","R","E","T","R","M","M","E","M","R","B",null,"M","$","M","M","?","R","E","M","T","E","$","M","M","M","R","B"],"character_chosen":"THE_SILENT","items_purchased":["Noxious Fumes","Bane","Paper Crane","PiercingWail","Crippling Poison","Backflip"],"campfire_rested":0,"item_purchase_floors":[4,4,19,19,28,28],"current_hp_per_floor":[59,59,59,59,52,52,52,35,35,35,35,32,32,32,32,20,50,49,49,49,49,49,49,54,59,59,41,41,39,44,48,48,0],"gold":93,"neow_bonus":"THREE_ENEMY_KILL","is_prod":false,"is_daily":false,"chose_seed":false,"campfire_upgraded":5,"win_rate":0,"timestamp":1568479773,"path_taken":["M","M","?","$","?","E","R","E","T","R","M","M","E","M","R","BOSS","M","$","M","M","?","R","E","M","T","E","$","M","M","M","R","BOSS"],"build_version":"2019-09-12","purchased_purges":0,"victory":false,"max_hp_per_floor":[66,66,60,60,60,60,60,60,60,60,60,60,60,60,60,60,60,60,60,60,60,60,60,60,60,60,60,60,60,60,60,60,60],"card_choices":[{"not_picked":["Accuracy","Prepared"],"picked":"Expertise","floor":1},{"not_picked":["Flying Knee","Infinite Blades"],"picked":"Skewer","floor":2},{"not_picked":["Dodge and Roll","Choke"],"picked":"Flying Knee","floor":6},{"not_picked":["Bane","Acrobatics"],"picked":"Crippling Poison","floor":8},{"not_picked":["Outmaneuver","Underhanded Strike"],"picked":"Blade Dance","floor":11},{"not_picked":["Leg Sweep","Setup"],"picked":"PiercingWail","floor":12},{"not_picked":["Calculated Gamble","Backflip"],"picked":"Adrenaline","floor":13},{"not_picked":["Flying Knee","Slice"],"picked":"Blade Dance","floor":14},{"not_picked":["Phantasmal Killer","Venomology"],"picked":"Night Terror","floor":16},{"not_picked":["Cloak And Dagger","Bane"],"picked":"Deadly Poison+1","floor":18},{"not_picked":["Bane","Flying Knee"],"picked":"Backstab","floor":20},{"not_picked":["Distraction","Dagger Throw"],"picked":"Corpse Explosion","floor":21},{"not_picked":["Bane","Dagger Throw","Distraction"],"picked":"SKIP","floor":24},{"not_picked":["Distraction","Underhanded Strike"],"picked":"PiercingWail","floor":25},{"not_picked":["Flying Knee","PiercingWail","Riddle With Holes"],"picked":"SKIP","floor":27},{"not_picked":["PiercingWail","Acrobatics"],"picked":"Heel Hook","floor":29},{"not_picked":["Corpse Explosion","Outmaneuver","Dagger Throw"],"picked":"SKIP","floor":30},{"not_picked":["Outmaneuver","Caltrops"],"picked":"Backflip","floor":31}],"player_experience":2046785,"relics_obtained":[{"floor":6,"key":"Happy Flower"},{"floor":8,"key":"InkBottle"},{"floor":9,"key":"Whetstone"},{"floor":13,"key":"Anchor"},{"floor":24,"key":"Potion Belt"},{"floor":26,"key":"Lantern"},{"floor":27,"key":"Oddly Smooth Stone"}],"event_choices":[{"damage_healed":0,"gold_gain":0,"player_choice":"Lose Max HP","damage_taken":0,"relics_obtained":["Golden Idol"],"max_hp_gain":0,"max_hp_loss":6,"event_name":"Golden Idol","floor":3,"gold_loss":0},{"cards_removed":["Strike_G"],"damage_healed":0,"gold_gain":0,"player_choice":"Card Removal","damage_taken":7,"max_hp_gain":0,"max_hp_loss":0,"event_name":"Golden Wing","floor":5,"gold_loss":0},{"damage_healed":0,"gold_gain":0,"player_choice":"Gave Idol","damage_taken":0,"relics_obtained":["Bloody Idol"],"max_hp_gain":0,"max_hp_loss":0,"event_name":"Forgotten Altar","floor":22,"relics_lost":["Golden Idol"],"gold_loss":0}],"is_beta":true,"boss_relics":[{"not_picked":["WristBlade","Empty Cage"],"picked":"Sozu"}],"items_purged_floors":[],"is_endless":false,"potions_floor_spawned":[1,6,11,14,16,18,21,24,29],"killed_by":"Champ","ascension_level":20}