{"gold_per_floor":[113,30,30,30,30,58,58,68,95,121,46,65,65,95,95,169,169,189,204,129,139,139,139,169,169,169,202,221,221,231,35,35,111,111,128,182,200,200,212,245,259,294,294,72,104,104,137,137,137,137,137,137,29,61,61],"floor_reached":55,"playtime":2804,"items_purged":["Strike_R","Decay"],"score":1725,"play_id":"43e63e8a-966b-47cb-b21d-c77d265a56eb","local_time":"20181206225919","is_ascension_mode":true,"campfire_choices":[{"data":"Infernal Blade","floor":7.0,"key":"SMITH"},{"data":"Rampage","floor":13.0,"key":"SMITH"},{"data":"Body Slam","floor":15.0,"key":"SMITH"},{"data":"Inflame","floor":23,"key":"SMITH"},{"data":"Feed","floor":25,"key":"SMITH"},{"floor":29,"key":"REST"},{"data":"Limit Break","floor":32,"key":"SMITH"},{"floor":49,"key":"RECALL"},{"data":"Limit Break","floor":52,"key":"SMITH"}],"neow_cost":"NONE","seed_source_timestamp":0,"circlet_count":0,"master_deck":["AscendersBane","Strike_R","Strike_R","Defend_R","Defend_R","Defend_R+1","Defend_R","Bash","Pummel","Shockwave+1","Infernal Blade+1","Body Slam+1","Dropkick","Rampage+1","Ghostly Armor","Feed+1","Carnage","Inflame+1","Carnage+1","Flame Barrier+1","Limit Break+1","Barricade","Heavy Blade","Shrug It Off","Dual Wield+1","Flame Barrier","Sword Boomerang+1","Limit Break+1","Reaper","Sword Boomerang+1","Disarm"],"special_seed":0,"relics":["Burning Blood","NeowsBlessing","Regal Pillow","Anchor","Question Card","Orichalcum","Snecko Eye","FossilizedHelix","The Courier","War Paint","Vajra","Membership Card","Cursed Key","Ice Cream","Art of War","Champion Belt","Paper Frog","Bronze Scales","Happy Flower","Molten Egg 2","Sling","Bag of Preparation"],"potions_floor_usage":[18,24,33,33,45,45,54,55],"damage_taken":[{"damage":0.0,"enemies":"Jaw Worm","floor":1.0,"turns":1.0},{"damage":0.0,"enemies":"3 Sentries","floor":6.0,"turns":2.0},{"damage":0.0,"enemies":"2 Louse","floor":8.0,"turns":1.0},{"damage":22.0,"enemies":"Lagavulin","floor":10.0,"turns":8.0},{"damage":1.0,"enemies":"Cultist","floor":12.0,"turns":3.0},{"damage":43.0,"enemies":"Gremlin Nob","floor":14.0,"turns":4.0},{"damage":14.0,"enemies":"The Guardian","floor":16.0,"turns":12.0},{"damage":7,"enemies":"2 Thieves","floor":18,"turns":3},{"damage":11,"enemies":"Shell Parasite","floor":19,"turns":6},{"damage":0,"enemies":"Chosen and Byrds","floor":21,"turns":3},{"damage":55,"enemies":"Slavers","floor":24,"turns":7},{"damage":21,"enemies":"Book of Stabbing","floor":27,"turns":4},{"damage":0,"enemies":"Cultist and Chosen","floor":28,"turns":5},{"damage":0,"enemies":"Centurion and Healer","floor":30,"turns":4},{"damage":32,"enemies":"Champ","floor":33,"turns":8},{"damage":16,"enemies":"3 Darklings","floor":35,"turns":6},{"damage":7,"enemies":"2 Orb Walkers","floor":36,"turns":4},{"damage":0,"enemies":"Orb Walker","floor":37,"turns":3},{"damage":17,"enemies":"Maw","floor":39,"turns":5},{"damage":30,"enemies":"Nemesis","floor":40,"turns":5},{"damage":27,"enemies":"Transient","floor":41,"turns":6},{"damage":0,"enemies":"Giant Head","floor":42,"turns":5},{"damage":25,"enemies":"Reptomancer","floor":45,"turns":5},{"damage":0,"enemies":"Giant Head","floor":47,"turns":5},{"damage":42,"enemies":"Awakened One","floor":50,"turns":6},{"damage":92,"enemies":"Shield and Spear","floor":54,"turns":8},{"damage":9,"enemies":"The Heart","floor":55,"turns":2}],"seed_played":"8478671143865501275","potions_obtained":[{"floor":6.0,"key":"Energy Potion"},{"floor":8.0,"key":"GamblersBrew"},{"floor":14.0,"key":"Fire Potion"},{"floor":18,"key":"Regen Potion"},{"floor":28,"key":"Swift Potion"},{"floor":39,"key":"Regen Potion"},{"floor":41,"key":"Strength Potion"},{"floor":45,"key":"Dexterity Potion"},{"floor":54,"key":"EssenceOfSteel"}],"is_trial":false,"path_per_floor":["M","$","?","?","?","E","R","M","T","E","$","M","R","E","R","B",null,"M","M","$","M","?","R","E","R","T","E","M","R","M","$","R","B",null,"M","?","M","T","M","E","M","E","T","$","E","?","E","?","R","B",null,"R","$","E","B"],"character_chosen":"IRONCLAD","items_purchased":["Shockwave","Inflame","Membership Card","SkillPotion","Paper Frog","Bronze Scales","Sword Boomerang+1","Sling"],"campfire_rested":1,"item_purchase_floors":[2,20,31,31,44,44,53,53],"current_hp_per_floor":[74,74,67,67,72,78,78,80,80,64,64,69,69,32,32,24,66,68,63,63,72,72,72,26,26,26,11,17,58,68,68,68,42,80,70,73,79,79,68,44,23,29,29,29,15,15,38,38,38,30,80,80,80,8,0],"gold":61,"neow_bonus":"THREE_ENEMY_KILL","is_prod":false,"is_daily":false,"chose_seed":false,"campfire_upgraded":7,"win_rate":0,"timestamp":1544133559,"path_taken":["M","$","?","?","?","E","R","M","T","E","$","M","R","E","R","BOSS","M","M","$","M","?","R","E","R","T","E","M","R","M","?","R","BOSS","M","?","M","?","M","E","M","E","T","$","E","?","E","?","R","BOSS","R","$","E","BOSS"],"build_version":"2018-12-06","purchased_purges":2,"victory":false,"max_hp_per_floor":[75,75,75,75,80,80,80,80,80,80,80,80,80,80,80,80,80,83,83,83,86,86,86,89,89,89,89,89,89,93,93,93,93,93,93,97,97,97,97,97,97,97,97,97,97,97,97,92,92,96,96,96,96,96,96],"card_choices":[{"not_picked":["Headbutt","Cleave"],"picked":"Pummel","floor":1.0},{"not_picked":["Armaments","Metallicize"],"picked":"Infernal Blade","floor":6.0},{"not_picked":["Entrench","Fire Breathing"],"picked":"Body Slam","floor":8.0},{"not_picked":["Twin Strike","Flex"],"picked":"Dropkick","floor":10.0},{"not_picked":["Bloodletting","Juggernaut","Sentinel"],"picked":"Rampage","floor":12.0},{"not_picked":["Pummel","Body Slam","Sentinel"],"picked":"Ghostly Armor","floor":14.0},{"not_picked":["Berserk","Immolate","Barricade"],"picked":"Feed","floor":16.0},{"not_picked":["Sword Boomerang","Body Slam","Ghostly Armor","Perfected Strike+1"],"picked":"SKIP","floor":18},{"not_picked":["Cleave","Flex","Rage"],"picked":"Carnage","floor":19},{"not_picked":["Anger","Sword Boomerang","Flex"],"picked":"Carnage+1","floor":21},{"not_picked":["Pommel Strike","Dual Wield","Anger"],"picked":"Flame Barrier","floor":24},{"not_picked":["Feel No Pain","Shrug It Off","Blood for Blood"],"picked":"Limit Break","floor":27},{"not_picked":["Perfected Strike","Hemokinesis","Iron Wave","Twin Strike"],"picked":"SKIP","floor":28},{"not_picked":["Clash","Whirlwind","Headbutt+1","Shockwave"],"picked":"SKIP","floor":30},{"not_picked":["Berserk","Fiend Fire","Feed"],"picked":"Barricade","floor":33},{"not_picked":["Clothesline","Wild Strike","Searing Blow","Thunderclap+1"],"picked":"SKIP","floor":35},{"not_picked":["Clothesline","Wild Strike","Searing Blow","Thunderclap+1"],"picked":"SKIP","floor":35},{"not_picked":["Seeing Red","Clash","True Grit"],"picked":"Heavy Blade","floor":36},{"not_picked":["Metallicize+1","Armaments","Warcry"],"picked":"Shrug It Off","floor":37},{"not_picked":["Armaments","Clothesline","Flame Barrier"],"picked":"Dual Wield+1","floor":39},{"not_picked":["True Grit","Feel No Pain+1","Battle Trance"],"picked":"Flame Barrier","floor":40},{"not_picked":["Perfected Strike","Shrug It Off","Feel No Pain"],"picked":"Sword Boomerang+1","floor":41},{"not_picked":["Rupture","Perfected Strike+1","Sword Boomerang"],"picked":"Limit Break","floor":42},{"not_picked":["Feel No Pain","Perfected Strike+1","Rupture+1"],"picked":"Reaper","floor":45},{"not_picked":["Clothesline","Body Slam","Cleave","Armaments"],"picked":"SKIP","floor":47},{"not_picked":["Pommel Strike+1","Cleave+1","Metallicize"],"picked":"Disarm","floor":54}],"player_experience":972710,"relics_obtained":[{"floor":6.0,"key":"Regal Pillow"},{"floor":9.0,"key":"Anchor"},{"floor":10.0,"key":"Question Card"},{"floor":14.0,"key":"Orichalcum"},{"floor":24,"key":"The Courier"},{"floor":26,"key":"War Paint"},{"floor":27,"key":"Vajra"},{"floor":36,"key":"Ice Cream"},{"floor":40,"key":"Art of War"},{"floor":42,"key":"Champion Belt"},{"floor":45,"key":"Happy Flower"},{"floor":47,"key":"Molten Egg 2"},{"floor":54,"key":"Bag of Preparation"}],"event_choices":[{"cards_removed":["Strike_R"],"damage_healed":0.0,"max_hp_gain":0.0,"max_hp_loss":0.0,"gold_gain":0.0,"event_name":"Golden Wing","player_choice":"Card Removal","floor":3.0,"gold_loss":0.0,"damage_taken":7.0},{"damage_healed":0.0,"max_hp_gain":0.0,"max_hp_loss":0.0,"gold_gain":0.0,"event_name":"Living Wall","player_choice":"Grow","floor":4.0,"gold_loss":0.0,"damage_taken":0.0,"cards_upgraded":["Shockwave"]},{"damage_healed":0.0,"max_hp_gain":5.0,"max_hp_loss":0.0,"gold_gain":0.0,"event_name":"Big Fish","player_choice":"Donut","floor":5.0,"gold_loss":0.0,"damage_taken":0.0},{"damage_healed":0,"gold_gain":0,"player_choice":"Gave Potion","damage_taken":0,"relics_obtained":["FossilizedHelix"],"max_hp_gain":0,"max_hp_loss":0,"event_name":"WeMeetAgain","floor":22,"gold_loss":0},{"damage_healed":0,"gold_gain":0,"player_choice":"Fight","damage_taken":0,"max_hp_gain":0,"max_hp_loss":0,"event_name":"Mysterious Sphere","floor":36,"gold_loss":0},{"cards_removed":["Strike_R"],"damage_healed":0,"gold_gain":0,"player_choice":"Removed Attack","damage_taken":0,"max_hp_gain":0,"max_hp_loss":0,"event_name":"Falling","floor":46,"gold_loss":0},{"damage_healed":0,"gold_gain":0,"player_choice":"Max HP","damage_taken":0,"max_hp_gain":0,"max_hp_loss":5,"event_name":"Winding Halls","floor":48,"gold_loss":0}],"is_beta":true,"boss_relics":[{"not_picked":["Black Star","Ectoplasm"],"picked":"Snecko Eye"},{"not_picked":["White Beast Statue","Lizard Tail"],"picked":"Cursed Key"}],"items_purged_floors":[11,44],"is_endless":false,"potions_floor_spawned":[6,8,14,18,19,28,39,41,45,54],"killed_by":"The Heart","ascension_level":17}