{"gold_per_floor":[115,115,56,69,89,122,138,153,178,239,266,278,321,352,364,454,466,490,517,96,96,110,110,110],"floor_reached":24,"playtime":901,"items_purged":["Strike_B"],"score":520,"play_id":"ebc79a4b-9ffc-4702-b990-20c9409d39f6","local_time":"20190603092231","is_ascension_mode":true,"campfire_choices":[{"data":"Reinforced Body","floor":12.0,"key":"SMITH"},{"floor":15.0,"key":"REST"},{"floor":23,"key":"REST"}],"neow_cost":"NONE","seed_source_timestamp":0,"circlet_count":0,"master_deck":["AscendersBane","Strike_B+1","Strike_B+1","Defend_B+1","Defend_B+1","Defend_B+1","Defend_B+1","Zap+1","Dualcast","Cold Snap","Ball Lightning","Melter","Coolheaded","Barrage","Reinforced Body+1","Ball Lightning","Coolheaded","Ball Lightning","BootSequence","Fission","Coolheaded","Heatsinks"],"special_seed":0,"relics":["Cracked Core","DataDisk","Vajra","MawBank","Happy Flower","Snecko Eye","Mummified Hand"],"potions_floor_usage":[24],"damage_taken":[{"damage":7.0,"enemies":"Small Slimes","floor":1.0,"turns":6.0},{"damage":0.0,"enemies":"Jaw Worm","floor":4.0,"turns":3.0},{"damage":0.0,"enemies":"Cultist","floor":5.0,"turns":3.0},{"damage":16.0,"enemies":"Lagavulin","floor":6.0,"turns":7.0},{"damage":1.0,"enemies":"2 Fungi Beasts","floor":7.0,"turns":2.0},{"damage":12.0,"enemies":"Exordium Wildlife","floor":8.0,"turns":4.0},{"damage":0.0,"enemies":"Gremlin Nob","floor":10.0,"turns":2.0},{"damage":8.0,"enemies":"Exordium Thugs","floor":11.0,"turns":4.0},{"damage":2.0,"enemies":"3 Sentries","floor":13.0,"turns":5.0},{"damage":0.0,"enemies":"Blue Slaver","floor":14.0,"turns":2.0},{"damage":0.0,"enemies":"Slime Boss","floor":16.0,"turns":6.0},{"damage":17,"enemies":"Shell Parasite","floor":18,"turns":4},{"damage":14,"enemies":"2 Thieves","floor":19,"turns":4},{"damage":0,"enemies":"Shelled Parasite and Fungi","floor":22,"turns":5},{"damage":58,"enemies":"Gremlin Leader","floor":24,"turns":8}],"seed_played":"-4580861833297749149","potions_obtained":[{"floor":4.0,"key":"SpeedPotion"},{"floor":5.0,"key":"FearPotion"},{"floor":6.0,"key":"Fire Potion"},{"floor":16.0,"key":"Block Potion"},{"floor":19,"key":"Fire Potion"}],"is_trial":false,"path_per_floor":["M","?","$","M","M","E","M","M","T","?","M","R","E","M","R","B",null,"M","M","$","?","M","R","E"],"character_chosen":"DEFECT","items_purchased":["Ball Lightning","Mummified Hand","Heatsinks"],"campfire_rested":2,"item_purchase_floors":[3,20,20],"current_hp_per_floor":[57,57,57,57,57,41,40,28,28,28,20,20,18,18,39,39,63,46,32,32,32,32,53,0],"gold":110,"neow_bonus":"REMOVE_CARD","is_prod":false,"is_daily":false,"chose_seed":false,"campfire_upgraded":1,"win_rate":0,"timestamp":1559546551,"path_taken":["M","?","$","M","M","E","M","M","T","?","M","R","E","M","R","BOSS","M","M","$","?","M","R","E"],"build_version":"2019-01-23","purchased_purges":1,"victory":false,"max_hp_per_floor":[71,71,71,71,71,71,71,71,71,71,71,71,71,71,71,71,71,71,71,71,71,71,71,71],"card_choices":[{"not_picked":["Stack","Storm"],"picked":"Cold Snap","floor":1.0},{"not_picked":["Leap","Streamline"],"picked":"Melter","floor":4.0},{"not_picked":["Turbo","White Noise"],"picked":"Coolheaded","floor":5.0},{"not_picked":["Amplify","Double Energy"],"picked":"Barrage","floor":6.0},{"not_picked":["Sweeping Beam","Streamline"],"picked":"Reinforced Body","floor":7.0},{"not_picked":["Stack","Heatsinks"],"picked":"Ball Lightning","floor":8.0},{"not_picked":["Hello World","Sweeping Beam"],"picked":"Coolheaded","floor":10.0},{"not_picked":["Redo","White Noise"],"picked":"Ball Lightning","floor":11.0},{"not_picked":["Consume","Beam Cell"],"picked":"BootSequence","floor":13.0},{"not_picked":["Barrage","Leap","Steam"],"picked":"SKIP","floor":14.0},{"not_picked":["Meteor Strike","Seek"],"picked":"Fission","floor":16.0},{"not_picked":["Hologram","Conserve Battery","Sweeping Beam"],"picked":"SKIP","floor":18},{"not_picked":["Leap","Heatsinks"],"picked":"Coolheaded","floor":19},{"not_picked":["Barrage","Skim","Stack"],"picked":"SKIP","floor":22}],"player_experience":1713694,"relics_obtained":[{"floor":6.0,"key":"DataDisk"},{"floor":9.0,"key":"Vajra"},{"floor":10.0,"key":"MawBank"},{"floor":13.0,"key":"Happy Flower"}],"event_choices":[{"damage_healed":0.0,"max_hp_gain":0.0,"max_hp_loss":0.0,"gold_gain":0.0,"event_name":"Living Wall","player_choice":"Grow","floor":2.0,"gold_loss":0.0,"damage_taken":0.0,"cards_upgraded":["Zap"]},{"damage_healed":0.0,"max_hp_gain":0.0,"max_hp_loss":0.0,"gold_gain":30.0,"event_name":"Dead Adventurer","player_choice":"Searched \u00273\u0027 times","floor":10.0,"gold_loss":0.0,"damage_taken":0.0},{"damage_healed":0,"gold_gain":0,"player_choice":"Simplicity","damage_taken":0,"max_hp_gain":0,"max_hp_loss":0,"event_name":"Back to Basics","floor":21,"gold_loss":0,"cards_upgraded":["Strike_B","Strike_B","Defend_B","Defend_B","Defend_B","Defend_B"]}],"is_beta":false,"boss_relics":[{"not_picked":["Cursed Key","White Beast Statue"],"picked":"Snecko Eye"}],"items_purged_floors":[20],"is_endless":false,"potions_floor_spawned":[4,5,6,16,19],"killed_by":"Gremlin Leader","ascension_level":20}