{"gold_per_floor":[115,134,134,144,66,96,96,128,128,145,145,145,145,171,171,242,242,213,213,98,117,67,67,67],"floor_reached":24,"playtime":832,"items_purged":["Strike_R"],"score":424,"play_id":"1902bedd-3655-402d-9270-72de84ed1ea0","local_time":"20190211105221","is_ascension_mode":true,"campfire_choices":[{"data":"Inflame","floor":7,"key":"SMITH"},{"floor":12,"key":"REST"},{"data":"True Grit","floor":15,"key":"SMITH"},{"data":"Rampage","floor":23,"key":"SMITH"}],"neow_cost":"NONE","seed_source_timestamp":4072372935326,"circlet_count":0,"master_deck":["AscendersBane","Strike_R+1","Strike_R","Strike_R","Strike_R","Defend_R","Defend_R","Defend_R","Defend_R","Bash+1","Anger","True Grit+1","Uppercut+1","Inflame+1","Shrug It Off","Rampage+1","Power Through+1","Exhume+1","True Grit+1","Seeing Red+1"],"relics":["Burning Blood","Meat on the Bone","Mummified Hand","Singing Bowl","Toxic Egg 2","Runic Pyramid","Enchiridion","Juzu Bracelet"],"potions_floor_usage":[16,21,24],"damage_taken":[{"damage":8,"enemies":"2 Louse","floor":1,"turns":3},{"damage":1,"enemies":"Small Slimes","floor":2,"turns":4},{"damage":14,"enemies":"Jaw Worm","floor":4,"turns":4},{"damage":32,"enemies":"Gremlin Nob","floor":6,"turns":4},{"damage":30,"enemies":"Lagavulin","floor":8,"turns":7},{"damage":0,"enemies":"Looter","floor":10,"turns":4},{"damage":25,"enemies":"3 Sentries","floor":14,"turns":7},{"damage":30,"enemies":"The Guardian","floor":16,"turns":10},{"damage":15,"enemies":"2 Thieves","floor":18,"turns":4},{"damage":4,"enemies":"3 Byrds","floor":21,"turns":5},{"damage":66,"enemies":"Slavers","floor":24,"turns":4}],"seed_played":"-4666767399828176519","potions_obtained":[{"floor":0,"key":"LiquidBronze"},{"floor":0,"key":"Explosive Potion"},{"floor":16,"key":"SkillPotion"}],"is_trial":false,"path_per_floor":["M","M","?","M","$","E","R","E","T","M","?","R","?","E","R","B",null,"M","?","$","M","?","R","E"],"character_chosen":"IRONCLAD","items_purchased":["Inflame","Seeing Red+1"],"campfire_rested":1,"item_purchase_floors":[5,20],"current_hp_per_floor":[66,71,71,63,63,37,37,25,25,43,20,42,47,40,40,28,67,58,37,37,53,53,53,0],"gold":67,"neow_bonus":"THREE_SMALL_POTIONS","is_prod":false,"is_daily":false,"chose_seed":false,"campfire_upgraded":3,"win_rate":0,"timestamp":1549878741,"path_taken":["M","M","?","M","$","E","R","E","T","M","?","R","?","E","R","BOSS","M","?","?","M","?","R","E"],"build_version":"2019-01-23","purchased_purges":1,"victory":false,"max_hp_per_floor":[75,75,75,75,75,75,75,75,75,75,75,75,80,80,80,80,80,80,80,80,82,82,82,82],"card_choices":[{"not_picked":["True Grit","Second Wind"],"picked":"Anger","floor":1},{"not_picked":["Wild Strike","Havoc"],"picked":"True Grit","floor":2},{"not_picked":["Flex","Whirlwind"],"picked":"Uppercut","floor":4},{"not_picked":["Havoc","Sever Soul","Wild Strike"],"picked":"SKIP","floor":6},{"not_picked":["Anger","Twin Strike"],"picked":"Shrug It Off","floor":8},{"not_picked":["Perfected Strike","Thunderclap"],"picked":"Rampage","floor":10},{"not_picked":["Uppercut","Intimidate"],"picked":"Power Through","floor":14},{"not_picked":["Dark Embrace","Juggernaut"],"picked":"Exhume+1","floor":16},{"not_picked":["Warcry+1","Clash"],"picked":"True Grit+1","floor":18},{"not_picked":["Perfected Strike","Rupture","Anger"],"picked":"Singing Bowl","floor":21}],"player_experience":1235627,"relics_obtained":[{"floor":6,"key":"Meat on the Bone"},{"floor":8,"key":"Mummified Hand"},{"floor":9,"key":"Singing Bowl"},{"floor":14,"key":"Toxic Egg 2"},{"floor":19,"key":"Enchiridion"}],"event_choices":[{"damage_healed":0,"gold_gain":0,"player_choice":"Grow","damage_taken":0,"max_hp_gain":0,"max_hp_loss":0,"event_name":"Living Wall","floor":3,"gold_loss":0,"cards_upgraded":["Bash"]},{"damage_healed":0,"gold_gain":0,"player_choice":"Entered Light","damage_taken":23,"max_hp_gain":0,"max_hp_loss":0,"event_name":"Shining Light","floor":11,"gold_loss":0,"cards_upgraded":["Strike_R","Uppercut"]},{"damage_healed":0,"gold_gain":0,"player_choice":"Donut","damage_taken":0,"max_hp_gain":5,"max_hp_loss":0,"event_name":"Big Fish","floor":13,"gold_loss":0},{"damage_healed":0,"gold_gain":0,"player_choice":"Obtained Book","damage_taken":21,"max_hp_gain":0,"max_hp_loss":0,"event_name":"Cursed Tome","floor":19,"gold_loss":0},{"damage_healed":0,"gold_gain":0,"player_choice":"Paid Gold","damage_taken":0,"relics_obtained":["Juzu Bracelet"],"max_hp_gain":0,"max_hp_loss":0,"event_name":"WeMeetAgain","floor":22,"gold_loss":50}],"is_beta":false,"boss_relics":[{"not_picked":["Velvet Choker","Tiny House"],"picked":"Runic Pyramid"}],"items_purged_floors":[20],"is_endless":false,"potions_floor_spawned":[2,4,14,16],"killed_by":"Slavers","ascension_level":20}