{"gold_per_floor":[115,265,265,190,190,220,234,234,288,307,333,352,384,404,404,476,476,476,476,476,34,34,34,34,34,34,34,34,34,34,34,34,34,34,34,34,34,34,34,34,34,34,34,34,34],"floor_reached":45,"playtime":1606,"items_purged":[],"score":1056,"play_id":"b8bfa82b-bf1f-41fc-a8f4-cc82e9925305","local_time":"20190228111042","is_ascension_mode":true,"campfire_choices":[{"data":"Bash","floor":8,"key":"SMITH"},{"data":"Metallicize","floor":15,"key":"SMITH"},{"data":"Fiend Fire","floor":23,"key":"SMITH"},{"data":"J.A.X.","floor":27,"key":"SMITH"},{"floor":29,"key":"REST"},{"data":"Limit Break","floor":32,"key":"SMITH"}],"neow_cost":"NONE","seed_source_timestamp":6822886462603,"circlet_count":0,"master_deck":["AscendersBane","Strike_R+1","Strike_R+1","Strike_R+1","Strike_R+1","Strike_R+1","Defend_R+1","Defend_R+1","Defend_R+1","Defend_R+1","Bash+1","Carnage+1","Thunderclap","Twin Strike","Metallicize+1","Shrug It Off","Offering","Battle Trance","Fiend Fire+1","Shrug It Off","Havoc","J.A.X.+1","Shockwave+1","Reckless Charge+1","Limit Break+1","Exhume","Heavy Blade+1","Power Through","Anger+1","Power Through+1","Feed","Shame"],"relics":["Burning Blood","NeowsBlessing","Centennial Puzzle","Orichalcum","War Paint","Regal Pillow","Question Card","Ectoplasm","Charon\u0027s Ashes","Turnip","Blue Candle","StoneCalendar","Cursed Key","Unceasing Top","PreservedInsect"],"potions_floor_usage":[14,31,45],"damage_taken":[{"damage":0,"enemies":"Cultist","floor":1,"turns":1},{"damage":0,"enemies":"Gremlin Nob","floor":6,"turns":1},{"damage":0,"enemies":"Jaw Worm","floor":7,"turns":1},{"damage":0,"enemies":"2 Louse","floor":10,"turns":3},{"damage":18,"enemies":"Lagavulin","floor":11,"turns":5},{"damage":0,"enemies":"2 Fungi Beasts","floor":12,"turns":3},{"damage":6,"enemies":"3 Sentries","floor":13,"turns":9},{"damage":0,"enemies":"Exordium Wildlife","floor":14,"turns":2},{"damage":54,"enemies":"Slime Boss","floor":16,"turns":13},{"damage":8,"enemies":"Chosen","floor":18,"turns":3},{"damage":13,"enemies":"Shell Parasite","floor":20,"turns":3},{"damage":14,"enemies":"Slavers","floor":24,"turns":5},{"damage":15,"enemies":"Sentry and Sphere","floor":28,"turns":4},{"damage":1,"enemies":"Centurion and Healer","floor":30,"turns":5},{"damage":11,"enemies":"Book of Stabbing","floor":31,"turns":4},{"damage":64,"enemies":"Collector","floor":33,"turns":7},{"damage":3,"enemies":"Orb Walker","floor":35,"turns":1},{"damage":1,"enemies":"3 Shapes","floor":36,"turns":3},{"damage":9,"enemies":"Mind Bloom Boss Battle","floor":37,"turns":1},{"damage":17,"enemies":"Transient","floor":39,"turns":6},{"damage":43,"enemies":"Nemesis","floor":40,"turns":5},{"damage":2,"enemies":"4 Shapes","floor":42,"turns":6},{"damage":17,"enemies":"Spire Growth","floor":44,"turns":4},{"damage":18,"enemies":"Transient","floor":45,"turns":5}],"seed_played":"2762829566953366422","potions_obtained":[{"floor":7,"key":"LiquidBronze"},{"floor":10,"key":"EssenceOfSteel"},{"floor":11,"key":"Poison Potion"},{"floor":18,"key":"PowerPotion"},{"floor":31,"key":"Fire Potion"},{"floor":42,"key":"EssenceOfSteel"}],"is_trial":false,"path_per_floor":["M","?","?","?","?","E","M","R","T","M","E","M","E","M","R","B",null,"M","?","M","$","?","R","E","$","T","R","M","R","M","E","R","B",null,"M","M","?","?","M","E","?","M","T","M","M"],"character_chosen":"IRONCLAD","items_purchased":["Charon\u0027s Ashes","Shrug It Off","Havoc"],"campfire_rested":1,"item_purchase_floors":[21,21,21],"current_hp_per_floor":[74,74,63,63,40,46,52,52,52,58,46,52,52,58,58,10,59,57,57,50,50,50,50,42,42,42,42,33,70,75,70,70,12,59,62,67,64,64,53,16,16,20,20,9,0],"gold":34,"neow_bonus":"THREE_ENEMY_KILL","is_prod":false,"is_daily":false,"chose_seed":false,"campfire_upgraded":5,"win_rate":0,"timestamp":1551348642,"path_taken":["M","?","?","?","?","E","M","R","T","M","E","M","E","?","R","BOSS","M","?","M","$","?","R","E","$","T","R","M","R","M","E","R","BOSS","M","M","?","?","M","E","?","M","T","M","M"],"build_version":"2019-01-23","purchased_purges":0,"victory":false,"max_hp_per_floor":[75,75,75,75,75,75,75,75,75,75,75,75,75,75,75,75,75,75,75,75,75,75,75,75,75,75,75,75,75,75,75,75,75,75,75,75,75,71,71,71,71,71,71,71,71],"card_choices":[{"not_picked":["Armaments","Reckless Charge"],"picked":"Carnage","floor":1},{"not_picked":["Burning Pact","Wild Strike"],"picked":"Thunderclap","floor":6},{"not_picked":["Barricade","Clash","Flex"],"picked":"SKIP","floor":7},{"not_picked":["Rupture","Bloodletting"],"picked":"Twin Strike","floor":10},{"not_picked":["Headbutt","Dropkick"],"picked":"Metallicize","floor":11},{"not_picked":["Body Slam","Cleave"],"picked":"Shrug It Off","floor":12},{"not_picked":["Havoc","Anger"],"picked":"Offering","floor":13},{"not_picked":["Twin Strike","Bloodletting","Warcry"],"picked":"Battle Trance","floor":14},{"not_picked":["Berserk","Dark Embrace","Brutality"],"picked":"Fiend Fire","floor":16},{"not_picked":["Clash","Sword Boomerang+1","Searing Blow","Pommel Strike"],"picked":"SKIP","floor":18},{"not_picked":["Body Slam","Entrench","True Grit","Sword Boomerang"],"picked":"SKIP","floor":20},{"not_picked":["Entrench","Clash","Havoc"],"picked":"Shockwave+1","floor":24},{"not_picked":["Cleave","Reckless Charge+1","Rupture","Armaments"],"picked":"SKIP","floor":28},{"not_picked":["Cleave","Rupture","Armaments"],"picked":"Reckless Charge+1","floor":28},{"not_picked":["Wild Strike","Rage","Body Slam","Searing Blow"],"picked":"SKIP","floor":30},{"not_picked":["Heavy Blade","Iron Wave","Perfected Strike+1"],"picked":"Limit Break","floor":31},{"not_picked":["Brutality","Immolate","Demon Form"],"picked":"Exhume","floor":33},{"not_picked":["Entrench","Wild Strike","Clash"],"picked":"Heavy Blade+1","floor":35},{"not_picked":["Spot Weakness","Flex+1","Clash"],"picked":"Power Through","floor":36},{"not_picked":["Sword Boomerang","Evolve+1","Flex+1"],"picked":"Anger+1","floor":37},{"not_picked":["Clothesline","Iron Wave","Body Slam","Whirlwind"],"picked":"SKIP","floor":39},{"not_picked":["Reckless Charge","Flex+1","Headbutt"],"picked":"Power Through+1","floor":40},{"not_picked":["Ghostly Armor","True Grit","Burning Pact"],"picked":"Feed","floor":42},{"not_picked":["Searing Blow","Anger","Clash","Rupture+1"],"picked":"SKIP","floor":44}],"player_experience":1343309,"relics_obtained":[{"floor":6,"key":"Orichalcum"},{"floor":9,"key":"War Paint"},{"floor":11,"key":"Regal Pillow"},{"floor":13,"key":"Question Card"},{"floor":24,"key":"Turnip"},{"floor":26,"key":"Blue Candle"},{"floor":31,"key":"StoneCalendar"},{"floor":37,"key":"Unceasing Top"},{"floor":40,"key":"PreservedInsect"}],"event_choices":[{"damage_healed":0,"gold_gain":150,"player_choice":"AGREE","damage_taken":0,"max_hp_gain":0,"max_hp_loss":0,"event_name":"Liars Game","floor":2,"gold_loss":0,"cards_obtained":["Doubt"]},{"damage_healed":0,"gold_gain":0,"player_choice":"Success","damage_taken":11,"relics_obtained":["Centennial Puzzle"],"max_hp_gain":0,"max_hp_loss":0,"event_name":"Scrap Ooze","floor":3,"gold_loss":0},{"cards_removed":["Doubt"],"damage_healed":0,"gold_gain":0,"player_choice":"Card Removal","damage_taken":0,"max_hp_gain":0,"max_hp_loss":0,"event_name":"The Cleric","floor":4,"gold_loss":75},{"damage_healed":0,"gold_gain":0,"player_choice":"Entered Light","damage_taken":23,"max_hp_gain":0,"max_hp_loss":0,"event_name":"Shining Light","floor":5,"gold_loss":0,"cards_upgraded":["Defend_R","Carnage"]},{"damage_healed":0,"gold_gain":0,"player_choice":"Simplicity","damage_taken":0,"max_hp_gain":0,"max_hp_loss":0,"event_name":"Back to Basics","floor":19,"gold_loss":0,"cards_upgraded":["Strike_R","Strike_R","Strike_R","Strike_R","Strike_R","Defend_R"]},{"damage_healed":0,"gold_gain":0,"player_choice":"Obtain J.A.X.","damage_taken":0,"max_hp_gain":0,"max_hp_loss":0,"event_name":"Drug Dealer","floor":22,"gold_loss":0,"cards_obtained":["J.A.X."]},{"damage_healed":0,"gold_gain":0,"player_choice":"Fight","damage_taken":0,"max_hp_gain":0,"max_hp_loss":0,"event_name":"MindBloom","floor":37,"gold_loss":0},{"damage_healed":0,"gold_gain":0,"player_choice":"Max HP","damage_taken":0,"max_hp_gain":0,"max_hp_loss":4,"event_name":"Winding Halls","floor":38,"gold_loss":0},{"damage_healed":0,"gold_gain":0,"player_choice":"Ignored","damage_taken":0,"max_hp_gain":0,"max_hp_loss":0,"event_name":"Mysterious Sphere","floor":41,"gold_loss":0}],"is_beta":false,"boss_relics":[{"not_picked":["Black Blood","Fusion Hammer"],"picked":"Ectoplasm"},{"not_picked":["Coffee Dripper","Pandora\u0027s Box"],"picked":"Cursed Key"}],"items_purged_floors":[],"is_endless":false,"potions_floor_spawned":[7,10,11,12,18,20,31,33,39,40,42],"killed_by":"Transient","ascension_level":20}