{"gold_per_floor":[117,131,145,160,160,199,199,218,241,241,266,266,310,310,310,440,440,453,453,453,96,21,21,48,48,102,102,135,154,154,104,104,208,208,224,244,264,264,264,264,281,281,349,349,377,387,387,400,400,400],"floor_reached":51,"playtime":5467,"items_purged":["Defend_G","Defend_G"],"score":823,"play_id":"b12aefce-3d78-49b4-ae65-c9b19a3f64b3","local_time":"20190930005923","is_ascension_mode":true,"campfire_choices":[{"data":"Footwork","floor":7.0,"key":"SMITH"},{"floor":10.0,"key":"REST"},{"data":"Die Die Die","floor":12.0,"key":"SMITH"},{"data":"Deadly Poison","floor":15.0,"key":"SMITH"},{"data":"Malaise","floor":23.0,"key":"SMITH"},{"data":"Sucker Punch","floor":25.0,"key":"SMITH"},{"floor":27.0,"key":"REST"},{"data":"Bouncing Flask","floor":30.0,"key":"SMITH"},{"floor":32.0,"key":"REST"},{"data":"Catalyst","floor":40.0,"key":"SMITH"},{"data":"Crippling Poison","floor":42.0,"key":"SMITH"},{"data":"Leg Sweep","floor":44.0,"key":"SMITH"},{"data":"Backflip","floor":49.0,"key":"SMITH"}],"neow_cost":"NONE","seed_source_timestamp":1820303934796455,"circlet_count":0,"master_deck":["Strike_G","Strike_G","Defend_G","Defend_G","Defend_G","Survivor","Neutralize","Dash","Deadly Poison+1","Footwork+1","Catalyst+1","Die Die Die+1","Sucker Punch+1","Malaise+1","Night Terror","RitualDagger","Catalyst+1","Bouncing Flask+1","Leg Sweep+1","Corpse Explosion","Calculated Gamble+1","PiercingWail+1","Bouncing Flask","Crippling Poison+1","Flying Knee+1","Outmaneuver","Backflip+1"],"special_seed":0,"relics":["Ring of the Serpent","Bloody Idol","Turnip","Smiling Mask","Potion Belt","Snecko Eye","Prayer Wheel","Oddly Smooth Stone","Centennial Puzzle","Nunchaku","Sundial","Meat on the Bone"],"potions_floor_usage":[50,50],"damage_taken":[{"damage":0.0,"enemies":"Cultist","floor":1.0,"turns":4.0},{"damage":0.0,"enemies":"2 Louse","floor":2.0,"turns":2.0},{"damage":0.0,"enemies":"Jaw Worm","floor":3.0,"turns":4.0},{"damage":9.0,"enemies":"Exordium Wildlife","floor":4.0,"turns":6.0},{"damage":18.0,"enemies":"Gremlin Nob","floor":6.0,"turns":5.0},{"damage":9.0,"enemies":"3 Louse","floor":8.0,"turns":2.0},{"damage":0.0,"enemies":"Large Slime","floor":11.0,"turns":6.0},{"damage":10.0,"enemies":"3 Sentries","floor":13.0,"turns":6.0},{"damage":0.0,"enemies":"The Guardian","floor":16.0,"turns":11.0},{"damage":2.0,"enemies":"Shell Parasite","floor":18.0,"turns":6.0},{"damage":46.0,"enemies":"Slavers","floor":24.0,"turns":5.0},{"damage":47.0,"enemies":"Gremlin Leader","floor":28.0,"turns":8.0},{"damage":7.0,"enemies":"Spheric Guardian","floor":29.0,"turns":4.0},{"damage":28.0,"enemies":"Collector","floor":33.0,"turns":3.0},{"damage":8.0,"enemies":"Orb Walker","floor":35.0,"turns":3.0},{"damage":11.0,"enemies":"3 Shapes","floor":36.0,"turns":2.0},{"damage":7.0,"enemies":"Transient","floor":37.0,"turns":5.0},{"damage":24.0,"enemies":"Jaw Worm Horde","floor":41.0,"turns":3.0},{"damage":2.0,"enemies":"Giant Head","floor":45.0,"turns":4.0},{"damage":8.0,"enemies":"Writhing Mass","floor":46.0,"turns":6.0},{"damage":0.0,"enemies":"3 Darklings","floor":48.0,"turns":3.0},{"damage":30,"enemies":"Awakened One","floor":50,"turns":16}],"seed_played":"3413388681474594621","potions_obtained":[{"floor":2.0,"key":"Explosive Potion"},{"floor":4.0,"key":"Strength Potion"},{"floor":11.0,"key":"EssenceOfSteel"},{"floor":13.0,"key":"PowerPotion"},{"floor":16.0,"key":"AttackPotion"},{"floor":24.0,"key":"SpeedPotion"},{"floor":28.0,"key":"Regen Potion"},{"floor":36.0,"key":"Explosive Potion"},{"floor":45.0,"key":"Regen Potion"},{"floor":48.0,"key":"SmokeBomb"}],"is_trial":false,"path_per_floor":["M","M","M","M","?","E","R","M","T","R","M","R","E","?","R","B",null,"M","?","?","$","?","R","E","R","T","R","E","M","R","$","R","B",null,"M","M","M","?","?","R","M","R","T","R","E","M","?","M","R","B",null],"character_chosen":"THE_SILENT","items_purchased":["Prayer Wheel"],"campfire_rested":3,"item_purchase_floors":[21],"current_hp_per_floor":[77,77,77,68,49,31,31,22,22,45,45,45,35,28,28,28,77,75,69,69,69,69,69,28,28,33,56,14,24,24,24,47,24,77,74,68,66,66,77,77,58,58,63,63,66,63,63,68,68,49],"gold":400,"neow_bonus":"TEN_PERCENT_HP_BONUS","is_prod":false,"is_daily":false,"chose_seed":false,"campfire_upgraded":10,"win_rate":0,"timestamp":1569819563,"path_taken":["M","M","M","M","?","E","R","M","T","R","M","R","E","?","R","BOSS","M","?","?","?","?","R","E","R","T","R","E","M","R","$","R","BOSS","M","M","M","?","?","R","M","R","T","R","E","?","?","M","R","BOSS"],"build_version":"2019-07-17","purchased_purges":2,"victory":true,"max_hp_per_floor":[77,77,77,77,77,77,77,77,77,77,77,77,77,77,77,77,77,77,77,77,77,77,77,77,77,77,77,77,77,77,77,77,77,77,77,77,77,77,77,77,77,77,77,77,77,77,73,73,73,73],"card_choices":[{"not_picked":["Backflip","Masterful Stab"],"picked":"Dash","floor":1.0},{"not_picked":["PiercingWail","Backflip"],"picked":"Deadly Poison","floor":2.0},{"not_picked":["Blur","Deadly Poison"],"picked":"Footwork","floor":3.0},{"not_picked":["Dash","Backstab"],"picked":"Catalyst","floor":4.0},{"not_picked":["Choke","Deflect"],"picked":"Die Die Die","floor":6.0},{"not_picked":["Slice","Backflip"],"picked":"Sucker Punch","floor":8.0},{"not_picked":["Underhanded Strike","Dagger Spray","Flying Knee"],"picked":"SKIP","floor":11.0},{"not_picked":["Quick Slash","Backflip"],"picked":"Malaise","floor":13.0},{"not_picked":["Doppelganger","Wraith Form v2"],"picked":"Night Terror","floor":16.0},{"not_picked":["Backstab","Accuracy","Quick Slash"],"picked":"SKIP","floor":18.0},{"not_picked":["Backstab","Accuracy","Quick Slash"],"picked":"SKIP","floor":18.0},{"not_picked":["Distraction","Die Die Die"],"picked":"Catalyst+1","floor":24.0},{"not_picked":["Dodge and Roll","Outmaneuver","Tactician"],"picked":"SKIP","floor":28.0},{"not_picked":["Cloak And Dagger","Calculated Gamble+1"],"picked":"Bouncing Flask","floor":29.0},{"not_picked":["Prepared","Choke+1"],"picked":"Leg Sweep","floor":29.0},{"not_picked":["Unload","Die Die Die"],"picked":"Corpse Explosion","floor":33.0},{"not_picked":["Bane","Slice","Dagger Throw"],"picked":"SKIP","floor":35.0},{"not_picked":["Dagger Spray+1","Infinite Blades","Choke"],"picked":"SKIP","floor":35.0},{"not_picked":["Outmaneuver","Sucker Punch"],"picked":"Calculated Gamble+1","floor":36.0},{"not_picked":["Caltrops","Dodge and Roll"],"picked":"PiercingWail+1","floor":36.0},{"not_picked":["Tactician","Deflect"],"picked":"Bouncing Flask","floor":37.0},{"not_picked":["All Out Attack","Dodge and Roll","Leg Sweep"],"picked":"SKIP","floor":37.0},{"not_picked":["Venomology","Calculated Gamble+1"],"picked":"Crippling Poison","floor":41.0},{"not_picked":["Outmaneuver","Dagger Throw","Quick Slash"],"picked":"SKIP","floor":41.0},{"not_picked":["Outmaneuver","Dagger Throw","Quick Slash"],"picked":"SKIP","floor":41.0},{"not_picked":["Poisoned Stab","Bane","Flechettes"],"picked":"SKIP","floor":45.0},{"not_picked":["Deflect+1","Backflip"],"picked":"Flying Knee+1","floor":46.0},{"not_picked":["Cloak And Dagger+1","Outmaneuver","Terror+1"],"picked":"SKIP","floor":46.0},{"not_picked":["Cloak And Dagger+1","Terror+1"],"picked":"Outmaneuver","floor":46.0},{"not_picked":["Dodge and Roll+1","Underhanded Strike"],"picked":"Backflip","floor":48.0},{"not_picked":["Unload","Poisoned Stab","Dagger Spray"],"picked":"SKIP","floor":48.0},{"not_picked":["Unload","Poisoned Stab","Dagger Spray"],"picked":"SKIP","floor":48.0}],"player_experience":534177,"relics_obtained":[{"floor":6.0,"key":"Turnip"},{"floor":9.0,"key":"Smiling Mask"},{"floor":13.0,"key":"Potion Belt"},{"floor":24.0,"key":"Oddly Smooth Stone"},{"floor":26.0,"key":"Centennial Puzzle"},{"floor":28.0,"key":"Nunchaku"},{"floor":43.0,"key":"Sundial"},{"floor":45.0,"key":"Meat on the Bone"}],"event_choices":[{"damage_healed":0.0,"max_hp_gain":0.0,"max_hp_loss":0.0,"gold_gain":0.0,"event_name":"Golden Idol","player_choice":"Take Damage","floor":5.0,"gold_loss":0.0,"damage_taken":19.0,"relics_obtained":["Golden Idol"]},{"cards_removed":["Strike_G"],"damage_healed":0.0,"max_hp_gain":0.0,"max_hp_loss":0.0,"gold_gain":0.0,"event_name":"Golden Wing","player_choice":"Card Removal","floor":14.0,"gold_loss":0.0,"damage_taken":7.0},{"damage_healed":0.0,"max_hp_gain":0.0,"max_hp_loss":0.0,"gold_gain":0.0,"event_name":"Nest","player_choice":"Joined the Cult","floor":19.0,"gold_loss":0.0,"damage_taken":6.0,"cards_obtained":["RitualDagger"]},{"damage_healed":0.0,"max_hp_gain":0.0,"max_hp_loss":0.0,"gold_gain":0.0,"event_name":"Forgotten Altar","player_choice":"Gave Idol","floor":20.0,"relics_lost":["Golden Idol"],"gold_loss":0.0,"damage_taken":0.0,"relics_obtained":["Bloody Idol"]},{"cards_removed":["Strike_G"],"damage_healed":0.0,"max_hp_gain":0.0,"max_hp_loss":0.0,"gold_gain":0.0,"event_name":"Beggar","player_choice":"Gave Gold","floor":22.0,"gold_loss":75.0,"damage_taken":0.0},{"cards_removed":["Strike_G"],"damage_healed":0.0,"max_hp_gain":0.0,"max_hp_loss":0.0,"gold_gain":0.0,"event_name":"Falling","player_choice":"Removed Attack","floor":38.0,"gold_loss":0.0,"damage_taken":0.0},{"damage_healed":11.0,"max_hp_gain":0.0,"max_hp_loss":0.0,"gold_gain":0.0,"event_name":"Wheel of Change","player_choice":"Full Heal","floor":39.0,"gold_loss":0.0,"damage_taken":0.0},{"damage_healed":0.0,"max_hp_gain":0.0,"max_hp_loss":4.0,"gold_gain":0.0,"event_name":"Winding Halls","player_choice":"Max HP","floor":47.0,"gold_loss":0.0,"damage_taken":0.0}],"is_beta":false,"boss_relics":[{"not_picked":["Tiny House","Cursed Key"],"picked":"Snecko Eye"},{"not_picked":["HoveringKite","Orrery"],"picked":"Ring of the Serpent"}],"items_purged_floors":[21,31],"is_endless":false,"potions_floor_spawned":[2,4,11,13,16,24,28,36,45,48],"ascension_level":2}