{"gold_per_floor":[109,121,121,271,271,296,296,353,380,262,281,292,322,333,333,411,411,431,431,431,431,450,450,475,475,498,525,440,390,390,315,315,387,387,399,197,197,210,210,210,238,238,238,268,268,284,284,284,284,284],"floor_reached":50,"playtime":1732,"items_purged":["Strike_G"],"score":1300,"play_id":"e9420718-0899-46fa-bc10-41bd1f3c2a52","local_time":"20190916185635","is_ascension_mode":true,"campfire_choices":[{"data":"Deadly Poison","floor":7,"key":"SMITH"},{"data":"Catalyst","floor":15,"key":"SMITH"},{"data":"Catalyst","floor":23,"key":"SMITH"},{"data":"Malaise","floor":25,"key":"SMITH"},{"data":"Deadly Poison","floor":30,"key":"SMITH"},{"floor":32,"key":"REST"},{"data":"After Image","floor":40,"key":"SMITH"},{"data":"Skewer","floor":42,"key":"SMITH"},{"floor":49,"key":"RECALL"}],"neow_cost":"NONE","seed_source_timestamp":30410100433681,"circlet_count":0,"master_deck":["AscendersBane","Defend_G","Defend_G","Defend_G+1","Defend_G","Defend_G","Survivor","Neutralize","Cloak And Dagger+1","Deadly Poison+1","Skewer+1","Well Laid Plans","Cloak And Dagger","Blade Dance","Catalyst+1","Malaise+1","Acrobatics","Bite","The Bomb","Madness","Catalyst+1","Well Laid Plans","PiercingWail","Deadly Poison+1","After Image+1","Dagger Throw+1","Backflip","Decay","PiercingWail+1","Parasite","Secret Technique","Footwork"],"relics":["Ring of the Snake","NeowsBlessing","Mercury Hourglass","Vajra","Tiny Chest","War Paint","Oddly Smooth Stone","Sozu","Bag of Marbles","Regal Pillow","Mummified Hand","Cursed Key","Sling","Art of War","MealTicket"],"potions_floor_usage":[13,14,50],"damage_taken":[{"damage":0,"enemies":"Cultist","floor":1,"turns":1},{"damage":0,"enemies":"2 Louse","floor":2,"turns":1},{"damage":0,"enemies":"Gremlin Nob","floor":6,"turns":1},{"damage":22,"enemies":"Lagavulin","floor":8,"turns":7},{"damage":0,"enemies":"Small Slimes","floor":11,"turns":2},{"damage":0,"enemies":"3 Louse","floor":12,"turns":2},{"damage":8,"enemies":"Gremlin Nob","floor":13,"turns":3},{"damage":0,"enemies":"Gremlin Gang","floor":14,"turns":3},{"damage":0,"enemies":"Hexaghost","floor":16,"turns":9},{"damage":6,"enemies":"Chosen","floor":18,"turns":4},{"damage":2,"enemies":"Shell Parasite","floor":22,"turns":10},{"damage":15,"enemies":"Book of Stabbing","floor":24,"turns":5},{"damage":31,"enemies":"Gremlin Leader","floor":27,"turns":5},{"damage":7,"enemies":"Automaton","floor":33,"turns":6},{"damage":10,"enemies":"3 Darklings","floor":35,"turns":6},{"damage":0,"enemies":"Orb Walker","floor":38,"turns":2},{"damage":15,"enemies":"Giant Head","floor":41,"turns":7},{"damage":17,"enemies":"Nemesis","floor":44,"turns":7},{"damage":1,"enemies":"Transient","floor":46,"turns":6},{"damage":17,"enemies":"Donu and Deca","floor":50,"turns":2}],"seed_played":"-3785076730196756315","potions_obtained":[{"floor":8,"key":"Poison Potion"},{"floor":11,"key":"Fire Potion"},{"floor":14,"key":"GamblersBrew"}],"is_trial":false,"path_per_floor":["M","M","T","?","?","E","R","E","T","$","M","M","E","M","R","B",null,"M","?","?","?","M","R","E","R","T","E","?","$","R","?","R","B",null,"M","$","?","M","?","R","E","R","T","E","?","M","T","?","R","B"],"character_chosen":"THE_SILENT","items_purchased":["Well Laid Plans","Deadly Poison","Backflip","Sling"],"campfire_rested":1,"item_purchase_floors":[10,29,36,36],"current_hp_per_floor":[59,59,59,59,52,52,52,30,30,30,30,30,22,22,22,22,55,49,46,35,35,51,51,36,36,36,11,11,11,11,11,41,36,47,43,43,43,45,45,45,34,34,34,21,11,12,12,12,12,0],"gold":284,"neow_bonus":"THREE_ENEMY_KILL","is_prod":false,"is_daily":false,"chose_seed":false,"campfire_upgraded":7,"win_rate":0,"timestamp":1568652995,"path_taken":["M","M","?","?","?","E","R","E","T","$","M","M","E","M","R","BOSS","M","?","?","?","M","R","E","R","T","E","?","$","R","?","R","BOSS","M","$","?","?","?","R","E","R","T","E","?","M","?","?","R","BOSS"],"build_version":"2019-09-12","purchased_purges":1,"victory":false,"max_hp_per_floor":[66,66,66,66,66,66,66,66,66,66,66,66,66,66,66,66,66,66,46,51,51,51,51,51,51,51,51,51,51,51,51,51,51,51,51,51,51,51,51,51,51,51,51,51,51,51,51,48,48,48],"card_choices":[{"not_picked":["Flying Knee","Outmaneuver"],"picked":"Cloak And Dagger","floor":1},{"not_picked":["Underhanded Strike","Calculated Gamble","Deflect"],"picked":"SKIP","floor":2},{"not_picked":["Prepared","Sucker Punch"],"picked":"Deadly Poison","floor":6},{"not_picked":["Doppelganger","Setup"],"picked":"Skewer","floor":8},{"not_picked":["Prepared","Bane"],"picked":"Cloak And Dagger","floor":11},{"not_picked":["Tactician","Well Laid Plans"],"picked":"Blade Dance","floor":12},{"not_picked":["Underhanded Strike","Riddle With Holes"],"picked":"Catalyst","floor":13},{"not_picked":["Bane","Outmaneuver","Expertise"],"picked":"SKIP","floor":14},{"not_picked":["Phantasmal Killer","Tools of the Trade"],"picked":"Malaise","floor":16},{"not_picked":["Flying Knee","Blade Dance"],"picked":"Acrobatics","floor":18},{"not_picked":["Skewer","Endless Agony"],"picked":"Catalyst","floor":22},{"not_picked":["Terror","Slice"],"picked":"Well Laid Plans","floor":24},{"not_picked":["Quick Slash","Heel Hook"],"picked":"PiercingWail","floor":27},{"not_picked":["Storm of Steel","Glass Knife"],"picked":"After Image","floor":33},{"not_picked":["Underhanded Strike","Slice"],"picked":"Dagger Throw+1","floor":35},{"not_picked":["Prepared","Dagger Spray","All Out Attack+1"],"picked":"SKIP","floor":38},{"not_picked":["Underhanded Strike","Storm of Steel"],"picked":"PiercingWail+1","floor":41},{"not_picked":["Setup","Skewer","Poisoned Stab"],"picked":"SKIP","floor":44},{"not_picked":["Mayhem","Madness"],"picked":"Secret Technique","floor":45},{"not_picked":["Cloak And Dagger","Escape Plan"],"picked":"Footwork","floor":46}],"player_experience":2057487,"relics_obtained":[{"floor":3,"key":"Mercury Hourglass"},{"floor":6,"key":"Vajra"},{"floor":8,"key":"Tiny Chest"},{"floor":9,"key":"War Paint"},{"floor":13,"key":"Oddly Smooth Stone"},{"floor":26,"key":"Bag of Marbles"},{"floor":27,"key":"Regal Pillow"},{"floor":41,"key":"Art of War"},{"floor":44,"key":"MealTicket"}],"event_choices":[{"damage_healed":0,"gold_gain":150,"player_choice":"AGREE","damage_taken":0,"max_hp_gain":0,"max_hp_loss":0,"event_name":"Liars Game","floor":4,"gold_loss":0,"cards_obtained":["Doubt"]},{"cards_removed":["Doubt"],"damage_healed":0,"gold_gain":0,"player_choice":"Card Removal","damage_taken":7,"max_hp_gain":0,"max_hp_loss":0,"event_name":"Golden Wing","floor":5,"gold_loss":0},{"damage_healed":0,"gold_gain":0,"player_choice":"Became a vampire","damage_taken":0,"max_hp_gain":0,"max_hp_loss":20,"event_name":"Vampires","floor":19,"gold_loss":0,"cards_obtained":["Bite","Bite","Bite","Bite","Bite"]},{"damage_healed":0,"gold_gain":0,"player_choice":"Shed Blood","damage_taken":16,"max_hp_gain":5,"max_hp_loss":0,"event_name":"Forgotten Altar","floor":20,"gold_loss":0},{"damage_healed":0,"gold_gain":0,"cards_transformed":["Bite","Bite"],"player_choice":"Became Test Subject","damage_taken":0,"max_hp_gain":0,"max_hp_loss":0,"event_name":"Drug Dealer","floor":21,"gold_loss":0,"cards_obtained":["The Bomb","Madness"]},{"damage_healed":0,"gold_gain":0,"player_choice":"Obtained Relic","damage_taken":0,"relics_obtained":["Mummified Hand"],"max_hp_gain":0,"max_hp_loss":0,"event_name":"Addict","floor":28,"gold_loss":85},{"cards_removed":["Bite"],"damage_healed":0,"gold_gain":0,"player_choice":"Gave Gold","damage_taken":0,"max_hp_gain":0,"max_hp_loss":0,"event_name":"Beggar","floor":31,"gold_loss":75},{"damage_healed":0,"gold_gain":0,"player_choice":"Cursed","damage_taken":0,"max_hp_gain":0,"max_hp_loss":0,"event_name":"Wheel of Change","floor":37,"gold_loss":0,"cards_obtained":["Decay"]},{"cards_removed":["Bite"],"damage_healed":0,"gold_gain":0,"player_choice":"Removed Attack","damage_taken":0,"max_hp_gain":0,"max_hp_loss":0,"event_name":"Falling","floor":39,"gold_loss":0},{"damage_healed":0,"gold_gain":0,"player_choice":"Memory 3","damage_taken":10,"max_hp_gain":0,"max_hp_loss":0,"event_name":"SensoryStone","floor":45,"gold_loss":0},{"damage_healed":0,"gold_gain":0,"player_choice":"Max HP","damage_taken":0,"max_hp_gain":0,"max_hp_loss":3,"event_name":"Winding Halls","floor":48,"gold_loss":0}],"is_beta":true,"boss_relics":[{"not_picked":["Busted Crown","Calling Bell"],"picked":"Sozu"},{"not_picked":["Velvet Choker","Runic Dome"],"picked":"Cursed Key"}],"items_purged_floors":[10],"is_endless":false,"potions_floor_spawned":[8,11,14,27,41,44,46],"killed_by":"Donu and Deca","ascension_level":20}