{"gold_per_floor":[118,118,138,103,114,114,145,145,145,145,175,25,25,25,25,96,96,112,112,123,137,151,185,185,185],"floor_reached":25,"playtime":1118,"items_purged":["Strike_B"],"score":435,"play_id":"9fab39d2-6085-4021-a2b7-c4b1fcd439d4","local_time":"20181122175844","is_ascension_mode":true,"campfire_choices":[{"data":"Streamline","floor":6,"key":"SMITH"},{"data":"Hologram","floor":8,"key":"SMITH"},{"data":"Dualcast","floor":10,"key":"SMITH"},{"data":"Defragment","floor":13,"key":"SMITH"},{"data":"Electrodynamics","floor":15,"key":"SMITH"},{"data":"Coolheaded","floor":24,"key":"SMITH"}],"neow_cost":"NONE","seed_source_timestamp":27363801476337,"circlet_count":0,"master_deck":["AscendersBane","Strike_B","Strike_B","Defend_B","Defend_B","Defend_B","Defend_B","Zap+1","Dualcast+1","Hologram+1","Cold Snap","Streamline+1","Electrodynamics+1","Glacier","Defragment+1","Echo Form","Skim","Sweeping Beam+1","Steam+1","Rebound+1","Coolheaded+1"],"relics":["Cracked Core","Kunai","Dodecahedron","Cables","Pantograph","Coffee Dripper","Ornamental Fan"],"potions_floor_usage":[23,23],"damage_taken":[{"damage":15,"enemies":"2 Louse","floor":1,"turns":3},{"damage":7,"enemies":"Small Slimes","floor":3,"turns":2},{"damage":0,"enemies":"Jaw Worm","floor":5,"turns":3},{"damage":30,"enemies":"Gremlin Nob","floor":7,"turns":4},{"damage":20,"enemies":"Lagavulin","floor":11,"turns":6},{"damage":18,"enemies":"The Guardian","floor":16,"turns":10},{"damage":0,"enemies":"Spheric Guardian","floor":18,"turns":3},{"damage":16,"enemies":"3 Byrds","floor":20,"turns":3},{"damage":28,"enemies":"Shelled Parasite and Fungi","floor":21,"turns":4},{"damage":0,"enemies":"3 Cultists","floor":22,"turns":2},{"damage":10,"enemies":"Slavers","floor":23,"turns":2},{"damage":13,"enemies":"Book of Stabbing","floor":25,"turns":2}],"seed_played":"-5016343681038928445","potions_obtained":[{"floor":1,"key":"Dexterity Potion"},{"floor":20,"key":"GamblersBrew"},{"floor":22,"key":"FocusPotion"}],"is_trial":false,"path_per_floor":["M","?","M","?","M","R","E","R","T","R","E","$","R","T","R","B",null,"M","?","M","M","M","E","R","E"],"character_chosen":"DEFECT","items_purchased":["Defragment"],"campfire_rested":0,"item_purchase_floors":[12],"current_hp_per_floor":[49,54,47,66,66,66,36,36,36,36,16,16,16,16,16,23,63,63,63,47,19,19,9,9,0],"gold":185,"neow_bonus":"UPGRADE_CARD","is_prod":false,"is_daily":false,"chose_seed":false,"campfire_upgraded":6,"win_rate":0,"timestamp":1542905924,"path_taken":["M","?","M","?","M","R","E","R","T","R","E","$","R","?","R","BOSS","M","?","?","M","M","E","R","E"],"build_version":"2018-11-15","purchased_purges":1,"victory":false,"max_hp_per_floor":[71,76,76,76,76,76,76,76,76,76,76,76,76,76,76,76,76,76,76,76,76,76,76,76,76],"card_choices":[{"not_picked":["Aggregate","Self Repair"],"picked":"Hologram","floor":1},{"not_picked":["Streamline","Barrage"],"picked":"Cold Snap","floor":3},{"not_picked":["Darkness","Leap"],"picked":"Streamline","floor":5},{"not_picked":["Ball Lightning","Melter"],"picked":"Electrodynamics","floor":7},{"not_picked":["Double Energy","Steam"],"picked":"Glacier","floor":11},{"not_picked":["Multi-Cast","Core Surge"],"picked":"Echo Form","floor":16},{"not_picked":["Glacier","Gash"],"picked":"Skim","floor":18},{"not_picked":["Gash","Turbo+1"],"picked":"Sweeping Beam+1","floor":20},{"not_picked":["Redo","Go for the Eyes"],"picked":"Steam+1","floor":21},{"not_picked":["Gash","Rip and Tear"],"picked":"Rebound+1","floor":22},{"not_picked":["Cold Snap","Chaos"],"picked":"Coolheaded","floor":23}],"player_experience":863351,"relics_obtained":[{"floor":7,"key":"Kunai"},{"floor":9,"key":"Dodecahedron"},{"floor":11,"key":"Cables"},{"floor":14,"key":"Pantograph"},{"floor":23,"key":"Ornamental Fan"}],"event_choices":[{"damage_healed":0,"gold_gain":0,"player_choice":"Donut","damage_taken":0,"max_hp_gain":5,"max_hp_loss":0,"event_name":"Big Fish","floor":2,"gold_loss":0},{"damage_healed":19,"gold_gain":0,"player_choice":"Healed","damage_taken":0,"max_hp_gain":0,"max_hp_loss":0,"event_name":"The Cleric","floor":4,"gold_loss":35},{"cards_removed":["Strike_B"],"damage_healed":0,"gold_gain":0,"player_choice":"Purged","damage_taken":0,"max_hp_gain":0,"max_hp_loss":0,"event_name":"Purifier","floor":19,"gold_loss":0}],"is_beta":true,"boss_relics":[{"not_picked":["Black Star","Philosopher\u0027s Stone"],"picked":"Coffee Dripper"}],"items_purged_floors":[12],"is_endless":false,"potions_floor_spawned":[1,20,22],"killed_by":"Book of Stabbing","ascension_level":18}