{"gold_per_floor":[118,268,268,288,23,51,51,64,137,163,163,163,198,97,97,175,175,191,206,30,30,6,38,38,38],"floor_reached":25,"playtime":634,"items_purged":["Strike_B","Doubt"],"score":620,"play_id":"8de965f7-6c7e-4136-bb29-4ca3281736f6","local_time":"20190416171731","is_ascension_mode":true,"campfire_choices":[{"data":"Hologram","floor":7.0,"key":"SMITH"},{"data":"Static Discharge","floor":12.0,"key":"SMITH"},{"data":"Genetic Algorithm","floor":15.0,"key":"SMITH"},{"floor":24.0,"key":"REST"}],"neow_cost":"NONE","seed_source_timestamp":0,"circlet_count":0,"master_deck":["AscendersBane","Strike_B","Strike_B","Defend_B","Defend_B","Defend_B","Defend_B","Zap+1","Dualcast","Reinforced Body","Sweeping Beam","Hologram+1","Conserve Battery","Static Discharge+1","Genetic Algorithm+1","Compile Driver","Seek","Loop+1","Darkness","Glacier","Ghostly","Ghostly","Ghostly","Ball Lightning","Darkness"],"special_seed":0,"relics":["Cracked Core","NeowsBlessing","Symbiotic Virus","Juzu Bracelet","Cables","Ornamental Fan","Runic Pyramid","PreservedInsect"],"potions_floor_usage":[],"damage_taken":[{"damage":0.0,"enemies":"2 Louse","floor":1.0,"turns":1.0},{"damage":0.0,"enemies":"Small Slimes","floor":4.0,"turns":1.0},{"damage":0.0,"enemies":"Lagavulin","floor":6.0,"turns":1.0},{"damage":0.0,"enemies":"Jaw Worm","floor":8.0,"turns":2.0},{"damage":8.0,"enemies":"Gremlin Nob","floor":10.0,"turns":3.0},{"damage":11.0,"enemies":"3 Sentries","floor":13.0,"turns":4.0},{"damage":0.0,"enemies":"Slime Boss","floor":16.0,"turns":5.0},{"damage":17.0,"enemies":"Spheric Guardian","floor":18.0,"turns":3.0},{"damage":18.0,"enemies":"2 Thieves","floor":19.0,"turns":4.0},{"damage":25.0,"enemies":"Slavers","floor":23.0,"turns":9.0},{"damage":14,"enemies":"Book of Stabbing","floor":25,"turns":4}],"seed_played":"-362513354465273394","potions_obtained":[{"floor":1.0,"key":"SkillPotion"},{"floor":10.0,"key":"PowerPotion"},{"floor":13.0,"key":"LiquidBronze"},{"floor":16.0,"key":"Strength Potion"},{"floor":19.0,"key":"SkillPotion"}],"is_trial":false,"path_per_floor":["M","?","?","M","$","E","R","M","T","E","?","R","E","$","R","B",null,"M","M","$","?","$","E","R","E"],"character_chosen":"DEFECT","items_purchased":["Symbiotic Virus","Compile Driver","Glacier","Ball Lightning"],"campfire_rested":1,"item_purchase_floors":[5,14,20,22],"current_hp_per_floor":[64,64,64,64,64,64,64,64,64,56,49,49,38,38,38,38,63,46,28,28,28,28,3,13,0],"gold":38,"neow_bonus":"THREE_ENEMY_KILL","is_prod":false,"is_daily":false,"chose_seed":false,"campfire_upgraded":3,"win_rate":0,"timestamp":1555427851,"path_taken":["M","?","?","M","$","E","R","M","T","E","?","R","E","$","R","BOSS","M","M","$","?","$","E","R","E"],"build_version":"2019-01-23","purchased_purges":2,"victory":false,"max_hp_per_floor":[71,71,71,71,71,71,71,71,71,71,71,71,71,71,71,71,71,71,71,71,35,35,35,35,35],"card_choices":[{"not_picked":["Aggregate","Rebound"],"picked":"Reinforced Body","floor":1.0},{"not_picked":["BootSequence","Tempest"],"picked":"Sweeping Beam","floor":4.0},{"not_picked":["Steam Power","Stack"],"picked":"Hologram","floor":6.0},{"not_picked":["Double Energy","Steam"],"picked":"Conserve Battery","floor":8.0},{"not_picked":["Meteor Strike","Hologram"],"picked":"Static Discharge","floor":10.0},{"not_picked":["BootSequence","Aggregate"],"picked":"Genetic Algorithm","floor":13.0},{"not_picked":["Meteor Strike","Core Surge"],"picked":"Seek","floor":16.0},{"not_picked":["Compile Driver","Chaos"],"picked":"Loop+1","floor":18.0},{"not_picked":["Sunder+1","Aggregate"],"picked":"Darkness","floor":19.0},{"not_picked":["Scrape","Barrage"],"picked":"Darkness","floor":23.0}],"player_experience":1604063,"relics_obtained":[{"floor":6.0,"key":"Juzu Bracelet"},{"floor":9.0,"key":"Cables"},{"floor":10.0,"key":"Ornamental Fan"},{"floor":23.0,"key":"PreservedInsect"}],"event_choices":[{"damage_healed":0.0,"max_hp_gain":0.0,"max_hp_loss":0.0,"gold_gain":150.0,"event_name":"Liars Game","player_choice":"AGREE","floor":2.0,"gold_loss":0.0,"damage_taken":0.0,"cards_obtained":["Doubt"]},{"damage_healed":0.0,"max_hp_gain":0.0,"max_hp_loss":0.0,"gold_gain":0.0,"event_name":"Living Wall","player_choice":"Grow","floor":3.0,"gold_loss":0.0,"damage_taken":0.0,"cards_upgraded":["Zap"]},{"cards_removed":["Strike_B"],"damage_healed":0.0,"max_hp_gain":0.0,"max_hp_loss":0.0,"gold_gain":0.0,"event_name":"Golden Wing","player_choice":"Card Removal","floor":11.0,"gold_loss":0.0,"damage_taken":7.0},{"damage_healed":0.0,"max_hp_gain":0.0,"max_hp_loss":36.0,"gold_gain":0.0,"event_name":"Ghosts","player_choice":"Became a Ghost","floor":21.0,"gold_loss":0.0,"damage_taken":0.0,"cards_obtained":["Ghostly","Ghostly","Ghostly"]}],"is_beta":false,"boss_relics":[{"not_picked":["Orrery","Eternal Feather"],"picked":"Runic Pyramid"}],"items_purged_floors":[14,20],"is_endless":false,"potions_floor_spawned":[1,10,13,16,19,23],"killed_by":"Book of Stabbing","ascension_level":20}