{"gold_per_floor":[113,67,17,33,49,80,80,94,121,121,148,148,167,177,177,273,273,273,273,273,273,273,273,273,273,273,273,273,273,181,37,37,37],"floor_reached":33,"playtime":1318,"items_purged":[],"score":438,"play_id":"26af4de4-7ce7-4633-a3eb-90a332338883","local_time":"20180910001525","is_ascension_mode":true,"campfire_choices":[{"data":"Infernal Blade","floor":7,"key":"SMITH"},{"data":"Demon Form","floor":10,"key":"SMITH"},{"data":"Sword Boomerang","floor":12,"key":"SMITH"},{"data":"Pommel Strike","floor":15,"key":"SMITH"},{"floor":23,"key":"REST"},{"floor":25,"key":"REST"},{"floor":28,"key":"REST"},{"floor":32,"key":"REST"}],"neow_cost":"NONE","seed_source_timestamp":46334305892043,"circlet_count":0,"master_deck":["Strike_R","Strike_R","Strike_R","Strike_R","Strike_R","Defend_R","Defend_R","Defend_R","Bash","Juggernaut","Infernal Blade+1","Shrug It Off","Clothesline","Pommel Strike+1","Sword Boomerang+1","Demon Form+1","Juggernaut","Inflame","Spot Weakness+1","Heavy Blade","Flex"],"relics":["Burning Blood","Art of War","Potion Belt","Smiling Mask","Ectoplasm","Red Mask","Bag of Preparation","Letter Opener","Shuriken","Regal Pillow"],"potions_floor_usage":[22,22,22,22,27,33],"damage_taken":[{"damage":17,"enemies":"2 Louse","floor":1,"turns":4},{"damage":0,"enemies":"Cultist","floor":4,"turns":3},{"damage":2,"enemies":"Jaw Worm","floor":5,"turns":3},{"damage":26,"enemies":"Gremlin Nob","floor":6,"turns":4},{"damage":8,"enemies":"Exordium Thugs","floor":8,"turns":4},{"damage":0,"enemies":"Lagavulin","floor":11,"turns":4},{"damage":20,"enemies":"Lots of Slimes","floor":13,"turns":2},{"damage":0,"enemies":"Large Slime","floor":14,"turns":5},{"damage":23,"enemies":"The Guardian","floor":16,"turns":8},{"damage":18,"enemies":"3 Byrds","floor":18,"turns":5},{"damage":26,"enemies":"Shell Parasite","floor":20,"turns":5},{"damage":48,"enemies":"Snake Plant","floor":21,"turns":5},{"damage":15,"enemies":"3 Cultists","floor":22,"turns":4},{"damage":27,"enemies":"Masked Bandits","floor":24,"turns":4},{"damage":36,"enemies":"Book of Stabbing","floor":27,"turns":4},{"damage":22,"enemies":"Cultist and Chosen","floor":29,"turns":5},{"damage":56,"enemies":"Automaton","floor":33,"turns":4}],"seed_played":"-6983027532356066094","potions_obtained":[{"floor":1,"key":"Energy Potion"},{"floor":4,"key":"Energy Potion"},{"floor":6,"key":"SpeedPotion"},{"floor":14,"key":"SpeedPotion"},{"floor":16,"key":"Ancient Potion"},{"floor":24,"key":"SkillPotion"},{"floor":27,"key":"SteroidPotion"}],"is_trial":false,"path_per_floor":["M","$","?","M","M","E","R","M","T","R","E","R","M","M","R","B",null,"M","?","M","M","M","R","?","R","T","E","R","M","?","$","R"],"character_chosen":"IRONCLAD","items_purchased":["Shrug It Off","Regal Pillow"],"campfire_rested":4,"item_purchase_floors":[2,31],"current_hp_per_floor":[61,61,61,67,71,51,51,49,49,49,55,55,41,47,47,40,70,58,80,60,18,9,33,15,39,39,9,33,17,17,17,56,0],"gold":37,"neow_bonus":"ONE_RANDOM_RARE_CARD","is_prod":false,"is_daily":false,"chose_seed":false,"campfire_upgraded":4,"win_rate":0,"timestamp":1536531325,"path_taken":["M","$","?","M","M","E","R","M","T","R","E","R","M","M","R","BOSS","M","?","M","M","M","R","?","R","T","E","R","M","?","?","R","BOSS"],"build_version":"2018-09-06","purchased_purges":0,"victory":false,"max_hp_per_floor":[80,80,80,80,80,80,80,80,80,80,80,80,80,80,80,80,80,80,80,80,80,80,80,83,83,83,83,83,83,83,83,83,83],"card_choices":[{"not_picked":["Body Slam","Cleave"],"picked":"Infernal Blade","floor":1},{"not_picked":["Dual Wield","Bloodletting"],"picked":"Clothesline","floor":4},{"not_picked":["Headbutt","Clothesline"],"picked":"Pommel Strike","floor":5},{"not_picked":["Havoc","Cleave"],"picked":"Sword Boomerang","floor":6},{"not_picked":["Heavy Blade","Armaments"],"picked":"Demon Form","floor":8},{"not_picked":["Clothesline","Searing Blow","Clash"],"picked":"SKIP","floor":11},{"not_picked":["Clothesline","Thunderclap","Hemokinesis"],"picked":"SKIP","floor":13},{"not_picked":["Shrug It Off","Perfected Strike","Fire Breathing"],"picked":"SKIP","floor":14},{"not_picked":["Brutality","Offering"],"picked":"Juggernaut","floor":16},{"not_picked":["Combust","Clothesline","Searing Blow"],"picked":"SKIP","floor":18},{"not_picked":["Wild Strike+1","Shrug It Off","Corruption+1"],"picked":"SKIP","floor":20},{"not_picked":["Headbutt","Anger"],"picked":"Inflame","floor":21},{"not_picked":["Armaments","Whirlwind"],"picked":"Spot Weakness+1","floor":22},{"not_picked":["Evolve+1","Pommel Strike"],"picked":"Heavy Blade","floor":24},{"not_picked":["Fire Breathing","Hemokinesis","Reckless Charge"],"picked":"SKIP","floor":27},{"not_picked":["Havoc","Pommel Strike"],"picked":"Flex","floor":29}],"player_experience":399418,"relics_obtained":[{"floor":6,"key":"Art of War"},{"floor":9,"key":"Potion Belt"},{"floor":11,"key":"Smiling Mask"},{"floor":24,"key":"Red Mask"},{"floor":26,"key":"Bag of Preparation"},{"floor":27,"key":"Letter Opener"}],"event_choices":[{"event_name":"The Cleric","player_choice":"Card Removal","floor":3,"damage_taken":0},{"event_name":"Wheel of Change","player_choice":"Full Heal","floor":19,"damage_taken":0},{"event_name":"Masked Bandits","player_choice":"Fought Bandits","floor":24,"damage_taken":0},{"event_name":"WeMeetAgain","player_choice":"Gold","floor":30,"damage_taken":0}],"is_beta":true,"boss_relics":[{"not_picked":["Orrery","Astrolabe"],"picked":"Ectoplasm"}],"items_purged_floors":[],"is_endless":false,"potions_floor_spawned":[1,4,6,14,16,18,24,27],"killed_by":"Automaton","ascension_level":9}