{"gold_per_floor":[113,35,35,35,51,77,94,128,128,143,170,186,186,203,203,301,301,313,325,337,30,30,30],"floor_reached":23,"playtime":4298,"items_purged":["Strike_B"],"score":370,"play_id":"96822574-e1af-4fa9-bec1-3457b175e1a2","local_time":"20190326081253","is_ascension_mode":true,"campfire_choices":[{"floor":15,"key":"REST"}],"neow_cost":"NONE","seed_source_timestamp":0,"circlet_count":0,"master_deck":["Strike_B","Defend_B","Defend_B","Defend_B","Defend_B","Zap","Dualcast","Storm","Defragment","Compile Driver","Machine Learning","Chill","Beam Cell","Ball Lightning","Steam","Cold Snap","Sunder","Ball Lightning","Reboot","Go for the Eyes","Storm"],"special_seed":0,"relics":["Cracked Core","Strawberry","Ginger","Pantograph","Bottled Tornado","White Beast Statue","Membership Card","PreservedInsect"],"potions_floor_usage":[6,10,22,23,23],"damage_taken":[{"damage":0,"enemies":"2 Louse","floor":1,"turns":1},{"damage":0,"enemies":"Jaw Worm","floor":5,"turns":3},{"damage":30,"enemies":"Lagavulin","floor":6,"turns":6},{"damage":1,"enemies":"Cultist","floor":7,"turns":4},{"damage":16,"enemies":"3 Sentries","floor":8,"turns":7},{"damage":4,"enemies":"Large Slime","floor":10,"turns":4},{"damage":14,"enemies":"Lagavulin","floor":11,"turns":5},{"damage":11,"enemies":"Looter","floor":12,"turns":3},{"damage":1,"enemies":"2 Fungi Beasts","floor":14,"turns":3},{"damage":0,"enemies":"Slime Boss","floor":16,"turns":5},{"damage":11,"enemies":"Chosen","floor":18,"turns":4},{"damage":10,"enemies":"3 Byrds","floor":19,"turns":4},{"damage":45,"enemies":"Shelled Parasite and Fungi","floor":20,"turns":5},{"damage":0,"enemies":"Cultist and Chosen","floor":22,"turns":1},{"damage":19,"enemies":"Slavers","floor":23,"turns":1}],"seed_played":"-1182806350617054061","potions_obtained":[{"floor":1,"key":"SteroidPotion"},{"floor":7,"key":"Block Potion"},{"floor":18,"key":"SmokeBomb"},{"floor":19,"key":"FocusPotion"},{"floor":20,"key":"SteroidPotion"}],"is_trial":false,"path_per_floor":["M","$","?","?","M","E","M","E","T","M","E","M","?","M","R","B",null,"M","M","M","$","M","E"],"character_chosen":"DEFECT","items_purchased":["Defragment","Membership Card","PreservedInsect"],"campfire_rested":1,"item_purchase_floors":[2,21,21],"current_hp_per_floor":[75,75,68,73,73,50,49,33,33,29,15,4,4,3,31,56,85,74,64,19,19,19,0],"gold":30,"neow_bonus":"TEN_PERCENT_HP_BONUS","is_prod":false,"is_daily":false,"chose_seed":false,"campfire_upgraded":0,"win_rate":0,"timestamp":1553613173,"path_taken":["M","$","?","?","M","E","M","E","T","M","E","M","?","M","R","BOSS","M","M","?","$","M","E"],"build_version":"2019-01-23","purchased_purges":1,"victory":false,"max_hp_per_floor":[82,82,82,87,87,94,94,94,94,94,94,94,94,94,94,94,94,94,94,94,94,94,94],"card_choices":[{"not_picked":["Hello World","Conserve Battery"],"picked":"Storm","floor":1},{"not_picked":["Hologram","Turbo"],"picked":"Compile Driver","floor":5},{"not_picked":["Coolheaded","Barrage"],"picked":"Machine Learning","floor":6},{"not_picked":["Cold Snap","Steam"],"picked":"Chill","floor":7},{"not_picked":["Blizzard","Aggregate"],"picked":"Beam Cell","floor":8},{"not_picked":["Turbo","Redo"],"picked":"Ball Lightning","floor":10},{"not_picked":["Darkness","Fission"],"picked":"Steam","floor":11},{"not_picked":["Sweeping Beam","Hologram"],"picked":"Cold Snap","floor":12},{"not_picked":["Recycle","Compile Driver"],"picked":"Ball Lightning","floor":14},{"not_picked":["Fission","Rainbow"],"picked":"Reboot","floor":16},{"not_picked":["Gash","Scrape","Sweeping Beam"],"picked":"SKIP","floor":18},{"not_picked":["Undo","Rebound"],"picked":"Go for the Eyes","floor":19},{"not_picked":["Reprogram","Darkness"],"picked":"Storm","floor":20}],"player_experience":422606,"relics_obtained":[{"floor":6,"key":"Strawberry"},{"floor":8,"key":"Ginger"},{"floor":9,"key":"Pantograph"},{"floor":11,"key":"Bottled Tornado"}],"event_choices":[{"cards_removed":["Strike_B"],"damage_healed":0,"gold_gain":0,"player_choice":"Card Removal","damage_taken":7,"max_hp_gain":0,"max_hp_loss":0,"event_name":"Golden Wing","floor":3,"gold_loss":0},{"damage_healed":0,"gold_gain":0,"player_choice":"Donut","damage_taken":0,"max_hp_gain":5,"max_hp_loss":0,"event_name":"Big Fish","floor":4,"gold_loss":0},{"damage_healed":0,"gold_gain":0,"cards_transformed":["Strike_B"],"player_choice":"Transformed","damage_taken":0,"max_hp_gain":0,"max_hp_loss":0,"event_name":"Transmorgrifier","floor":13,"gold_loss":0,"cards_obtained":["Sunder"]}],"is_beta":false,"boss_relics":[{"not_picked":["Eternal Feather","Velvet Choker"],"picked":"White Beast Statue"}],"items_purged_floors":[21],"is_endless":false,"potions_floor_spawned":[1,7,18,19,20,22],"killed_by":"Slavers","ascension_level":6}