{"gold_per_floor":[117,117,130,130,149,184,184,200,200,125,166,166,190,190,190,190],"floor_reached":16,"playtime":578,"items_purged":[],"score":220,"play_id":"c919a84b-39a7-481f-bef3-86d7229343b2","local_time":"20190212112143","is_ascension_mode":true,"campfire_choices":[{"data":"Deadly Poison","floor":7,"key":"SMITH"},{"floor":12,"key":"REST"},{"data":"Footwork","floor":15,"key":"SMITH"}],"neow_cost":"NONE","seed_source_timestamp":6081752251980,"circlet_count":0,"master_deck":["AscendersBane","Defend_G","Defend_G","Defend_G","Defend_G","Defend_G","Strike_G","Strike_G","Strike_G","Strike_G","Survivor","Neutralize","Finisher","Well Laid Plans","Quick Slash","Deadly Poison+1","Footwork+1","Escape Plan"],"relics":["Ring of the Snake","Golden Idol","Ancient Tea Set","Potion Belt","Mummified Hand"],"potions_floor_usage":[6,11,16,16],"damage_taken":[{"damage":4,"enemies":"Small Slimes","floor":1,"turns":5},{"damage":2,"enemies":"Jaw Worm","floor":3,"turns":4},{"damage":0,"enemies":"Cultist","floor":5,"turns":3},{"damage":19,"enemies":"3 Sentries","floor":6,"turns":8},{"damage":0,"enemies":"Looter","floor":8,"turns":3},{"damage":36,"enemies":"Gremlin Nob","floor":11,"turns":4},{"damage":0,"enemies":"3 Louse","floor":13,"turns":3},{"damage":24,"enemies":"Hexaghost","floor":16,"turns":11}],"seed_played":"7258158951239365072","potions_obtained":[{"floor":1,"key":"PowerPotion"},{"floor":6,"key":"Swift Potion"},{"floor":14,"key":"Weak Potion"},{"floor":14,"key":"Poison Potion"}],"is_trial":false,"path_per_floor":["M","?","M","?","M","E","R","M","T","?","E","R","M","?","R","B"],"character_chosen":"THE_SILENT","items_purchased":[],"campfire_rested":1,"item_purchase_floors":[],"current_hp_per_floor":[61,61,59,59,59,40,40,40,40,40,4,23,23,23,23,0],"gold":190,"neow_bonus":"TEN_PERCENT_HP_BONUS","is_prod":false,"is_daily":false,"chose_seed":false,"campfire_upgraded":2,"win_rate":0,"timestamp":1549966903,"path_taken":["M","?","M","?","M","E","R","M","T","?","E","R","M","?","R","BOSS"],"build_version":"2019-01-23","purchased_purges":0,"victory":false,"max_hp_per_floor":[72,65,65,65,65,65,65,65,65,65,65,65,65,65,65,65],"card_choices":[{"not_picked":["Backflip","Prepared"],"picked":"Finisher","floor":1},{"not_picked":["Blade Dance","Dodge and Roll"],"picked":"Well Laid Plans","floor":3},{"not_picked":["Masterful Stab","Eviscerate"],"picked":"Quick Slash","floor":5},{"not_picked":["Tactician","Blade Dance"],"picked":"Deadly Poison","floor":6},{"not_picked":["Prepared","Masterful Stab","Flying Knee"],"picked":"SKIP","floor":8},{"not_picked":["Outmaneuver","Quick Slash"],"picked":"Footwork","floor":11},{"not_picked":["Blade Dance","Expertise"],"picked":"Escape Plan","floor":13}],"player_experience":1246140,"relics_obtained":[{"floor":6,"key":"Ancient Tea Set"},{"floor":9,"key":"Potion Belt"},{"floor":11,"key":"Mummified Hand"}],"event_choices":[{"damage_healed":0,"gold_gain":0,"player_choice":"Lose Max HP","damage_taken":0,"relics_obtained":["Golden Idol"],"max_hp_gain":0,"max_hp_loss":7,"event_name":"Golden Idol","floor":2,"gold_loss":0},{"damage_healed":0,"gold_gain":0,"player_choice":"Ignored","damage_taken":0,"max_hp_gain":0,"max_hp_loss":0,"event_name":"Liars Game","floor":4,"gold_loss":0},{"cards_removed":["Strike_G"],"damage_healed":0,"gold_gain":0,"player_choice":"Card Removal","damage_taken":0,"max_hp_gain":0,"max_hp_loss":0,"event_name":"The Cleric","floor":10,"gold_loss":75},{"damage_healed":0,"gold_gain":0,"player_choice":"Got Potions","damage_taken":0,"max_hp_gain":0,"max_hp_loss":0,"event_name":"Lab","floor":14,"gold_loss":0}],"is_beta":false,"boss_relics":[],"items_purged_floors":[],"is_endless":false,"potions_floor_spawned":[1,6],"killed_by":"Hexaghost","ascension_level":20}