{"gold_per_floor":[113,113,133,144,160,160,30,64,64,64,99,129,160,236,236,311,311,329,254,254,152,172,172,201,201,248,260,273,273,284,284,284,284],"floor_reached":33,"playtime":1626,"items_purged":["Strike_G"],"score":566,"play_id":"29bccf6e-8724-4bd3-b2aa-672f508f9df0","local_time":"20190313193937","is_ascension_mode":true,"campfire_choices":[{"data":"Poisoned Stab","floor":6,"key":"SMITH"},{"floor":10,"key":"REST"},{"data":"Dagger Spray","floor":15,"key":"SMITH"},{"data":"Noxious Fumes","floor":23,"key":"SMITH"},{"floor":25,"key":"REST"},{"data":"Ghostly","floor":32,"key":"SMITH"}],"neow_cost":"NONE","seed_source_timestamp":35206662269191,"circlet_count":0,"master_deck":["AscendersBane","Survivor","Neutralize+1","Predator+1","Poisoned Stab+1","Leg Sweep","Well Laid Plans","Dagger Spray+1","Backflip","Backflip","PiercingWail","Adrenaline","Accuracy","Accuracy","Finisher","Tools of the Trade","Endless Agony","Blade Dance","Dash","Leg Sweep","Ghostly","Ghostly+1","Ghostly","Noxious Fumes+1","Backflip","Deadly Poison+1","Crippling Poison"],"relics":["Ring of the Snake","Omamori","Pear","Question Card","Lantern","Whetstone","Singing Bowl","Pandora\u0027s Box","Ninja Scroll","Anchor"],"potions_floor_usage":[8,11,16,24,33],"damage_taken":[{"damage":0,"enemies":"2 Louse","floor":1,"turns":4},{"damage":0,"enemies":"Jaw Worm","floor":3,"turns":3},{"damage":0,"enemies":"Small Slimes","floor":4,"turns":4},{"damage":0,"enemies":"2 Fungi Beasts","floor":5,"turns":3},{"damage":36,"enemies":"3 Sentries","floor":8,"turns":13},{"damage":6,"enemies":"Gremlin Nob","floor":11,"turns":3},{"damage":2,"enemies":"3 Sentries","floor":13,"turns":9},{"damage":28,"enemies":"Slime Boss","floor":16,"turns":10},{"damage":0,"enemies":"Chosen","floor":18,"turns":4},{"damage":2,"enemies":"2 Thieves","floor":22,"turns":4},{"damage":37,"enemies":"Book of Stabbing","floor":24,"turns":8},{"damage":0,"enemies":"Snecko","floor":27,"turns":4},{"damage":10,"enemies":"Snake Plant","floor":28,"turns":4},{"damage":0,"enemies":"Centurion and Healer","floor":30,"turns":5},{"damage":5,"enemies":"Colosseum Slavers","floor":31,"turns":5},{"damage":28,"enemies":"Collector","floor":33,"turns":3}],"seed_played":"-710019339147598211","potions_obtained":[{"floor":1,"key":"Fire Potion"},{"floor":3,"key":"Dexterity Potion"},{"floor":8,"key":"FearPotion"},{"floor":16,"key":"EssenceOfSteel"},{"floor":22,"key":"FairyPotion"},{"floor":27,"key":"Block Potion"},{"floor":30,"key":"LiquidBronze"}],"is_trial":false,"path_per_floor":["M","?","M","M","M","R","$","E","T","R","E","?","E","T","R","B",null,"M","?","?","$","M","R","E","R","T","M","M","?","M","?","R","B"],"character_chosen":"THE_SILENT","items_purchased":["Dagger Spray","Noxious Fumes","Backflip"],"campfire_rested":2,"item_purchase_floors":[7,21,21],"current_hp_per_floor":[59,59,59,59,59,59,59,33,33,55,49,49,47,47,47,19,62,64,64,39,39,37,37,5,17,17,19,9,9,11,6,6,0],"gold":284,"neow_bonus":"RANDOM_COMMON_RELIC","is_prod":false,"is_daily":false,"chose_seed":false,"campfire_upgraded":4,"win_rate":0,"timestamp":1552502377,"path_taken":["M","?","M","M","M","R","$","E","T","R","E","?","E","?","R","BOSS","M","?","?","$","M","R","E","R","T","M","M","?","?","?","R","BOSS"],"build_version":"2019-01-23","purchased_purges":1,"victory":false,"max_hp_per_floor":[66,66,66,66,66,66,66,76,76,76,76,76,76,76,76,76,76,78,78,39,39,39,39,41,41,41,43,43,43,45,45,45,45],"card_choices":[{"not_picked":["Outmaneuver","Blade Dance"],"picked":"Predator","floor":1},{"not_picked":["Quick Slash","Infinite Blades"],"picked":"Poisoned Stab","floor":3},{"not_picked":["Finisher","Sucker Punch"],"picked":"Leg Sweep","floor":4},{"not_picked":["Sucker Punch","Prepared"],"picked":"Well Laid Plans","floor":5},{"not_picked":["Blade Dance","Acrobatics"],"picked":"Backflip","floor":8},{"not_picked":["Dodge and Roll","Phantasmal Killer","Quick Slash"],"picked":"Backflip","floor":11},{"not_picked":["Distraction","Concentrate","Slice"],"picked":"PiercingWail","floor":13},{"not_picked":["Envenom","Grand Finale","Venomology"],"picked":"Adrenaline","floor":16},{"not_picked":["Reflex","Endless Agony","Flying Knee","Escape Plan"],"picked":"Singing Bowl","floor":18},{"not_picked":["Footwork","Catalyst+1","Poisoned Stab"],"picked":"Deadly Poison+1","floor":22},{"not_picked":["Prepared","Calculated Gamble","Quick Slash","Caltrops"],"picked":"Singing Bowl","floor":24},{"not_picked":["Blade Dance","Escape Plan","Prepared","Calculated Gamble"],"picked":"Singing Bowl","floor":27},{"not_picked":["Slice","Dodge and Roll","Outmaneuver+1"],"picked":"Crippling Poison","floor":28},{"not_picked":["Slice","Underhanded Strike","Quick Slash","Leg Sweep"],"picked":"Singing Bowl","floor":30}],"player_experience":1407668,"relics_obtained":[{"floor":8,"key":"Pear"},{"floor":9,"key":"Question Card"},{"floor":11,"key":"Lantern"},{"floor":13,"key":"Whetstone"},{"floor":14,"key":"Singing Bowl"},{"floor":24,"key":"Ninja Scroll"},{"floor":26,"key":"Anchor"}],"event_choices":[{"damage_healed":0,"gold_gain":0,"player_choice":"Grow","damage_taken":0,"max_hp_gain":0,"max_hp_loss":0,"event_name":"Living Wall","floor":2,"gold_loss":0,"cards_upgraded":["Predator"]},{"damage_healed":0,"gold_gain":30,"player_choice":"Searched \u00271\u0027 times","damage_taken":0,"max_hp_gain":0,"max_hp_loss":0,"event_name":"Dead Adventurer","floor":12,"gold_loss":0},{"cards_removed":["Tactician"],"damage_healed":0,"gold_gain":0,"player_choice":"Gave Gold","damage_taken":0,"max_hp_gain":0,"max_hp_loss":0,"event_name":"Beggar","floor":19,"gold_loss":75},{"damage_healed":0,"gold_gain":0,"player_choice":"Became a Ghost","damage_taken":0,"max_hp_gain":0,"max_hp_loss":39,"event_name":"Ghosts","floor":20,"gold_loss":0,"cards_obtained":["Ghostly","Ghostly","Ghostly"]},{"damage_healed":0,"gold_gain":0,"player_choice":"Ignored","damage_taken":0,"max_hp_gain":0,"max_hp_loss":0,"event_name":"Vampires","floor":29,"gold_loss":0},{"damage_healed":0,"gold_gain":0,"player_choice":"Fight","damage_taken":0,"max_hp_gain":0,"max_hp_loss":0,"event_name":"Colosseum","floor":31,"gold_loss":0},{"damage_healed":0,"gold_gain":0,"player_choice":"Fled From Nobs","damage_taken":0,"max_hp_gain":0,"max_hp_loss":0,"event_name":"Colosseum","floor":31,"gold_loss":0}],"is_beta":false,"boss_relics":[{"not_picked":["Fusion Hammer","Velvet Choker"],"picked":"Pandora\u0027s Box"}],"items_purged_floors":[7],"is_endless":false,"potions_floor_spawned":[1,3,8,16,22,27,30],"killed_by":"Collector","ascension_level":20}