{"gold_per_floor":[112,125,90,90,101,101,131,131,154,176,210,210,70,103,103,103],"floor_reached":16,"playtime":550,"items_purged":[],"score":232,"play_id":"2876626e-4573-48a9-b2ea-8bced0aeb6b8","local_time":"20190314120536","is_ascension_mode":true,"campfire_choices":[{"floor":6,"key":"REST"},{"data":"infinitespire:Neurotoxin","floor":8,"key":"SMITH"},{"floor":12,"key":"REST"},{"data":"Noxious Fumes","floor":15,"key":"SMITH"}],"neow_cost":"NONE","seed_source_timestamp":5863543734358,"circlet_count":0,"master_deck":["AscendersBane","Defend_G","Defend_G","Defend_G","Defend_G","Defend_G","Strike_G","Strike_G+1","Strike_G","Strike_G","Strike_G","Survivor","Neutralize","infinitespire:Neurotoxin+1","Poisoned Stab+1","Deadly Poison","Malaise","Escape Plan","Adrenaline","Noxious Fumes+1","PiercingWail","Calculated Gamble"],"relics":["Ring of the Snake","Juzu Bracelet","PreservedInsect","Odd Mushroom","hubris:BottledRain"],"potions_floor_usage":[10,10,11],"damage_taken":[{"damage":7,"enemies":"Jaw Worm","floor":1,"turns":6},{"damage":12,"enemies":"Small Slimes","floor":2,"turns":3},{"damage":11,"enemies":"2 Louse","floor":5,"turns":5},{"damage":10,"enemies":"Lagavulin","floor":7,"turns":7},{"damage":2,"enemies":"The Mushroom Lair","floor":10,"turns":3},{"damage":12,"enemies":"3 Sentries","floor":11,"turns":8},{"damage":7,"enemies":"Lagavulin","floor":14,"turns":4},{"damage":33,"enemies":"Slime Boss","floor":16,"turns":10}],"seed_played":"3155468778072493567","potions_obtained":[{"floor":5,"key":"SkillPotion"},{"floor":7,"key":"Explosive Potion"},{"floor":10,"key":"Explosive Potion"}],"is_trial":false,"path_per_floor":["M","M","?","?","M","R","E","R","T","?","E","R","$","E","R","B"],"character_chosen":"THE_SILENT","items_purchased":["Noxious Fumes","PiercingWail"],"campfire_rested":2,"item_purchase_floors":[13,13],"current_hp_per_floor":[52,40,56,36,25,44,34,34,34,32,20,39,39,32,32,0],"gold":103,"neow_bonus":"ONE_RANDOM_RARE_CARD","is_prod":false,"is_daily":false,"chose_seed":false,"campfire_upgraded":2,"win_rate":0,"timestamp":1552561536,"path_taken":["M","M","?","?","M","R","E","R","T","?","E","R","$","E","R","BOSS"],"build_version":"2019-01-23","purchased_purges":0,"victory":false,"max_hp_per_floor":[66,66,66,66,66,66,66,66,66,66,66,66,66,66,66,66],"card_choices":[{"not_picked":["Bane","Prepared"],"picked":"Poisoned Stab","floor":1},{"not_picked":["Bouncing Flask","Underhanded Strike"],"picked":"Deadly Poison","floor":2},{"not_picked":["Slice","Sucker Punch","Blade Dance"],"picked":"SKIP","floor":5},{"not_picked":["Distraction","Cloak And Dagger"],"picked":"Malaise","floor":7},{"not_picked":["Sucker Punch","Finisher"],"picked":"Escape Plan","floor":10},{"not_picked":["Quick Slash","Unload"],"picked":"Adrenaline","floor":11},{"not_picked":["Riddle With Holes","hubris:SlightOfHand"],"picked":"Calculated Gamble","floor":14}],"player_experience":1416198,"relics_obtained":[{"floor":7,"key":"Juzu Bracelet"},{"floor":9,"key":"PreservedInsect"},{"floor":10,"key":"Odd Mushroom"},{"floor":14,"key":"hubris:BottledRain"}],"event_choices":[{"damage_healed":16,"gold_gain":0,"player_choice":"Healed","damage_taken":0,"max_hp_gain":0,"max_hp_loss":0,"event_name":"The Cleric","floor":3,"gold_loss":35},{"damage_healed":0,"gold_gain":0,"player_choice":"Entered Light","damage_taken":20,"max_hp_gain":0,"max_hp_loss":0,"event_name":"Shining Light","floor":4,"gold_loss":0,"cards_upgraded":["Poisoned Stab","Strike_G"]},{"damage_healed":0,"gold_gain":0,"player_choice":"Fought Mushrooms","damage_taken":0,"max_hp_gain":0,"max_hp_loss":0,"event_name":"Mushrooms","floor":10,"gold_loss":0}],"is_beta":false,"boss_relics":[],"items_purged_floors":[],"is_endless":false,"potions_floor_spawned":[5,7,10],"killed_by":"Slime Boss","ascension_level":20}