{"gold_per_floor":[109,109,109,109,30,63,63,80,107,107,117,152,171,200,200,279,279,298,26,36,36,55,55,81,131,210,129,162,174,200,213,213,290,290,303,303,317,160,172,172,172,198,198,298,331,331,346,361,361,361,361],"floor_reached":51,"playtime":2028,"items_purged":[],"score":1816,"play_id":"ee525058-ffea-4353-ab1c-4c732341236d","local_time":"20190217174506","is_ascension_mode":true,"campfire_choices":[{"data":"Uppercut","floor":7,"key":"SMITH"},{"data":"Bash","floor":10,"key":"SMITH"},{"data":"Impervious","floor":15,"key":"SMITH"},{"data":"Spot Weakness","floor":23,"key":"SMITH"},{"data":"Feel No Pain","floor":32,"key":"SMITH"},{"floor":40,"key":"RECALL"},{"data":"Feel No Pain","floor":49,"key":"SMITH"}],"neow_cost":"NONE","seed_source_timestamp":26389003089386,"circlet_count":0,"master_deck":["AscendersBane","Strike_R+1","Strike_R+1","Strike_R+1","Defend_R+1","Defend_R+1","Defend_R+1","Defend_R+1","Bash+1","Twin Strike","Sentinel","Uppercut+1","Sword Boomerang","Rampage","Impervious+1","Anger+1","Rampage+1","Offering","Spot Weakness+1","Fiend Fire+1","Evolve+1","Shockwave","Immolate+1","Feel No Pain+1","Metallicize","Impervious","Feed+1","Feel No Pain+1","Burning Pact","Sentinel","Reaper+1"],"relics":["Burning Blood","NeowsBlessing","Pen Nib","Meat on the Bone","Lantern","Molten Egg 2","Oddly Smooth Stone","Snecko Eye","Mercury Hourglass","Ancient Tea Set","Pantograph","Dead Branch","PreservedInsect","Sozu","Art of War","Incense Burner","Omamori"],"potions_floor_usage":[],"damage_taken":[{"damage":0,"enemies":"Small Slimes","floor":1,"turns":1},{"damage":0,"enemies":"Gremlin Nob","floor":6,"turns":1},{"damage":0,"enemies":"Jaw Worm","floor":8,"turns":1},{"damage":4,"enemies":"2 Louse","floor":11,"turns":2},{"damage":36,"enemies":"3 Sentries","floor":12,"turns":9},{"damage":0,"enemies":"Red Slaver","floor":13,"turns":4},{"damage":34,"enemies":"Gremlin Nob","floor":14,"turns":5},{"damage":20,"enemies":"Hexaghost","floor":16,"turns":9},{"damage":18,"enemies":"Chosen","floor":18,"turns":5},{"damage":17,"enemies":"Shell Parasite","floor":20,"turns":4},{"damage":30,"enemies":"Chosen and Byrds","floor":22,"turns":5},{"damage":0,"enemies":"Gremlin Leader","floor":24,"turns":2},{"damage":21,"enemies":"Slavers","floor":28,"turns":4},{"damage":6,"enemies":"3 Cultists","floor":29,"turns":2},{"damage":0,"enemies":"Gremlin Leader","floor":30,"turns":3},{"damage":0,"enemies":"Snecko","floor":31,"turns":2},{"damage":6,"enemies":"Collector","floor":33,"turns":3},{"damage":0,"enemies":"3 Shapes","floor":35,"turns":1},{"damage":6,"enemies":"3 Darklings","floor":37,"turns":5},{"damage":19,"enemies":"Jaw Worm Horde","floor":39,"turns":7},{"damage":0,"enemies":"Nemesis","floor":42,"turns":3},{"damage":0,"enemies":"Mind Bloom Boss Battle","floor":44,"turns":2},{"damage":18,"enemies":"Giant Head","floor":45,"turns":5},{"damage":6,"enemies":"Sphere and 2 Shapes","floor":47,"turns":4},{"damage":6,"enemies":"Writhing Mass","floor":48,"turns":1},{"damage":32,"enemies":"Donu and Deca","floor":50,"turns":9},{"damage":87,"enemies":"Time Eater","floor":51,"turns":8}],"seed_played":"1572592671705977263","potions_obtained":[{"floor":1,"key":"BloodPotion"},{"floor":11,"key":"Weak Potion"},{"floor":16,"key":"Poison Potion"},{"floor":28,"key":"Strength Potion"},{"floor":30,"key":"AttackPotion"}],"is_trial":false,"path_per_floor":["M","?","?","?","$","E","R","M","T","R","M","E","M","E","R","B",null,"M","$","M","?","M","R","E","?","T","$","E","M","E","M","R","B",null,"M","?","M","$","M","R","$","E","T","?","E","?","M","M","R","B","B"],"character_chosen":"IRONCLAD","items_purchased":["Uppercut","Mercury Hourglass","Shockwave","Burning Pact","Sentinel"],"campfire_rested":0,"item_purchase_floors":[5,19,27,38,38],"current_hp_per_floor":[74,48,25,25,25,31,31,49,49,49,51,33,51,35,35,33,65,53,53,54,54,42,42,48,48,48,48,45,45,51,57,57,75,75,75,75,79,79,70,70,70,76,76,83,71,71,75,75,75,87,0],"gold":361,"neow_bonus":"THREE_ENEMY_KILL","is_prod":false,"is_daily":false,"chose_seed":false,"campfire_upgraded":6,"win_rate":0,"timestamp":1550421906,"path_taken":["M","?","?","?","$","E","R","?","T","R","M","E","?","E","R","BOSS","M","$","M","?","M","R","E","?","T","?","E","?","E","M","R","BOSS","M","?","M","$","M","R","$","E","T","?","E","?","?","M","R","BOSS","BOSS"],"build_version":"2019-01-23","purchased_purges":0,"victory":false,"max_hp_per_floor":[75,75,75,75,75,75,75,75,75,75,75,75,75,75,75,75,75,75,75,75,75,75,75,75,75,75,75,75,75,75,75,75,75,75,75,75,79,79,83,83,83,83,83,83,83,79,83,83,83,87,87],"card_choices":[{"not_picked":["Rage","Armaments"],"picked":"Twin Strike","floor":1},{"not_picked":["Body Slam","Second Wind","Heavy Blade"],"picked":"SKIP","floor":6},{"not_picked":["Headbutt","Flex"],"picked":"Sword Boomerang","floor":8},{"not_picked":["Perfected Strike","Clash"],"picked":"Rampage","floor":11},{"not_picked":["Double Tap","Heavy Blade"],"picked":"Impervious","floor":12},{"not_picked":["Wild Strike+1","Body Slam+1"],"picked":"Anger+1","floor":13},{"not_picked":["Pommel Strike+1","Heavy Blade+1"],"picked":"Rampage+1","floor":14},{"not_picked":["Impervious","Exhume"],"picked":"Offering","floor":16},{"not_picked":["Cleave+1","Sword Boomerang+1"],"picked":"Spot Weakness","floor":18},{"not_picked":["Thunderclap+1","Rage","Perfected Strike+1"],"picked":"SKIP","floor":20},{"not_picked":["Wild Strike+1","Body Slam+1"],"picked":"Fiend Fire+1","floor":22},{"not_picked":["Havoc","Warcry"],"picked":"Evolve+1","floor":24},{"not_picked":["Anger+1","Flex"],"picked":"Immolate+1","floor":28},{"not_picked":["Armaments","Headbutt+1"],"picked":"Feel No Pain","floor":29},{"not_picked":["Anger+1","Sword Boomerang+1"],"picked":"Metallicize","floor":30},{"not_picked":["Armaments","Cleave+1"],"picked":"Impervious","floor":31},{"not_picked":["Reaper+1","Barricade"],"picked":"Feed+1","floor":33},{"not_picked":["Havoc+1","Armaments","Bloodletting"],"picked":"SKIP","floor":35},{"not_picked":["Blood for Blood+1","Wild Strike+1"],"picked":"Feel No Pain","floor":37},{"not_picked":["Shrug It Off","Wild Strike+1","Flex+1"],"picked":"SKIP","floor":39},{"not_picked":["Feed+1","Anger+1"],"picked":"Reaper+1","floor":42},{"not_picked":["Thunderclap+1","Iron Wave+1","True Grit"],"picked":"SKIP","floor":45},{"not_picked":["True Grit","Armaments","Twin Strike+1"],"picked":"SKIP","floor":47},{"not_picked":["Thunderclap+1","Metallicize","Clothesline+1"],"picked":"SKIP","floor":48}],"player_experience":1281793,"relics_obtained":[{"floor":6,"key":"Meat on the Bone"},{"floor":9,"key":"Lantern"},{"floor":12,"key":"Molten Egg 2"},{"floor":14,"key":"Oddly Smooth Stone"},{"floor":24,"key":"Ancient Tea Set"},{"floor":26,"key":"Pantograph"},{"floor":28,"key":"Dead Branch"},{"floor":30,"key":"PreservedInsect"},{"floor":42,"key":"Art of War"},{"floor":44,"key":"Incense Burner"},{"floor":45,"key":"Omamori"}],"event_choices":[{"damage_healed":0,"gold_gain":0,"player_choice":"Success","damage_taken":26,"relics_obtained":["Pen Nib"],"max_hp_gain":0,"max_hp_loss":0,"event_name":"Scrap Ooze","floor":2,"gold_loss":0},{"damage_healed":0,"gold_gain":0,"player_choice":"Entered Light","damage_taken":23,"max_hp_gain":0,"max_hp_loss":0,"event_name":"Shining Light","floor":3,"gold_loss":0,"cards_upgraded":["Defend_R","Defend_R"]},{"damage_healed":0,"gold_gain":0,"cards_transformed":["Strike_R"],"player_choice":"Transformed","damage_taken":0,"max_hp_gain":0,"max_hp_loss":0,"event_name":"Transmorgrifier","floor":4,"gold_loss":0,"cards_obtained":["Sentinel"]},{"damage_healed":0,"gold_gain":0,"player_choice":"Simplicity","damage_taken":0,"max_hp_gain":0,"max_hp_loss":0,"event_name":"Back to Basics","floor":21,"gold_loss":0,"cards_upgraded":["Strike_R","Strike_R","Strike_R","Strike_R","Defend_R","Defend_R"]},{"damage_healed":0,"gold_gain":50,"player_choice":"Stole From Cult","damage_taken":0,"max_hp_gain":0,"max_hp_loss":0,"event_name":"Nest","floor":25,"gold_loss":0},{"cards_removed":["Strike_R"],"damage_healed":0,"gold_gain":0,"player_choice":"Removed Attack","damage_taken":0,"max_hp_gain":0,"max_hp_loss":0,"event_name":"Falling","floor":36,"gold_loss":0},{"damage_healed":0,"gold_gain":0,"player_choice":"Fight","damage_taken":0,"max_hp_gain":0,"max_hp_loss":0,"event_name":"MindBloom","floor":44,"gold_loss":0},{"damage_healed":0,"gold_gain":0,"player_choice":"Max HP","damage_taken":0,"max_hp_gain":0,"max_hp_loss":4,"event_name":"Winding Halls","floor":46,"gold_loss":0}],"is_beta":false,"boss_relics":[{"not_picked":["Runic Pyramid","Empty Cage"],"picked":"Snecko Eye"},{"not_picked":["Black Star","Pandora\u0027s Box"],"picked":"Sozu"}],"items_purged_floors":[],"is_endless":false,"potions_floor_spawned":[1,11,13,16,18,24,28,30,31,42,44,45,47,48],"killed_by":"Time Eater","ascension_level":20}