{"gold_per_floor":[215,231,98,98,98,98,128,128,128,158,171,28,28,103,103,177,177,177,177,10,10,10,10,10],"floor_reached":24,"playtime":1674,"items_purged":["Strike_B","Strike_B","Strike_B"],"score":404,"play_id":"4cda4261-e79e-400a-8650-bdc47bebc19c","local_time":"20190712135226","is_ascension_mode":true,"campfire_choices":[{"data":"Dualcast","floor":6,"key":"SMITH"},{"data":"Glacier","floor":8,"key":"SMITH"},{"floor":13,"key":"REST"},{"data":"Steam","floor":15,"key":"SMITH"},{"data":"Chill","floor":23,"key":"SMITH"}],"neow_cost":"NONE","seed_source_timestamp":0,"circlet_count":0,"master_deck":["AscendersBane","Strike_B","Defend_B","Defend_B","Defend_B","Defend_B","Zap+1","Dualcast+1","Glacier+1","Compile Driver","Conserve Battery","Compile Driver","Ball Lightning","Conserve Battery","Ball Lightning","Steam+1","Echo Form","Hologram","Chill+1","Ball Lightning","Cold Snap","Coolheaded"],"special_seed":0,"relics":["Cracked Core","The Courier","Lantern","Ectoplasm"],"potions_floor_usage":[16,16],"damage_taken":[{"damage":0.0,"enemies":"2 Louse","floor":1.0,"turns":2.0},{"damage":8.0,"enemies":"Small Slimes","floor":2.0,"turns":5.0},{"damage":24,"enemies":"Lagavulin","floor":7,"turns":9},{"damage":22,"enemies":"3 Sentries","floor":10,"turns":9},{"damage":0,"enemies":"Jaw Worm","floor":11,"turns":2},{"damage":23,"enemies":"Slime Boss","floor":16,"turns":12},{"damage":6,"enemies":"Shell Parasite","floor":18,"turns":5},{"damage":5,"enemies":"3 Byrds","floor":19,"turns":6},{"damage":11,"enemies":"Snecko","floor":22,"turns":6},{"damage":55,"enemies":"Gremlin Leader","floor":24,"turns":10}],"seed_played":"-9016705731039464401","potions_obtained":[{"floor":7,"key":"Block Potion"},{"floor":11,"key":"EssenceOfSteel"},{"floor":18,"key":"Poison Potion"},{"floor":21,"key":"Poison Potion"}],"is_trial":false,"path_per_floor":["M","M","$","?","?","R","E","R","T","E","M","$","R","?","R","B",null,"M","M","$","?","M","R","E"],"character_chosen":"DEFECT","items_purchased":["Conserve Battery","Ball Lightning","Steam","Ball Lightning","Cold Snap"],"campfire_rested":1,"item_purchase_floors":[3,12,12,20,20],"current_hp_per_floor":[64,56,56,61,61,61,37,37,37,15,15,15,37,26,26,3,58,52,47,47,47,36,36,0],"gold":10,"neow_bonus":"HUNDRED_GOLD","is_prod":false,"is_daily":false,"chose_seed":false,"campfire_upgraded":4,"win_rate":0,"timestamp":1562932346,"path_taken":["M","M","$","?","?","R","E","R","T","E","M","?","R","?","R","BOSS","M","M","$","?","?","R","E"],"build_version":"2019-07-05","purchased_purges":3,"victory":false,"max_hp_per_floor":[71,71,71,76,76,76,76,76,76,76,76,76,76,76,76,76,76,76,76,76,76,76,76,76],"card_choices":[{"not_picked":["Sweeping Beam","Barrage"],"picked":"Glacier","floor":1.0},{"not_picked":["Leap","Gash"],"picked":"Compile Driver","floor":2.0},{"not_picked":["Go for the Eyes","Stack"],"picked":"Compile Driver","floor":7},{"not_picked":["Glacier","Reinforced Body"],"picked":"Ball Lightning","floor":10},{"not_picked":["Skim","Chaos"],"picked":"Conserve Battery","floor":11},{"not_picked":["Machine Learning","All For One"],"picked":"Echo Form","floor":16},{"not_picked":["Compile Driver","Redo+1"],"picked":"Hologram","floor":18},{"not_picked":["Compile Driver+1","Barrage"],"picked":"Chill","floor":19},{"not_picked":["Cold Snap","Conserve Battery"],"picked":"Coolheaded","floor":22}],"player_experience":1793854,"relics_obtained":[{"floor":7,"key":"The Courier"},{"floor":10,"key":"Lantern"}],"event_choices":[{"damage_healed":0,"gold_gain":0,"player_choice":"Donut","damage_taken":0,"max_hp_gain":5,"max_hp_loss":0,"event_name":"Big Fish","floor":4,"gold_loss":0},{"damage_healed":0,"gold_gain":0,"player_choice":"Grow","damage_taken":0,"max_hp_gain":0,"max_hp_loss":0,"event_name":"Living Wall","floor":5,"gold_loss":0,"cards_upgraded":["Zap"]},{"damage_healed":0,"gold_gain":75,"player_choice":"Gather Gold","damage_taken":11,"max_hp_gain":0,"max_hp_loss":0,"event_name":"World of Goop","floor":14,"gold_loss":0},{"damage_healed":0,"gold_gain":0,"player_choice":"Got Potions","damage_taken":0,"max_hp_gain":0,"max_hp_loss":0,"event_name":"Lab","floor":21,"gold_loss":0}],"is_beta":false,"boss_relics":[{"not_picked":["Pandora\u0027s Box","Empty Cage"],"picked":"Ectoplasm"}],"items_purged_floors":[3,12,20],"is_endless":false,"potions_floor_spawned":[7,11,18],"killed_by":"Gremlin Leader","ascension_level":20}