{"gold_per_floor":[113,125,50,50,50,78,93,124,124,124,135,135,60,91,91,164,164,182,10,10,29,40,40,56,89,89,89,89,118,149,163,163,163],"floor_reached":33,"playtime":1110,"items_purged":["Strike_R"],"score":756,"play_id":"a6a8160b-a637-46d0-a42e-23ad22a382a1","local_time":"20190826183032","is_ascension_mode":true,"campfire_choices":[{"data":"Armaments","floor":10.0,"key":"SMITH"},{"data":"Bash","floor":12.0,"key":"SMITH"},{"data":"Disarm","floor":15.0,"key":"SMITH"},{"data":"Immolate","floor":23.0,"key":"SMITH"},{"data":"Ghostly","floor":27.0,"key":"SMITH"},{"data":"Combust","floor":32,"key":"SMITH"}],"neow_cost":"NONE","seed_source_timestamp":24230623802153,"circlet_count":0,"master_deck":["AscendersBane","Strike_R+1","Strike_R","Strike_R","Strike_R","Defend_R","Defend_R","Defend_R","Defend_R","Bash+1","Disarm+1","Combust+1","Headbutt+1","Shrug It Off","Armaments+1","Rampage","Uppercut","Dropkick","Feed","Immolate+1","Ghostly","Ghostly","Ghostly+1","Infernal Blade","Anger","Shrug It Off+1","Sword Boomerang+1","Rupture","Exhume"],"special_seed":0,"relics":["Burning Blood","NeowsBlessing","Pear","Dodecahedron","Art of War","Ice Cream","Runic Dome","Matryoshka","Bronze Scales","Blue Candle","Red Mask","Whetstone"],"potions_floor_usage":[33],"damage_taken":[{"damage":0.0,"enemies":"2 Louse","floor":1.0,"turns":1.0},{"damage":0.0,"enemies":"Jaw Worm","floor":2.0,"turns":1.0},{"damage":0.0,"enemies":"Lagavulin","floor":6.0,"turns":1.0},{"damage":9.0,"enemies":"Cultist","floor":7.0,"turns":4.0},{"damage":63.0,"enemies":"Gremlin Nob","floor":8.0,"turns":5.0},{"damage":26.0,"enemies":"Large Slime","floor":11.0,"turns":6.0},{"damage":15.0,"enemies":"Lagavulin","floor":14.0,"turns":7.0},{"damage":9.0,"enemies":"The Guardian","floor":16.0,"turns":12.0},{"damage":27.0,"enemies":"Shell Parasite","floor":18.0,"turns":6.0},{"damage":17.0,"enemies":"Spheric Guardian","floor":21.0,"turns":5.0},{"damage":21.0,"enemies":"Cultist and Chosen","floor":22.0,"turns":9.0},{"damage":5.0,"enemies":"Snake Plant","floor":24.0,"turns":4.0},{"damage":2.0,"enemies":"Gremlin Leader","floor":25.0,"turns":6.0},{"damage":0,"enemies":"Masked Bandits","floor":29,"turns":2},{"damage":3,"enemies":"Slavers","floor":30,"turns":3},{"damage":4,"enemies":"Snecko","floor":31,"turns":6},{"damage":46,"enemies":"Automaton","floor":33,"turns":6}],"seed_played":"-53391261380100406","potions_obtained":[{"floor":2.0,"key":"BloodPotion"},{"floor":6.0,"key":"SteroidPotion"},{"floor":14.0,"key":"Energy Potion"},{"floor":21.0,"key":"AttackPotion"}],"is_trial":false,"path_per_floor":["M","M","$","?","T","E","M","E","T","R","M","R","$","E","R","B",null,"M","$","?","M","M","R","M","E","T","R","$","?","E","M","R","B"],"character_chosen":"IRONCLAD","items_purchased":["Uppercut","Immolate"],"campfire_rested":0,"item_purchase_floors":[13,19],"current_hp_per_floor":[74,75,75,75,85,85,82,25,25,25,26,26,26,17,17,14,67,49,49,44,36,21,21,25,32,32,32,32,38,41,43,43,0],"gold":163,"neow_bonus":"THREE_ENEMY_KILL","is_prod":false,"is_daily":false,"chose_seed":false,"campfire_upgraded":6,"win_rate":0,"timestamp":1566837032,"path_taken":["M","M","$","?","?","E","M","E","T","R","?","R","$","E","R","BOSS","M","$","?","M","M","R","M","E","T","R","$","?","E","M","R","BOSS"],"build_version":"2019-07-17","purchased_purges":1,"victory":false,"max_hp_per_floor":[75,75,75,75,85,85,85,85,85,85,85,85,85,85,85,85,85,88,88,44,47,47,47,50,53,53,53,53,53,53,53,53,53],"card_choices":[{"not_picked":["Twin Strike","Havoc"],"picked":"Disarm","floor":1.0},{"not_picked":["True Grit","Burning Pact"],"picked":"Combust","floor":2.0},{"not_picked":["Flex","Searing Blow"],"picked":"Headbutt","floor":6.0},{"not_picked":["Wild Strike","Dual Wield"],"picked":"Shrug It Off","floor":7.0},{"not_picked":["Dropkick","Body Slam"],"picked":"Armaments","floor":8.0},{"not_picked":["Cleave","Havoc"],"picked":"Rampage","floor":11.0},{"not_picked":["Body Slam","Cleave"],"picked":"Dropkick","floor":14.0},{"not_picked":["Exhume","Limit Break"],"picked":"Feed","floor":16.0},{"not_picked":["Bloodletting","Heavy Blade","Uppercut"],"picked":"SKIP","floor":18.0},{"not_picked":["Havoc","Entrench"],"picked":"Infernal Blade","floor":21.0},{"not_picked":["Clothesline","Flex+1"],"picked":"Anger","floor":22.0},{"not_picked":["Flex","Warcry"],"picked":"Shrug It Off+1","floor":24.0},{"not_picked":["Anger+1","Flex"],"picked":"Sword Boomerang+1","floor":25.0},{"not_picked":["Hemokinesis","Anger"],"picked":"Rupture","floor":29},{"not_picked":["Twin Strike","Armaments"],"picked":"Exhume","floor":30},{"not_picked":["Armaments","Iron Wave","Cleave"],"picked":"SKIP","floor":31}],"player_experience":1976126,"relics_obtained":[{"floor":5.0,"key":"Pear"},{"floor":6.0,"key":"Dodecahedron"},{"floor":8.0,"key":"Art of War"},{"floor":14.0,"key":"Ice Cream"},{"floor":25.0,"key":"Matryoshka"},{"floor":26.0,"key":"Bronze Scales"},{"floor":26.0,"key":"Blue Candle"},{"floor":29,"key":"Red Mask"},{"floor":30,"key":"Whetstone"}],"event_choices":[{"damage_healed":0.0,"max_hp_gain":0.0,"max_hp_loss":0.0,"gold_gain":0.0,"event_name":"The Cleric","player_choice":"Leave","floor":4.0,"gold_loss":0.0,"damage_taken":0.0},{"damage_healed":0.0,"max_hp_gain":0.0,"max_hp_loss":44.0,"gold_gain":0.0,"event_name":"Ghosts","player_choice":"Became a Ghost","floor":20.0,"gold_loss":0.0,"damage_taken":0.0,"cards_obtained":["Ghostly","Ghostly","Ghostly"]},{"damage_healed":0,"gold_gain":0,"player_choice":"Fought Bandits","damage_taken":0,"max_hp_gain":0,"max_hp_loss":0,"event_name":"Masked Bandits","floor":29,"gold_loss":0}],"is_beta":false,"boss_relics":[{"not_picked":["White Beast Statue","Empty Cage"],"picked":"Runic Dome"}],"items_purged_floors":[3],"is_endless":false,"potions_floor_spawned":[2,6,14,16,21,24,29,31],"killed_by":"Automaton","ascension_level":20}