{"gold_per_floor":[111,138,35,35,54,85,98,127,152,208,221,235,266,283,283,361,361,373,384,384,396,413,413,444,464,539,573,593,612,247,247,247,325,325,337,357,404,404,420,420,449,482,506,534,355,369,387,180,180,180,180,180,180,46,71,71],"floor_reached":56,"playtime":3662,"items_purged":["Gash","Strike_B","Strike_B"],"score":2222,"play_id":"cde68e42-a20d-4c01-93e5-f639bed420ba","local_time":"20190610103623","is_ascension_mode":true,"campfire_choices":[{"floor":15.0,"key":"REST"},{"data":"Hyperbeam","floor":23.0,"key":"SMITH"},{"data":"Seek","floor":32.0,"key":"SMITH"},{"floor":40.0,"key":"RECALL"},{"floor":49.0,"key":"REST"},{"floor":53.0,"key":"REST"}],"neow_cost":"NONE","seed_source_timestamp":0,"circlet_count":0,"master_deck":["AscendersBane","Strike_B","Strike_B+1","Defend_B","Defend_B","Defend_B","Defend_B","Zap","Dualcast","Conserve Battery","Sweeping Beam","Melter","Compile Driver","Hologram","Seek+1","Undo","Self Repair","Electrodynamics","Echo Form","Capacitor","Coolheaded","Hyperbeam+1","Ball Lightning+1","Capacitor","Ghostly","Ghostly","Ghostly","Genetic Algorithm","Echo Form","Coolheaded","Biased Cognition","Static Discharge+1","Barrage+1","Doom and Gloom+1","Darkness","Turbo","Heatsinks"],"special_seed":0,"relics":["Cracked Core","NeowsBlessing","Dream Catcher","PreservedInsect","Blue Candle","Lantern","Tiny Chest","Centennial Puzzle","Snecko Eye","Anchor","Bottled Lightning","Boot","Membership Card","DataDisk","Fusion Hammer","WingedGreaves","Whetstone","Singing Bowl","Regal Pillow","Meat on the Bone","Oddly Smooth Stone","Pear","OrangePellets","Vajra"],"potions_floor_usage":[56,56],"damage_taken":[{"damage":0.0,"enemies":"Cultist","floor":1.0,"turns":1.0},{"damage":0.0,"enemies":"Jaw Worm","floor":5.0,"turns":1.0},{"damage":0.0,"enemies":"Gremlin Nob","floor":6.0,"turns":1.0},{"damage":0.0,"enemies":"Small Slimes","floor":7.0,"turns":2.0},{"damage":22.0,"enemies":"Lagavulin","floor":8.0,"turns":6.0},{"damage":10.0,"enemies":"3 Sentries","floor":10.0,"turns":3.0},{"damage":7.0,"enemies":"2 Fungi Beasts","floor":11.0,"turns":3.0},{"damage":3.0,"enemies":"3 Louse","floor":12.0,"turns":2.0},{"damage":12.0,"enemies":"Lagavulin","floor":13.0,"turns":6.0},{"damage":3.0,"enemies":"Exordium Wildlife","floor":14.0,"turns":3.0},{"damage":36.0,"enemies":"Slime Boss","floor":16.0,"turns":7.0},{"damage":12.0,"enemies":"2 Thieves","floor":18.0,"turns":4.0},{"damage":0.0,"enemies":"Spheric Guardian","floor":19.0,"turns":1.0},{"damage":24.0,"enemies":"Centurion and Healer","floor":21.0,"turns":5.0},{"damage":1.0,"enemies":"Shelled Parasite and Fungi","floor":22.0,"turns":9.0},{"damage":3.0,"enemies":"Slavers","floor":24.0,"turns":3.0},{"damage":25.0,"enemies":"Cultist and Chosen","floor":25.0,"turns":7.0},{"damage":0.0,"enemies":"Gremlin Leader","floor":27.0,"turns":4.0},{"damage":4.0,"enemies":"Centurion and Healer","floor":28.0,"turns":8.0},{"damage":14.0,"enemies":"Snake Plant","floor":29.0,"turns":6.0},{"damage":8.0,"enemies":"Automaton","floor":33.0,"turns":12.0},{"damage":0.0,"enemies":"Orb Walker","floor":35.0,"turns":4.0},{"damage":10.0,"enemies":"3 Shapes","floor":36.0,"turns":4.0},{"damage":23.0,"enemies":"2 Orb Walkers","floor":37.0,"turns":5.0},{"damage":3.0,"enemies":"3 Darklings","floor":39.0,"turns":4.0},{"damage":8.0,"enemies":"Reptomancer","floor":41.0,"turns":7.0},{"damage":19.0,"enemies":"Nemesis","floor":42.0,"turns":7.0},{"damage":10.0,"enemies":"Reptomancer","floor":44.0,"turns":6.0},{"damage":0.0,"enemies":"Transient","floor":46.0,"turns":6.0},{"damage":3.0,"enemies":"Jaw Worm Horde","floor":47.0,"turns":4.0},{"damage":36.0,"enemies":"Time Eater","floor":50.0,"turns":9.0},{"damage":0.0,"enemies":"Donu and Deca","floor":51.0,"turns":8.0},{"damage":35.0,"enemies":"Shield and Spear","floor":55.0,"turns":7.0},{"damage":54,"enemies":"The Heart","floor":56,"turns":9}],"seed_played":"-4362828897790424702","potions_obtained":[{"floor":1.0,"key":"Strength Potion"},{"floor":6.0,"key":"Weak Potion"},{"floor":11.0,"key":"SkillPotion"},{"floor":25.0,"key":"Energy Potion"},{"floor":29.0,"key":"Regen Potion"},{"floor":33.0,"key":"Strength Potion"},{"floor":35.0,"key":"PowerPotion"},{"floor":42.0,"key":"Dexterity Potion"},{"floor":44.0,"key":"Weak Potion"},{"floor":46.0,"key":"SkillPotion"},{"floor":55.0,"key":"FocusPotion"}],"is_trial":false,"path_per_floor":["M","T","$","?","M","E","M","E","T","E","M","M","E","M","R","B",null,"M","M","?","M","M","R","E","M","T","E","M","M","$","?","R","B",null,"M","M","?","T","M","R","E","E","T","E","$","M","M","$","R","B","B",null,"R","$","E","B"],"character_chosen":"DEFECT","items_purchased":["Sweeping Beam","Gash","Membership Card","DataDisk","Coolheaded","Darkness","Oddly Smooth Stone","Pear","OrangePellets","Heatsinks"],"campfire_rested":3,"item_purchase_floors":[3,3,30,30,30,45,45,48,54,54],"current_hp_per_floor":[64,64,64,64,64,64,64,42,42,32,25,22,17,21,42,6,55,43,43,35,18,31,31,28,17,17,31,35,21,21,14,14,20,35,40,37,28,28,39,39,31,28,28,25,25,41,40,50,56,46,53,55,58,58,51,0],"gold":71,"neow_bonus":"THREE_ENEMY_KILL","is_prod":false,"is_daily":false,"chose_seed":false,"campfire_upgraded":2,"win_rate":0,"timestamp":1560155783,"path_taken":["M","?","$","?","M","E","M","E","T","E","M","M","E","M","R","BOSS","M","M","?","M","M","R","E","M","T","E","M","M","$","?","R","BOSS","M","M","?","?","M","R","E","E","T","E","?","M","M","$","R","BOSS","BOSS","R","$","E","BOSS"],"build_version":"2019-01-23","purchased_purges":3,"victory":false,"max_hp_per_floor":[71,71,71,71,71,71,71,71,71,71,71,71,71,71,71,71,71,71,71,35,35,35,35,35,35,35,35,35,35,35,40,40,40,40,40,40,40,40,40,40,40,42,42,42,42,44,46,56,56,56,56,56,58,58,60,60],"card_choices":[{"not_picked":["BootSequence","White Noise"],"picked":"Conserve Battery","floor":1.0},{"not_picked":["Force Field","Undo"],"picked":"Melter","floor":5.0},{"not_picked":["Consume","Auto Shields"],"picked":"Compile Driver","floor":6.0},{"not_picked":["Stack","Streamline"],"picked":"Hologram","floor":7.0},{"not_picked":["Sweeping Beam","Rebound"],"picked":"Seek","floor":8.0},{"not_picked":["Go for the Eyes","Compile Driver"],"picked":"Undo","floor":10.0},{"not_picked":["Steam","Go for the Eyes"],"picked":"Self Repair","floor":11.0},{"not_picked":["Turbo","Streamline"],"picked":"Electrodynamics","floor":12.0},{"not_picked":["Compile Driver","Capacitor"],"picked":"Echo Form","floor":13.0},{"not_picked":["Beam Cell","BootSequence"],"picked":"Capacitor","floor":14.0},{"not_picked":["Hello World","Conserve Battery"],"picked":"Coolheaded","floor":15.0},{"not_picked":["Machine Learning","All For One"],"picked":"Hyperbeam","floor":16.0},{"not_picked":["Gash","Cold Snap"],"picked":"Ball Lightning","floor":18.0},{"not_picked":["Leap","Streamline"],"picked":"Capacitor","floor":19.0},{"not_picked":["BootSequence","Leap+1","Turbo"],"picked":"SKIP","floor":21.0},{"not_picked":["Cold Snap","Self Repair+1"],"picked":"Genetic Algorithm","floor":22.0},{"not_picked":["Turbo","Rebound+1","Auto Shields+1"],"picked":"SKIP","floor":24.0},{"not_picked":["Hologram","Chaos"],"picked":"Echo Form","floor":25.0},{"not_picked":["Capacitor+1","Hello World","Rip and Tear"],"picked":"SKIP","floor":27.0},{"not_picked":["Recycle","Stack","Coolheaded"],"picked":"SKIP","floor":28.0},{"not_picked":["Rebound","Coolheaded","Compile Driver"],"picked":"SKIP","floor":29.0},{"not_picked":["Echo Form","Core Surge"],"picked":"Biased Cognition","floor":33.0},{"not_picked":["Redo","Ball Lightning","Rip and Tear+1"],"picked":"SKIP","floor":35.0},{"not_picked":["Chill+1","Leap","Rip and Tear"],"picked":"SKIP","floor":36.0},{"not_picked":["Steam","Leap+1"],"picked":"Static Discharge+1","floor":37.0},{"not_picked":["Steam Power","Double Energy","Sweeping Beam"],"picked":"SKIP","floor":39.0},{"not_picked":["Hologram","Hyperbeam"],"picked":"Barrage+1","floor":41.0},{"not_picked":["Gash","Cold Snap+1","Streamline"],"picked":"Singing Bowl","floor":42.0},{"not_picked":["Conserve Battery","Gash"],"picked":"Doom and Gloom+1","floor":44.0},{"not_picked":["Redo+1","Go for the Eyes","Doom and Gloom"],"picked":"Singing Bowl","floor":46.0},{"not_picked":["Melter+1","Reprogram","Cold Snap"],"picked":"Singing Bowl","floor":47.0},{"not_picked":["Fusion","Reinforced Body"],"picked":"Turbo","floor":49.0},{"not_picked":["Static Discharge","Blizzard","Reprogram+1"],"picked":"Singing Bowl","floor":53.0},{"not_picked":["Rebound+1","Sweeping Beam","Redo"],"picked":"Singing Bowl","floor":55.0}],"player_experience":1726435,"relics_obtained":[{"floor":2.0,"key":"Dream Catcher"},{"floor":6.0,"key":"PreservedInsect"},{"floor":8.0,"key":"Blue Candle"},{"floor":9.0,"key":"Lantern"},{"floor":10.0,"key":"Tiny Chest"},{"floor":13.0,"key":"Centennial Puzzle"},{"floor":24.0,"key":"Anchor"},{"floor":26.0,"key":"Bottled Lightning"},{"floor":27.0,"key":"Boot"},{"floor":37.0,"key":"WingedGreaves"},{"floor":41.0,"key":"Whetstone"},{"floor":42.0,"key":"Singing Bowl"},{"floor":43.0,"key":"Regal Pillow"},{"floor":44.0,"key":"Meat on the Bone"},{"floor":55.0,"key":"Vajra"}],"event_choices":[{"damage_healed":0.0,"max_hp_gain":0.0,"max_hp_loss":0.0,"gold_gain":0.0,"event_name":"Liars Game","player_choice":"Ignored","floor":4.0,"gold_loss":0.0,"damage_taken":0.0},{"damage_healed":0.0,"max_hp_gain":0.0,"max_hp_loss":36.0,"gold_gain":0.0,"event_name":"Ghosts","player_choice":"Became a Ghost","floor":20.0,"gold_loss":0.0,"damage_taken":0.0,"cards_obtained":["Ghostly","Ghostly","Ghostly"]},{"damage_healed":0.0,"max_hp_gain":5.0,"max_hp_loss":0.0,"gold_gain":0.0,"event_name":"Forgotten Altar","player_choice":"Shed Blood","floor":31.0,"gold_loss":0.0,"damage_taken":12.0},{"damage_healed":0.0,"max_hp_gain":0.0,"max_hp_loss":0.0,"gold_gain":0.0,"event_name":"Mysterious Sphere","player_choice":"Fight","floor":37.0,"gold_loss":0.0,"damage_taken":0.0}],"is_beta":false,"boss_relics":[{"not_picked":["Busted Crown","Pandora\u0027s Box"],"picked":"Snecko Eye"},{"not_picked":["Nuclear Battery","Calling Bell"],"picked":"Fusion Hammer"}],"items_purged_floors":[30,45,48],"is_endless":false,"potions_floor_spawned":[1,6,8,11,12,16,18,25,29,33,35,42,44,46,47,55],"killed_by":"The Heart","ascension_level":20}