{"gold_per_floor":[112,128,138,154,154,187,199,199,272,272,307,325,345,380,380,477,477,497,509,237,255,255,255,289,289,342,342,354,354,387,387,387,488,488,502,502,512,529,280,280,308,308,333,353,96,109,109,129,129,129,129,129,4,39,39],"floor_reached":56,"playtime":5139,"items_purged":["Strike_P","Strike_P+1","Strike_P+1"],"score":1339,"play_id":"d53a660e-4e2d-44d2-9833-541c0dee309e","local_time":"20191001205140","is_ascension_mode":false,"campfire_choices":[{"data":"Eruption","floor":8.0,"key":"SMITH"},{"data":"WindmillStrike","floor":10.0,"key":"SMITH"},{"data":"CutThroughFate","floor":15.0,"key":"SMITH"},{"data":"ThirdEye","floor":23.0,"key":"SMITH"},{"data":"Vigilance","floor":25.0,"key":"SMITH"},{"data":"Consecrate","floor":29.0,"key":"SMITH"},{"data":"SandsOfTime","floor":32.0,"key":"SMITH"},{"data":"ConjureBlade","floor":40.0,"key":"SMITH"},{"data":"Panache","floor":47.0,"key":"SMITH"},{"floor":49.0,"key":"RECALL"},{"data":"Nirvana","floor":52.0,"key":"SMITH"}],"neow_cost":"NONE","seed_source_timestamp":0,"circlet_count":0,"master_deck":["Strike_P+1","Defend_P+1","Defend_P+1","Defend_P+1","Defend_P+1","Eruption+1","Vigilance+1","WindmillStrike+1","Consecrate+1","CutThroughFate+1","ClearTheMind","Nirvana+1","SandsOfTime+1","DevaForm","Panache+1","ThirdEye+1","Devotion+1","ConjureBlade+1","CutThroughFate+1","Devotion+1"],"special_seed":0,"relics":["HolyWater","FossilizedHelix","Incense Burner","Sundial","Bag of Preparation","Odd Mushroom","MealTicket","Pocketwatch","InkBottle","Sozu","Happy Flower","Kunai","Molten Egg 2","Toy Ornithopter","Anchor","Ice Cream"],"potions_floor_usage":[55,55],"damage_taken":[{"damage":0.0,"enemies":"2 Louse","floor":1.0,"turns":2.0},{"damage":0.0,"enemies":"Cultist","floor":2.0,"turns":4.0},{"damage":3.0,"enemies":"Jaw Worm","floor":3.0,"turns":3.0},{"damage":10.0,"enemies":"Looter","floor":4.0,"turns":3.0},{"damage":0.0,"enemies":"Gremlin Nob","floor":6.0,"turns":4.0},{"damage":0.0,"enemies":"2 Fungi Beasts","floor":7.0,"turns":4.0},{"damage":13.0,"enemies":"3 Sentries","floor":11.0,"turns":6.0},{"damage":0.0,"enemies":"Red Slaver","floor":12.0,"turns":3.0},{"damage":3.0,"enemies":"The Mushroom Lair","floor":13.0,"turns":4.0},{"damage":0.0,"enemies":"Gremlin Nob","floor":14.0,"turns":2.0},{"damage":0.0,"enemies":"Slime Boss","floor":16.0,"turns":5.0},{"damage":7.0,"enemies":"Shell Parasite","floor":18.0,"turns":3.0},{"damage":15.0,"enemies":"2 Thieves","floor":19.0,"turns":3.0},{"damage":0.0,"enemies":"Chosen and Byrds","floor":21.0,"turns":3.0},{"damage":0.0,"enemies":"Centurion and Healer","floor":22.0,"turns":1.0},{"damage":4.0,"enemies":"Book of Stabbing","floor":24.0,"turns":6.0},{"damage":0.0,"enemies":"Cultist and Chosen","floor":28.0,"turns":3.0},{"damage":0.0,"enemies":"Gremlin Leader","floor":30.0,"turns":4.0},{"damage":4.0,"enemies":"Collector","floor":33.0,"turns":6.0},{"damage":10.0,"enemies":"3 Darklings","floor":35.0,"turns":4.0},{"damage":0.0,"enemies":"3 Shapes","floor":37.0,"turns":5.0},{"damage":0.0,"enemies":"Maw","floor":38.0,"turns":6.0},{"damage":0.0,"enemies":"Giant Head","floor":41.0,"turns":6.0},{"damage":6.0,"enemies":"Writhing Mass","floor":44.0,"turns":4.0},{"damage":0.0,"enemies":"Spire Growth","floor":46.0,"turns":4.0},{"damage":0.0,"enemies":"Maw","floor":48.0,"turns":5.0},{"damage":38.0,"enemies":"Donu and Deca","floor":50.0,"turns":6.0},{"damage":31.0,"enemies":"Shield and Spear","floor":54.0,"turns":5.0},{"damage":72,"enemies":"The Heart","floor":55,"turns":6}],"seed_played":"3547276886300105510","potions_obtained":[{"floor":1.0,"key":"SpeedPotion"},{"floor":2.0,"key":"LiquidBronze"},{"floor":3.0,"key":"DuplicationPotion"},{"floor":7.0,"key":"SteroidPotion"},{"floor":12.0,"key":"SmokeBomb"},{"floor":21.0,"key":"StancePotion"},{"floor":24.0,"key":"Fruit Juice"},{"floor":28.0,"key":"Strength Potion"},{"floor":33.0,"key":"Regen Potion"}],"is_trial":false,"path_per_floor":["M","M","M","M","?","E","M","R","T","R","E","M","?","E","R","B",null,"M","M","$","M","M","R","E","R","T","?","M","R","E","?","R","B",null,"M","T","M","M","$","R","E","?","T","M","$","M","R","M","R","B",null,"R","$","E","B",null],"character_chosen":"WATCHER","items_purchased":["Panache","Kunai","Anchor"],"campfire_rested":0,"item_purchase_floors":[20,39,45],"current_hp_per_floor":[79,79,76,66,66,66,66,66,66,66,53,53,50,50,50,50,79,72,57,72,72,72,72,68,68,68,68,68,68,73,73,73,69,84,74,74,74,74,84,84,84,84,84,78,84,84,84,84,84,46,84,84,84,67,5],"gold":39,"neow_bonus":"TEN_PERCENT_HP_BONUS","is_prod":false,"is_daily":false,"chose_seed":false,"campfire_upgraded":10,"win_rate":0.0,"timestamp":1569934300,"path_taken":["M","M","M","M","?","E","M","R","T","R","E","?","?","E","R","BOSS","M","M","$","M","M","R","E","R","T","?","M","R","E","?","R","BOSS","M","?","M","M","$","R","E","?","T","M","$","M","R","M","R","BOSS","R","$","E","BOSS"],"build_version":"2019-09-27","purchased_purges":3,"victory":true,"max_hp_per_floor":[79,79,79,79,79,79,79,79,79,79,79,79,79,79,79,79,79,79,79,79,79,79,79,79,79,79,79,79,79,84,84,84,84,84,84,84,84,84,84,84,84,84,84,84,84,84,84,84,84,84,84,84,84,84,84],"card_choices":[{"not_picked":["Scrawl","FlurryOfBlows"],"picked":"WindmillStrike","floor":1.0},{"not_picked":["Halt","FlowState"],"picked":"Consecrate","floor":2.0},{"not_picked":["WheelKick","FlowState","CrushJoints"],"picked":"SKIP","floor":3.0},{"not_picked":["SashWhip","CrushJoints","BowlingBash"],"picked":"SKIP","floor":4.0},{"not_picked":["Prostrate","Swivel"],"picked":"CutThroughFate","floor":6.0},{"not_picked":["FollowUp","PathToVictory"],"picked":"ClearTheMind","floor":7.0},{"not_picked":["BowlingBash","Weave"],"picked":"Nirvana","floor":11.0},{"not_picked":["Protect","EmptyFist"],"picked":"SandsOfTime","floor":12.0},{"not_picked":["BattleHymn","Tantrum","SashWhip"],"picked":"SKIP","floor":14.0},{"not_picked":["Pray","Adaptation"],"picked":"DevaForm","floor":16.0},{"not_picked":["Perseverance+1","Meditate","ClearTheMind"],"picked":"SKIP","floor":18.0},{"not_picked":["SashWhip+1","Worship+1","Perseverance"],"picked":"SKIP","floor":19.0},{"not_picked":["Protect","EmptyBody"],"picked":"ThirdEye","floor":21.0},{"not_picked":["BowlingBash","SashWhip","CutThroughFate"],"picked":"SKIP","floor":24.0},{"not_picked":["CrushJoints","Conclude","Meditate"],"picked":"SKIP","floor":28.0},{"not_picked":["Sanctity+1","FollowUp"],"picked":"Devotion+1","floor":30.0},{"not_picked":["DeusExMachina","ReachHeaven"],"picked":"ConjureBlade","floor":33.0},{"not_picked":["Prostrate+1","MasterReality+1","FlyingSleeves+1"],"picked":"SKIP","floor":35.0},{"not_picked":["SandsOfTime+1","SashWhip","Weave+1"],"picked":"SKIP","floor":37.0},{"not_picked":["CarveReality+1","EmptyBody+1","JustLucky"],"picked":"SKIP","floor":38.0},{"not_picked":["MentalFortress+1","WaveOfTheHand","FollowUp+1"],"picked":"SKIP","floor":41.0},{"not_picked":["FollowUp+1","SignatureMove+1","EmptyMind+1"],"picked":"SKIP","floor":44.0},{"not_picked":["ThirdEye","Perseverance+1"],"picked":"CutThroughFate+1","floor":46.0},{"not_picked":["PathToVictory","ThirdEye","FollowUp+1"],"picked":"SKIP","floor":48.0},{"not_picked":["Consecrate+1","ClearTheMind"],"picked":"Devotion+1","floor":54.0}],"player_experience":316524,"relics_obtained":[{"floor":6.0,"key":"Incense Burner"},{"floor":9.0,"key":"Sundial"},{"floor":11.0,"key":"Bag of Preparation"},{"floor":13.0,"key":"Odd Mushroom"},{"floor":14.0,"key":"MealTicket"},{"floor":24.0,"key":"Pocketwatch"},{"floor":30.0,"key":"InkBottle"},{"floor":36.0,"key":"Happy Flower"},{"floor":41.0,"key":"Molten Egg 2"},{"floor":43.0,"key":"Toy Ornithopter"},{"floor":54.0,"key":"Ice Cream"}],"event_choices":[{"damage_healed":0.0,"max_hp_gain":0.0,"max_hp_loss":0.0,"gold_gain":0.0,"event_name":"WeMeetAgain","player_choice":"Gave Potion","floor":5.0,"gold_loss":0.0,"damage_taken":0.0,"relics_obtained":["FossilizedHelix"]},{"damage_healed":0.0,"max_hp_gain":0.0,"max_hp_loss":0.0,"gold_gain":0.0,"event_name":"Mushrooms","player_choice":"Fought Mushrooms","floor":13.0,"gold_loss":0.0,"damage_taken":0.0},{"damage_healed":0.0,"max_hp_gain":0.0,"max_hp_loss":0.0,"gold_gain":0.0,"event_name":"Back to Basics","player_choice":"Simplicity","floor":27.0,"gold_loss":0.0,"damage_taken":0.0,"cards_upgraded":["Strike_P","Strike_P","Strike_P","Defend_P","Defend_P","Defend_P","Defend_P"]},{"damage_healed":0.0,"max_hp_gain":0.0,"max_hp_loss":0.0,"gold_gain":0.0,"event_name":"Transmorgrifier","player_choice":"Ignored","floor":31.0,"gold_loss":0.0,"damage_taken":0.0},{"damage_healed":0.0,"max_hp_gain":0.0,"max_hp_loss":0.0,"gold_gain":0.0,"event_name":"The Woman in Blue","player_choice":"Bought 0 Potions","floor":42.0,"gold_loss":0.0,"damage_taken":0.0}],"is_beta":true,"boss_relics":[{"not_picked":["SlaversCollar","Runic Pyramid"],"picked":"HolyWater"},{"not_picked":["Cursed Key","Busted Crown"],"picked":"Sozu"}],"items_purged_floors":[20,45,53],"is_endless":false,"potions_floor_spawned":[1,2,3,7,12,21,22,24,28,33,35,41,48,54],"ascension_level":0}