{"gold_per_floor":[117,129,304,205,217,217,231,248,248,248,97,117,132,163,163,260,260,270,289,389,401,239,239,256,273,318,318,318,328,98,98],"floor_reached":31,"playtime":4708,"items_purged":["Doubt","Strike_B","Strike_B","Strike_B"],"score":266,"play_id":"7ac8a111-a00e-4801-ad44-22fadf775f28","local_time":"20190211062406","is_ascension_mode":false,"campfire_choices":[{"data":"Go for the Eyes","floor":6.0,"key":"SMITH"},{"data":"Reboot","floor":10.0,"key":"SMITH"},{"data":"Coolheaded","floor":15.0,"key":"SMITH"},{"data":"Creative AI","floor":23,"key":"SMITH"},{"data":"Redo","floor":27,"key":"SMITH"}],"neow_cost":"NONE","seed_source_timestamp":0,"circlet_count":0,"master_deck":["Defend_B","Defend_B","Defend_B","Defend_B","Zap","Dualcast","Glacier","Darkness","Go for the Eyes+1","Cold Snap","Reboot+1","Coolheaded+1","Blizzard","Consume","Creative AI+1","Cold Snap","Ball Lightning+1","Cold Snap","Rip and Tear+1","Defragment","Redo+1","Coolheaded","All For One","Skim"],"special_seed":0,"relics":["Cracked Core","Kunai","Gremlin Horn","Sozu","Du-Vu Doll","Bottled Lightning","Orichalcum"],"potions_floor_usage":[31],"damage_taken":[{"damage":0.0,"enemies":"2 Louse","floor":1.0,"turns":2.0},{"damage":0.0,"enemies":"Jaw Worm","floor":2.0,"turns":4.0},{"damage":0.0,"enemies":"Cultist","floor":5.0,"turns":3.0},{"damage":9.0,"enemies":"Exordium Thugs","floor":7.0,"turns":7.0},{"damage":9.0,"enemies":"Exordium Wildlife","floor":8.0,"turns":5.0},{"damage":0.0,"enemies":"Blue Slaver","floor":12.0,"turns":4.0},{"damage":0.0,"enemies":"Red Slaver","floor":13.0,"turns":4.0},{"damage":0.0,"enemies":"Lagavulin","floor":14.0,"turns":7.0},{"damage":12.0,"enemies":"Slime Boss","floor":16.0,"turns":14.0},{"damage":0.0,"enemies":"3 Byrds","floor":18.0,"turns":6.0},{"damage":0.0,"enemies":"Chosen","floor":19.0,"turns":6.0},{"damage":18.0,"enemies":"Colosseum Slavers","floor":20.0,"turns":4.0},{"damage":11.0,"enemies":"Colosseum Nobs","floor":20.0,"turns":6.0},{"damage":10.0,"enemies":"Sentry and Sphere","floor":21.0,"turns":5.0},{"damage":10,"enemies":"Cultist and Chosen","floor":24,"turns":9},{"damage":12,"enemies":"Shelled Parasite and Fungi","floor":25,"turns":6},{"damage":0,"enemies":"Snake Plant","floor":29,"turns":7},{"damage":14,"enemies":"Slavers","floor":31,"turns":1}],"seed_played":"3170083456702718298","potions_obtained":[{"floor":2.0,"key":"Energy Potion"},{"floor":5.0,"key":"Dexterity Potion"},{"floor":14.0,"key":"SkillPotion"},{"floor":16.0,"key":"EntropicBrew"}],"is_trial":false,"path_per_floor":["M","M","?","$","M","R","M","M","T","R","$","M","M","E","R","B",null,"M","M","?","M","$","R","M","M","T","R","?","M","$","E"],"character_chosen":"DEFECT","items_purchased":["Go for the Eyes","Coolheaded","Defragment","Skim"],"campfire_rested":0,"item_purchase_floors":[4,11,22,30],"current_hp_per_floor":[75,75,75,75,75,75,66,57,57,57,57,57,57,57,57,45,75,75,75,46,36,36,36,26,14,14,14,14,14,14,0],"gold":98,"neow_bonus":"REMOVE_CARD","is_prod":false,"is_daily":false,"chose_seed":false,"campfire_upgraded":5,"win_rate":0.0,"timestamp":1549895046,"path_taken":["M","M","?","$","M","R","M","M","T","R","$","M","M","E","R","BOSS","M","M","?","M","$","R","M","M","T","R","?","?","$","E"],"build_version":"2019-01-23","purchased_purges":4,"victory":false,"max_hp_per_floor":[75,75,75,75,75,75,75,75,75,75,75,75,75,75,75,75,75,75,75,75,75,75,75,75,75,75,75,75,75,75,75],"card_choices":[{"not_picked":["Streamline","Reprogram"],"picked":"Glacier","floor":1.0},{"not_picked":["Rebound","Steam Power"],"picked":"Darkness","floor":2.0},{"not_picked":["Sunder","Compile Driver"],"picked":"Cold Snap","floor":5.0},{"not_picked":["Hologram","Turbo"],"picked":"Reboot","floor":7.0},{"not_picked":["Steam","Hello World","Conserve Battery"],"picked":"SKIP","floor":8.0},{"not_picked":["Loop","Compile Driver"],"picked":"Blizzard","floor":12.0},{"not_picked":["Storm","Glacier","Stack"],"picked":"SKIP","floor":13.0},{"not_picked":["Compile Driver","Doom and Gloom"],"picked":"Consume","floor":14.0},{"not_picked":["Reboot","Core Surge"],"picked":"Creative AI","floor":16.0},{"not_picked":["Steam","Rip and Tear"],"picked":"Cold Snap","floor":18.0},{"not_picked":["Leap+1","Stack"],"picked":"Ball Lightning+1","floor":19.0},{"not_picked":["Force Field","Auto Shields"],"picked":"Cold Snap","floor":20.0},{"not_picked":["Stack","Thunder Strike"],"picked":"Rip and Tear+1","floor":21.0},{"not_picked":["Beam Cell","Turbo","Compile Driver"],"picked":"SKIP","floor":24},{"not_picked":["Beam Cell","Turbo","Compile Driver"],"picked":"SKIP","floor":24},{"not_picked":["Gash","Consume"],"picked":"Redo","floor":25},{"not_picked":["Ball Lightning","Stack"],"picked":"All For One","floor":29}],"player_experience":112266,"relics_obtained":[{"floor":9.0,"key":"Kunai"},{"floor":14.0,"key":"Gremlin Horn"},{"floor":20.0,"key":"Du-Vu Doll"},{"floor":20.0,"key":"Bottled Lightning"},{"floor":26,"key":"Orichalcum"}],"event_choices":[{"damage_healed":0.0,"max_hp_gain":0.0,"max_hp_loss":0.0,"gold_gain":175.0,"event_name":"Liars Game","player_choice":"AGREE","floor":3.0,"gold_loss":0.0,"damage_taken":0.0,"cards_obtained":["Doubt"]},{"damage_healed":0.0,"max_hp_gain":0.0,"max_hp_loss":0.0,"gold_gain":0.0,"event_name":"Colosseum","player_choice":"Fight","floor":20.0,"gold_loss":0.0,"damage_taken":0.0},{"damage_healed":0.0,"max_hp_gain":0.0,"max_hp_loss":0.0,"gold_gain":0.0,"event_name":"Colosseum","player_choice":"Fought Nobs","floor":20.0,"gold_loss":0.0,"damage_taken":0.0},{"damage_healed":0,"gold_gain":0,"player_choice":"1 cards matched","damage_taken":0,"max_hp_gain":0,"max_hp_loss":0,"event_name":"Match and Keep!","floor":28,"gold_loss":0,"cards_obtained":["Coolheaded"]}],"is_beta":false,"boss_relics":[{"not_picked":["Velvet Choker","Empty Cage"],"picked":"Sozu"}],"items_purged_floors":[4,11,22,30],"is_endless":false,"potions_floor_spawned":[2,5,14,16,20,24,29],"killed_by":"Slavers","ascension_level":0}