{"gold_per_floor":[11,24,24,24,42,42,74,85,112,125,125,152,152,162,162,238,238,258,269,33,33,60,60,95,95,147,174,274,287,303,319,319,392,392,409,409,18,118,138,165,90,121,121,137,156,156,186,202,202,202,202],"floor_reached":52,"playtime":2196,"items_purged":["Strike_R"],"score":2134,"play_id":"0010ac18-6562-402c-b761-5c9ffd3f00c9","local_time":"20190318004045","is_ascension_mode":true,"campfire_choices":[{"data":"Inflame","floor":6.0,"key":"SMITH"},{"data":"Bash","floor":13.0,"key":"SMITH"},{"data":"Spot Weakness","floor":15.0,"key":"SMITH"},{"data":"Immolate","floor":23.0,"key":"SMITH"},{"data":"Spot Weakness","floor":25.0,"key":"SMITH"},{"data":"Rage","floor":32.0,"key":"SMITH"},{"data":"Shockwave","floor":46.0,"key":"SMITH"},{"data":"Exhume","floor":49,"key":"SMITH"}],"neow_cost":"NO_GOLD","seed_source_timestamp":0,"circlet_count":0,"master_deck":["AscendersBane","Strike_R+1","Strike_R","Strike_R","Defend_R","Defend_R","Defend_R","Defend_R","Bash+1","Thunderclap","Inflame+1","Anger+1","Spot Weakness+1","Twin Strike","Evolve","Sword Boomerang","Immolate+1","Sword Boomerang","Rage+1","Feed","Spot Weakness+1","Metallicize+1","Immolate","Seeing Red","Shrug It Off","Reaper","Bloodletting+1","Shockwave+1","Shrug It Off","Heavy Blade","Exhume+1","Heavy Blade+1"],"special_seed":0,"relics":["Burning Blood","FossilizedHelix","Pen Nib","Anchor","NlothsMask","Whetstone","Coffee Dripper","Red Mask","PreservedInsect","Potion Belt","Unceasing Top","Shuriken","Runic Pyramid","ClockworkSouvenir","Centennial Puzzle","Turnip","Art of War","Boot","Mummified Hand","Meat on the Bone"],"potions_floor_usage":[],"damage_taken":[{"damage":0.0,"enemies":"Cultist","floor":1.0,"turns":3.0},{"damage":0.0,"enemies":"2 Louse","floor":2.0,"turns":2.0},{"damage":0.0,"enemies":"Small Slimes","floor":5.0,"turns":3.0},{"damage":15.0,"enemies":"Lagavulin","floor":7.0,"turns":5.0},{"damage":0.0,"enemies":"Red Slaver","floor":8.0,"turns":2.0},{"damage":0.0,"enemies":"2 Fungi Beasts","floor":10.0,"turns":3.0},{"damage":10.0,"enemies":"3 Sentries","floor":12.0,"turns":5.0},{"damage":8.0,"enemies":"3 Louse","floor":14.0,"turns":3.0},{"damage":8.0,"enemies":"Slime Boss","floor":16.0,"turns":8.0},{"damage":13.0,"enemies":"Chosen","floor":18.0,"turns":4.0},{"damage":0.0,"enemies":"Spheric Guardian","floor":19.0,"turns":3.0},{"damage":30.0,"enemies":"Masked Bandits","floor":22.0,"turns":4.0},{"damage":0.0,"enemies":"Gremlin Leader","floor":24.0,"turns":6.0},{"damage":27.0,"enemies":"Book of Stabbing","floor":27.0,"turns":4.0},{"damage":4.0,"enemies":"Colosseum Slavers","floor":28.0,"turns":4.0},{"damage":0.0,"enemies":"Colosseum Nobs","floor":28.0,"turns":2.0},{"damage":4.0,"enemies":"Centurion and Healer","floor":29.0,"turns":8.0},{"damage":0.0,"enemies":"Snake Plant","floor":30.0,"turns":3.0},{"damage":12.0,"enemies":"Chosen and Byrds","floor":31.0,"turns":4.0},{"damage":46.0,"enemies":"Champ","floor":33.0,"turns":11.0},{"damage":0.0,"enemies":"Orb Walker","floor":35.0,"turns":3.0},{"damage":0.0,"enemies":"Mind Bloom Boss Battle","floor":38.0,"turns":3.0},{"damage":39.0,"enemies":"3 Darklings","floor":39.0,"turns":4.0},{"damage":20.0,"enemies":"Reptomancer","floor":40.0,"turns":4.0},{"damage":0.0,"enemies":"Giant Head","floor":42.0,"turns":5.0},{"damage":0.0,"enemies":"Jaw Worm Horde","floor":44.0,"turns":2.0},{"damage":12.0,"enemies":"4 Shapes","floor":45.0,"turns":5.0},{"damage":35.0,"enemies":"Nemesis","floor":47.0,"turns":4.0},{"damage":32,"enemies":"Sphere and 2 Shapes","floor":48,"turns":4},{"damage":59,"enemies":"Awakened One","floor":50,"turns":8},{"damage":81,"enemies":"Donu and Deca","floor":51,"turns":6}],"seed_played":"-7902345847138709043","potions_obtained":[{"floor":1.0,"key":"Block Potion"},{"floor":2.0,"key":"Block Potion"},{"floor":14.0,"key":"Fruit Juice"},{"floor":16.0,"key":"SteroidPotion"},{"floor":24.0,"key":"FearPotion"},{"floor":27.0,"key":"Swift Potion"},{"floor":29.0,"key":"Ancient Potion"},{"floor":30.0,"key":"Dexterity Potion"},{"floor":35.0,"key":"LiquidBronze"},{"floor":38.0,"key":"Poison Potion"}],"is_trial":false,"path_per_floor":["M","M","$","?","M","R","E","M","T","M","?","E","R","M","R","B",null,"M","M","$","?","?","R","E","R","T","E","?","M","M","M","R","B",null,"M","?","$","?","M","E","$","E","T","M","M","R","E","M","R","B","B",null],"character_chosen":"IRONCLAD","items_purchased":["Feed","Spot Weakness","ClockworkSouvenir","Centennial Puzzle"],"campfire_rested":0,"item_purchase_floors":[20,20,37,37],"current_hp_per_floor":[74,75,75,75,75,75,66,72,72,75,75,71,71,69,69,72,78,71,77,77,77,56,56,65,65,65,44,55,60,66,60,60,20,74,83,83,83,92,95,85,85,102,102,105,108,108,82,88,88,75,76],"gold":202,"neow_bonus":"ONE_RARE_RELIC","is_prod":false,"is_daily":false,"chose_seed":false,"campfire_upgraded":8,"win_rate":0,"timestamp":1552866045,"path_taken":["M","M","?","?","M","R","E","M","T","?","?","E","R","M","R","BOSS","M","M","$","?","?","R","E","R","T","E","?","M","M","M","R","BOSS","M","?","$","?","M","E","?","E","T","M","M","R","E","M","R","BOSS","BOSS"],"build_version":"2019-01-23","purchased_purges":1,"victory":true,"max_hp_per_floor":[75,75,75,75,75,75,75,75,75,75,75,75,75,75,75,80,80,80,80,80,80,83,83,86,86,86,86,89,92,92,92,92,92,92,95,90,90,93,96,99,99,102,102,105,108,108,111,114,114,117,120],"card_choices":[{"not_picked":["Ghostly Armor","Bloodletting"],"picked":"Thunderclap","floor":1.0},{"not_picked":["Havoc","Pommel Strike"],"picked":"Inflame","floor":2.0},{"not_picked":["Shockwave","Reckless Charge"],"picked":"Anger","floor":5.0},{"not_picked":["Flame Barrier","Flex"],"picked":"Spot Weakness","floor":7.0},{"not_picked":["Blood for Blood","Thunderclap"],"picked":"Twin Strike","floor":8.0},{"not_picked":["Spot Weakness","Combust"],"picked":"Evolve","floor":10.0},{"not_picked":["Havoc","Cleave"],"picked":"Sword Boomerang","floor":12.0},{"not_picked":["Sword Boomerang","Anger","Carnage"],"picked":"SKIP","floor":14.0},{"not_picked":["Barricade","Impervious"],"picked":"Immolate","floor":16.0},{"not_picked":["Pommel Strike","Flex"],"picked":"Sword Boomerang","floor":18.0},{"not_picked":["Second Wind+1","Perfected Strike"],"picked":"Rage","floor":19.0},{"not_picked":["Twin Strike","Reckless Charge"],"picked":"Metallicize+1","floor":22.0},{"not_picked":["Flame Barrier","Iron Wave","Rage"],"picked":"SKIP","floor":24.0},{"not_picked":["Perfected Strike","Pommel Strike","Twin Strike"],"picked":"SKIP","floor":27.0},{"not_picked":["True Grit","Power Through"],"picked":"Immolate","floor":28.0},{"not_picked":["Anger","Sever Soul","Iron Wave"],"picked":"SKIP","floor":29.0},{"not_picked":["Fire Breathing","Body Slam+1"],"picked":"Seeing Red","floor":30.0},{"not_picked":["Corruption","Body Slam"],"picked":"Shrug It Off","floor":31.0},{"not_picked":["Fiend Fire","Offering"],"picked":"Reaper","floor":33.0},{"not_picked":["Headbutt","Clothesline+1"],"picked":"Bloodletting+1","floor":35.0},{"not_picked":["Ghostly Armor","Rampage"],"picked":"Shockwave","floor":38.0},{"not_picked":["Headbutt","Warcry","Havoc"],"picked":"SKIP","floor":39.0},{"not_picked":["Thunderclap","Ghostly Armor","Clash"],"picked":"SKIP","floor":40.0},{"not_picked":["Iron Wave","Perfected Strike"],"picked":"Shrug It Off","floor":42.0},{"not_picked":["Havoc","Reckless Charge+1"],"picked":"Heavy Blade","floor":44.0},{"not_picked":["True Grit","Heavy Blade","Havoc"],"picked":"SKIP","floor":45.0},{"not_picked":["Whirlwind+1","Havoc"],"picked":"Exhume","floor":47.0},{"not_picked":["Blood for Blood","Rupture"],"picked":"Heavy Blade+1","floor":48}],"player_experience":1429533,"relics_obtained":[{"floor":7.0,"key":"Pen Nib"},{"floor":9.0,"key":"Anchor"},{"floor":12.0,"key":"Whetstone"},{"floor":22.0,"key":"Red Mask"},{"floor":24.0,"key":"PreservedInsect"},{"floor":27.0,"key":"Potion Belt"},{"floor":28.0,"key":"Unceasing Top"},{"floor":28.0,"key":"Shuriken"},{"floor":38.0,"key":"Turnip"},{"floor":40.0,"key":"Art of War"},{"floor":42.0,"key":"Boot"},{"floor":43.0,"key":"Mummified Hand"},{"floor":47.0,"key":"Meat on the Bone"}],"event_choices":[{"cards_removed":["Strike_R"],"damage_healed":0.0,"max_hp_gain":0.0,"max_hp_loss":0.0,"gold_gain":0.0,"event_name":"Bonfire Elementals","player_choice":"Offered Basic","floor":4.0,"gold_loss":0.0,"damage_taken":0.0},{"damage_healed":0.0,"max_hp_gain":0.0,"max_hp_loss":0.0,"gold_gain":0.0,"event_name":"FaceTrader","player_choice":"Trade","floor":11.0,"gold_loss":0.0,"damage_taken":0.0,"relics_obtained":["NlothsMask"]},{"damage_healed":0.0,"max_hp_gain":0.0,"max_hp_loss":0.0,"gold_gain":0.0,"event_name":"Vampires","player_choice":"Ignored","floor":21.0,"gold_loss":0.0,"damage_taken":0.0},{"damage_healed":0.0,"max_hp_gain":0.0,"max_hp_loss":0.0,"gold_gain":0.0,"event_name":"Masked Bandits","player_choice":"Fought Bandits","floor":22.0,"gold_loss":0.0,"damage_taken":0.0},{"damage_healed":0.0,"max_hp_gain":0.0,"max_hp_loss":0.0,"gold_gain":0.0,"event_name":"Colosseum","player_choice":"Fight","floor":28.0,"gold_loss":0.0,"damage_taken":0.0},{"damage_healed":0.0,"max_hp_gain":0.0,"max_hp_loss":0.0,"gold_gain":0.0,"event_name":"Colosseum","player_choice":"Fought Nobs","floor":28.0,"gold_loss":0.0,"damage_taken":0.0},{"damage_healed":0.0,"max_hp_gain":0.0,"max_hp_loss":5.0,"gold_gain":0.0,"event_name":"Winding Halls","player_choice":"Max HP","floor":36.0,"gold_loss":0.0,"damage_taken":0.0},{"damage_healed":0.0,"max_hp_gain":0.0,"max_hp_loss":0.0,"gold_gain":0.0,"event_name":"MindBloom","player_choice":"Fight","floor":38.0,"gold_loss":0.0,"damage_taken":0.0}],"is_beta":false,"boss_relics":[{"not_picked":["Lizard Tail","Orrery"],"picked":"Coffee Dripper"},{"not_picked":["Pandora\u0027s Box","Empty Cage"],"picked":"Runic Pyramid"}],"items_purged_floors":[41],"is_endless":false,"potions_floor_spawned":[1,2,14,16,24,27,29,30,35,38,39,47],"ascension_level":20}