{"gold_per_floor":[112,112,122,138,157,157,185,203,203,228,153,167,191,191,191,264,264,275,275,275,120,130,156,156,190,239,278,290,302],"floor_reached":29,"playtime":972,"items_purged":["Strike_B","Writhe"],"score":582,"play_id":"d6ae0bb4-391c-4562-94ab-92427e006391","local_time":"20190330190401","is_ascension_mode":true,"campfire_choices":[{"data":"Dualcast","floor":6.0,"key":"SMITH"},{"data":"Hologram","floor":15,"key":"SMITH"},{"floor":24,"key":"REST"}],"neow_cost":"NONE","seed_source_timestamp":38480722373877,"circlet_count":0,"master_deck":["AscendersBane","Defend_B","Defend_B","Defend_B","Defend_B","Zap+1","Dualcast+1","Compile Driver","Gash","Ball Lightning","Cold Snap+1","Hologram+1","Gash","Compile Driver+1","Leap","Conserve Battery","Electrodynamics","Fission+1","Gash+1","Electrodynamics+1","Coolheaded","White Noise","Self Repair+1"],"special_seed":0,"relics":["Cracked Core","Pantograph","Matryoshka","Pen Nib","Odd Mushroom","Astrolabe","Gremlin Horn","Centennial Puzzle","DataDisk","Frozen Egg 2","MawBank","Peace Pipe","Whetstone","FossilizedHelix"],"potions_floor_usage":[16,23,27,27],"damage_taken":[{"damage":2.0,"enemies":"Jaw Worm","floor":1.0,"turns":3.0},{"damage":1.0,"enemies":"Cultist","floor":3.0,"turns":3.0},{"damage":9.0,"enemies":"2 Louse","floor":4.0,"turns":2.0},{"damage":4.0,"enemies":"2 Fungi Beasts","floor":5.0,"turns":3.0},{"damage":16.0,"enemies":"Lagavulin","floor":7.0,"turns":6.0},{"damage":6.0,"enemies":"Blue Slaver","floor":8.0,"turns":3.0},{"damage":6,"enemies":"Gremlin Nob","floor":10,"turns":3},{"damage":10,"enemies":"Large Slime","floor":12,"turns":3},{"damage":10,"enemies":"The Mushroom Lair","floor":13,"turns":3},{"damage":31,"enemies":"The Guardian","floor":16,"turns":10},{"damage":19,"enemies":"Chosen","floor":18,"turns":4},{"damage":7,"enemies":"Shell Parasite","floor":22,"turns":3},{"damage":31,"enemies":"Book of Stabbing","floor":23,"turns":4},{"damage":29,"enemies":"Slavers","floor":25,"turns":2},{"damage":6,"enemies":"Gremlin Leader","floor":27,"turns":4},{"damage":15,"enemies":"Snecko","floor":29,"turns":3}],"seed_played":"-3266767684792372014","potions_obtained":[{"floor":3.0,"key":"LiquidBronze"},{"floor":7.0,"key":"LiquidBronze"},{"floor":12,"key":"SpeedPotion"},{"floor":25,"key":"Regen Potion"}],"is_trial":false,"path_per_floor":["M","?","M","M","M","R","E","M","T","E","$","M","?","?","R","B",null,"M","?","?","$","M","E","R","E","T","E","T","M"],"character_chosen":"DEFECT","items_purchased":["AttackPotion"],"campfire_rested":1,"item_purchase_floors":[21],"current_hp_per_floor":[69,69,68,59,55,55,39,33,33,27,27,17,7,33,33,27,65,46,46,46,46,39,8,31,2,2,8,8,0],"gold":302,"neow_bonus":"TEN_PERCENT_HP_BONUS","is_prod":false,"is_daily":false,"chose_seed":false,"campfire_upgraded":2,"win_rate":0,"timestamp":1553969041,"path_taken":["M","?","M","M","M","R","E","M","T","E","?","?","?","?","R","BOSS","M","?","?","$","M","E","R","E","T","E","?","M"],"build_version":"2019-01-23","purchased_purges":2,"victory":false,"max_hp_per_floor":[78,78,78,78,78,78,78,78,78,78,78,78,78,78,78,78,78,78,78,78,78,78,78,78,78,78,78,78,78],"card_choices":[{"not_picked":["Steam","Beam Cell"],"picked":"Compile Driver","floor":1.0},{"not_picked":["Sunder","Streamline"],"picked":"Gash","floor":3.0},{"not_picked":["Heatsinks","Turbo"],"picked":"Ball Lightning","floor":4.0},{"not_picked":["Hello World","Steam"],"picked":"Cold Snap","floor":5.0},{"not_picked":["Scrape","Aggregate"],"picked":"Hologram","floor":7.0},{"not_picked":["Barrage","Streamline"],"picked":"Gash","floor":8.0},{"not_picked":["Multi-Cast","Steam"],"picked":"Compile Driver","floor":10},{"not_picked":["Turbo","Ball Lightning"],"picked":"Leap","floor":12},{"not_picked":["Sweeping Beam","Aggregate"],"picked":"Conserve Battery","floor":13},{"not_picked":["Multi-Cast","Amplify"],"picked":"Electrodynamics","floor":16},{"not_picked":["Leap","Rebound+1","Go for the Eyes"],"picked":"SKIP","floor":18},{"not_picked":["Barrage","BootSequence","Compile Driver"],"picked":"SKIP","floor":22},{"not_picked":["Gash","Undo"],"picked":"Coolheaded","floor":23},{"not_picked":["Cold Snap","BootSequence"],"picked":"White Noise","floor":25},{"not_picked":["Undo","Steam Power+1"],"picked":"Self Repair+1","floor":27}],"player_experience":1510608,"relics_obtained":[{"floor":7.0,"key":"Pantograph"},{"floor":9.0,"key":"Matryoshka"},{"floor":10,"key":"Pen Nib"},{"floor":13,"key":"Odd Mushroom"},{"floor":23,"key":"Centennial Puzzle"},{"floor":25,"key":"DataDisk"},{"floor":26,"key":"Frozen Egg 2"},{"floor":26,"key":"MawBank"},{"floor":27,"key":"Peace Pipe"},{"floor":28,"key":"Whetstone"},{"floor":28,"key":"FossilizedHelix"}],"event_choices":[{"damage_healed":0.0,"max_hp_gain":0.0,"max_hp_loss":0.0,"gold_gain":0.0,"event_name":"Accursed Blacksmith","player_choice":"Forge","floor":2.0,"gold_loss":0.0,"damage_taken":0.0,"cards_upgraded":["Zap"]},{"damage_healed":0,"gold_gain":0,"player_choice":"Fought Mushrooms","damage_taken":0,"max_hp_gain":0,"max_hp_loss":0,"event_name":"Mushrooms","floor":13,"gold_loss":0},{"damage_healed":26,"gold_gain":0,"player_choice":"Banana","damage_taken":0,"max_hp_gain":0,"max_hp_loss":0,"event_name":"Big Fish","floor":14,"gold_loss":0},{"damage_healed":0,"gold_gain":0,"player_choice":"Ignored","damage_taken":0,"max_hp_gain":0,"max_hp_loss":0,"event_name":"Vampires","floor":19,"gold_loss":0},{"damage_healed":0,"gold_gain":0,"player_choice":"Opened","damage_taken":0,"relics_obtained":["Gremlin Horn"],"max_hp_gain":0,"max_hp_loss":0,"event_name":"The Mausoleum","floor":20,"gold_loss":0,"cards_obtained":["Writhe"]}],"is_beta":false,"boss_relics":[{"not_picked":["Philosopher\u0027s Stone","Lizard Tail"],"picked":"Astrolabe"}],"items_purged_floors":[11,21],"is_endless":false,"potions_floor_spawned":[3,7,12,13,22,25],"killed_by":"Snecko","ascension_level":20}