{"gold_per_floor":[109,122,140,152,8,38,38,67,67,67,77,103,115,148,148,244,244,257,257,257,272,288,288,315,315,315,646,646,659,674,689,689,794,794,809,828,461,471,58,84,103,203,203,237,312,312,332,343,343,343,343,343,24,52,52],"floor_reached":56,"playtime":6097,"items_purged":["Strike_R","Strike_R","Strike_R"],"score":1382,"play_id":"170cb76f-9842-4900-b6ff-ddcdff34a733","local_time":"20190308082905","is_ascension_mode":true,"campfire_choices":[{"floor":7,"key":"REST"},{"floor":10,"key":"REST"},{"data":"1","floor":15,"key":"LIFT"},{"data":"2","floor":23,"key":"LIFT"},{"data":"Dark Embrace","floor":25,"key":"SMITH"},{"data":"3","floor":28,"key":"LIFT"},{"floor":32,"key":"DIG"},{"floor":49,"key":"RECALL"},{"floor":52,"key":"DIG"}],"neow_cost":"NONE","seed_source_timestamp":1957045454229042,"circlet_count":0,"master_deck":["Defend_R","Defend_R","Defend_R","Defend_R","Bash","Clash","Limit Break","Sentinel","Seeing Red+1","Demon Form","Whirlwind","Limit Break","Shrug It Off","Dark Embrace+1","Armaments+1","Necronomicurse","Fiend Fire","Metallicize+1","Uppercut+1","Iron Wave","Brutality","Spot Weakness","Sword Boomerang","Flash of Steel","Master of Strategy","Good Instincts","Shrug It Off","Offering","Flex","Evolve","Flame Barrier"],"relics":["Burning Blood","Girya","Mummified Hand","Shovel","Thread and Needle","Bronze Scales","Coffee Dripper","Necronomicon","Orichalcum","Strawberry","Old Coin","Lantern","Empty Cage","Centennial Puzzle","Bag of Marbles","Art of War","Charon\u0027s Ashes","Mercury Hourglass","Self Forming Clay","Kunai","Oddly Smooth Stone","Letter Opener"],"potions_floor_usage":[4,4,12,16,27,31,44,47,54,54,55],"damage_taken":[{"damage":0,"enemies":"2 Louse","floor":1,"turns":3},{"damage":0,"enemies":"Jaw Worm","floor":2,"turns":3},{"damage":1,"enemies":"Cultist","floor":3,"turns":3},{"damage":5,"enemies":"Large Slime","floor":4,"turns":6},{"damage":64,"enemies":"3 Sentries","floor":6,"turns":15},{"damage":21,"enemies":"Lagavulin","floor":8,"turns":7},{"damage":5,"enemies":"Exordium Thugs","floor":11,"turns":4},{"damage":13,"enemies":"3 Sentries","floor":12,"turns":5},{"damage":3,"enemies":"Looter","floor":13,"turns":4},{"damage":9,"enemies":"Lagavulin","floor":14,"turns":6},{"damage":23,"enemies":"Hexaghost","floor":16,"turns":7},{"damage":4,"enemies":"Shell Parasite","floor":18,"turns":5},{"damage":0,"enemies":"3 Byrds","floor":21,"turns":3},{"damage":12,"enemies":"3 Cultists","floor":22,"turns":4},{"damage":4,"enemies":"Gremlin Leader","floor":24,"turns":4},{"damage":9,"enemies":"Slavers","floor":27,"turns":3},{"damage":3,"enemies":"Snecko","floor":29,"turns":4},{"damage":8,"enemies":"Snake Plant","floor":30,"turns":3},{"damage":0,"enemies":"Sentry and Sphere","floor":31,"turns":4},{"damage":28,"enemies":"Automaton","floor":33,"turns":7},{"damage":0,"enemies":"Orb Walker","floor":35,"turns":3},{"damage":19,"enemies":"3 Darklings","floor":36,"turns":4},{"damage":8,"enemies":"Spire Growth","floor":38,"turns":3},{"damage":3,"enemies":"Giant Head","floor":40,"turns":5},{"damage":22,"enemies":"4 Shapes","floor":41,"turns":2},{"damage":4,"enemies":"Mind Bloom Boss Battle","floor":42,"turns":5},{"damage":9,"enemies":"Reptomancer","floor":44,"turns":5},{"damage":6,"enemies":"Writhing Mass","floor":47,"turns":1},{"damage":1,"enemies":"3 Darklings","floor":48,"turns":4},{"damage":14,"enemies":"Time Eater","floor":50,"turns":4},{"damage":6,"enemies":"Shield and Spear","floor":54,"turns":2},{"damage":59,"enemies":"The Heart","floor":55,"turns":7}],"seed_played":"6680722774051921630","potions_obtained":[{"floor":0,"key":"Weak Potion"},{"floor":0,"key":"EntropicBrew"},{"floor":0,"key":"Explosive Potion"},{"floor":4,"key":"SneckoOil"},{"floor":8,"key":"FairyPotion"},{"floor":11,"key":"Strength Potion"},{"floor":13,"key":"Swift Potion"},{"floor":14,"key":"Dexterity Potion"},{"floor":24,"key":"SkillPotion"},{"floor":27,"key":"Swift Potion"},{"floor":38,"key":"PowerPotion"},{"floor":44,"key":"Poison Potion"},{"floor":54,"key":"GamblersBrew"}],"is_trial":false,"path_per_floor":["M","M","M","M","$","E","R","E","T","R","M","E","M","E","R","B",null,"M","?","?","M","M","R","E","R","T","E","R","M","M","M","R","B",null,"M","M","$","M","$","E","M","?","T","E","T","?","M","M","R","B",null,"R","$","E","B",null],"character_chosen":"IRONCLAD","items_purchased":["Seeing Red","Centennial Puzzle","Sword Boomerang","Flash of Steel","Master of Strategy","Good Instincts","Bag of Marbles","Oddly Smooth Stone","FearPotion"],"campfire_rested":2,"item_purchase_floors":[5,37,37,37,39,39,39,53,53],"current_hp_per_floor":[80,80,80,80,80,22,46,31,31,55,56,49,52,49,49,32,80,80,64,64,70,64,64,66,66,73,70,70,73,71,77,77,55,87,87,74,74,72,72,75,59,61,61,58,58,58,58,63,63,55,83,83,83,83,30],"gold":52,"neow_bonus":"THREE_SMALL_POTIONS","is_prod":false,"is_daily":false,"chose_seed":false,"campfire_upgraded":1,"win_rate":0,"timestamp":1552062545,"path_taken":["M","M","M","M","$","E","R","E","T","R","M","E","M","E","R","BOSS","M","?","?","M","M","R","E","R","T","E","R","M","?","M","R","BOSS","M","M","$","M","$","E","M","?","T","E","?","?","M","M","R","BOSS","R","$","E","BOSS"],"build_version":"2019-01-23","purchased_purges":3,"victory":true,"max_hp_per_floor":[80,80,80,80,80,80,80,80,80,80,80,80,80,80,80,80,80,80,80,80,80,80,80,80,80,87,87,87,87,87,87,87,87,87,87,87,87,87,87,87,87,87,87,87,87,83,83,83,83,83,83,83,83,83,83],"card_choices":[{"not_picked":["Iron Wave","Sentinel"],"picked":"Clash","floor":1},{"not_picked":["Heavy Blade","Intimidate"],"picked":"Limit Break","floor":2},{"not_picked":["Headbutt","Wild Strike","True Grit"],"picked":"SKIP","floor":3},{"not_picked":["True Grit","Twin Strike"],"picked":"Sentinel","floor":4},{"not_picked":["Corruption","Hemokinesis"],"picked":"Demon Form","floor":6},{"not_picked":["Perfected Strike","Second Wind"],"picked":"Whirlwind","floor":8},{"not_picked":["Wild Strike","Clash","Twin Strike"],"picked":"SKIP","floor":11},{"not_picked":["Pummel","Sword Boomerang"],"picked":"Limit Break","floor":12},{"not_picked":["Pommel Strike","Corruption"],"picked":"Shrug It Off","floor":13},{"not_picked":["Sever Soul","Pummel","Clash"],"picked":"SKIP","floor":14},{"not_picked":["Exhume","Demon Form"],"picked":"Dark Embrace","floor":16},{"not_picked":["Clash","Perfected Strike"],"picked":"Armaments+1","floor":18},{"not_picked":["Clash","Headbutt","Pummel"],"picked":"SKIP","floor":21},{"not_picked":["Cleave","Bludgeon","True Grit"],"picked":"SKIP","floor":22},{"not_picked":["Clash","Feel No Pain"],"picked":"Fiend Fire","floor":24},{"not_picked":["Havoc+1","Wild Strike"],"picked":"Metallicize+1","floor":27},{"not_picked":["Cleave","Havoc+1"],"picked":"Uppercut+1","floor":29},{"not_picked":["Bloodletting","Warcry","Body Slam"],"picked":"SKIP","floor":30},{"not_picked":["Anger+1","Havoc+1"],"picked":"Iron Wave","floor":31},{"not_picked":["Reaper","Demon Form"],"picked":"Brutality","floor":33},{"not_picked":["Body Slam+1","Headbutt"],"picked":"Spot Weakness","floor":35},{"not_picked":["Clothesline","Combust","Infernal Blade"],"picked":"SKIP","floor":36},{"not_picked":["Whirlwind+1","Body Slam+1","Clothesline+1"],"picked":"SKIP","floor":38},{"not_picked":["Body Slam+1","Perfected Strike","Searing Blow+1"],"picked":"SKIP","floor":40},{"not_picked":["Feel No Pain","Anger+1"],"picked":"Shrug It Off","floor":41},{"not_picked":["Heavy Blade+1","True Grit"],"picked":"Offering","floor":42},{"not_picked":["Clothesline","Sword Boomerang"],"picked":"Flex","floor":44},{"not_picked":["Clash+1","Anger+1","Havoc"],"picked":"SKIP","floor":47},{"not_picked":["Flex","Dropkick"],"picked":"Evolve","floor":48},{"not_picked":["Battle Trance","Infernal Blade"],"picked":"Flame Barrier","floor":54}],"player_experience":348775,"relics_obtained":[{"floor":6,"key":"Girya"},{"floor":8,"key":"Mummified Hand"},{"floor":9,"key":"Shovel"},{"floor":12,"key":"Thread and Needle"},{"floor":14,"key":"Bronze Scales"},{"floor":19,"key":"Necronomicon"},{"floor":24,"key":"Orichalcum"},{"floor":26,"key":"Strawberry"},{"floor":27,"key":"Old Coin"},{"floor":32,"key":"Lantern"},{"floor":40,"key":"Art of War"},{"floor":42,"key":"Charon\u0027s Ashes"},{"floor":44,"key":"Mercury Hourglass"},{"floor":45,"key":"Self Forming Clay"},{"floor":52,"key":"Kunai"},{"floor":54,"key":"Letter Opener"}],"event_choices":[{"damage_healed":0,"gold_gain":0,"player_choice":"Obtained Book","damage_taken":16,"max_hp_gain":0,"max_hp_loss":0,"event_name":"Cursed Tome","floor":19,"gold_loss":0},{"damage_healed":0,"gold_gain":0,"player_choice":"Forge","damage_taken":0,"max_hp_gain":0,"max_hp_loss":0,"event_name":"Accursed Blacksmith","floor":20,"gold_loss":0,"cards_upgraded":["Seeing Red"]},{"damage_healed":0,"gold_gain":0,"player_choice":"Fight","damage_taken":0,"max_hp_gain":0,"max_hp_loss":0,"event_name":"MindBloom","floor":42,"gold_loss":0},{"damage_healed":0,"gold_gain":0,"player_choice":"Max HP","damage_taken":0,"max_hp_gain":0,"max_hp_loss":4,"event_name":"Winding Halls","floor":46,"gold_loss":0}],"is_beta":false,"boss_relics":[{"not_picked":["Eternal Feather","Sozu"],"picked":"Coffee Dripper"},{"not_picked":["Busted Crown","Tiny House"],"picked":"Empty Cage"}],"items_purged_floors":[5,37,53],"is_endless":false,"potions_floor_spawned":[4,8,11,13,14,24,27,29,30,38,40,42,44,54],"ascension_level":2}