{"gold_per_floor":[113,127,138,138,52,52,63,93,93,93,106,137,137,167,167,242,242,252,40,60,60,71,71,71,71,71,89,120,120,146,146,146,218,218,232,244,294,308,319,319,330,362,389,401,401,435,435,454,454,454,454,454,454,11,46,46],"floor_reached":56,"playtime":2537,"items_purged":[],"score":1959,"play_id":"23442c0f-bfca-47f1-8514-1af77766fbd7","local_time":"20190903124914","is_ascension_mode":true,"campfire_choices":[{"data":"Glass Knife","floor":6,"key":"SMITH"},{"data":"Catalyst","floor":10,"key":"SMITH"},{"data":"Dash","floor":15,"key":"SMITH"},{"floor":23,"key":"REST"},{"data":"Noxious Fumes","floor":25,"key":"SMITH"},{"data":"Burst","floor":32,"key":"SMITH"},{"data":"Crippling Poison","floor":40,"key":"SMITH"},{"floor":45,"key":"RECALL"},{"data":"Well Laid Plans","floor":49,"key":"SMITH"},{"data":"Night Terror","floor":53,"key":"SMITH"}],"neow_cost":"TEN_PERCENT_HP_LOSS","seed_source_timestamp":186223417699674,"circlet_count":0,"master_deck":["AscendersBane","Strike_G+1","Strike_G+1","Strike_G+1","Strike_G+1","Strike_G+1","Defend_G+1","Defend_G+1","Defend_G+1","Defend_G+1","Defend_G+1","Survivor","Neutralize","Glass Knife+1","Flying Knee","Deadly Poison+1","Catalyst+1","Quick Slash","Backflip","Leg Sweep","Adrenaline","Burst+1","Catalyst+1","Well Laid Plans+1","Noxious Fumes+1","Crippling Poison+1","Footwork+1","Night Terror+1","Deflect","Blur","Prepared+1","Backflip+1","Blur+1","Bullet Time","Dodge and Roll+1","Dodge and Roll","Well Laid Plans+1"],"relics":["Ring of the Serpent","Happy Flower","Oddly Smooth Stone","Sundial","Juzu Bracelet","Strawberry","DollysMirror","Enchiridion","Pear","Orichalcum","Meat on the Bone","Philosopher\u0027s Stone","Vajra","Bag of Preparation","The Specimen","Boot"],"potions_floor_usage":[11,12,28,50,54,56],"damage_taken":[{"damage":2,"enemies":"Small Slimes","floor":1,"turns":4},{"damage":9,"enemies":"Jaw Worm","floor":2,"turns":6},{"damage":1,"enemies":"2 Louse","floor":3,"turns":2},{"damage":0,"enemies":"2 Fungi Beasts","floor":7,"turns":3},{"damage":20,"enemies":"3 Sentries","floor":8,"turns":10},{"damage":9,"enemies":"Lots of Slimes","floor":11,"turns":7},{"damage":6,"enemies":"Gremlin Nob","floor":12,"turns":3},{"damage":5,"enemies":"3 Sentries","floor":14,"turns":9},{"damage":4,"enemies":"The Guardian","floor":16,"turns":11},{"damage":1,"enemies":"Shell Parasite","floor":18,"turns":3},{"damage":9,"enemies":"Spheric Guardian","floor":20,"turns":5},{"damage":13,"enemies":"Snecko","floor":22,"turns":5},{"damage":6,"enemies":"Snake Plant","floor":27,"turns":3},{"damage":9,"enemies":"Slavers","floor":28,"turns":6},{"damage":6,"enemies":"Book of Stabbing","floor":30,"turns":4},{"damage":14,"enemies":"Champ","floor":33,"turns":5},{"damage":9,"enemies":"Orb Walker","floor":35,"turns":3},{"damage":0,"enemies":"3 Shapes","floor":36,"turns":8},{"damage":10,"enemies":"Jaw Worm Horde","floor":38,"turns":4},{"damage":1,"enemies":"3 Darklings","floor":39,"turns":5},{"damage":0,"enemies":"4 Shapes","floor":41,"turns":5},{"damage":2,"enemies":"Nemesis","floor":42,"turns":7},{"damage":9,"enemies":"Transient","floor":44,"turns":6},{"damage":3,"enemies":"Giant Head","floor":46,"turns":4},{"damage":0,"enemies":"Writhing Mass","floor":48,"turns":6},{"damage":19,"enemies":"Awakened One","floor":50,"turns":5},{"damage":12,"enemies":"Time Eater","floor":51,"turns":5},{"damage":38,"enemies":"Shield and Spear","floor":55,"turns":6},{"damage":52,"enemies":"The Heart","floor":56,"turns":5}],"seed_played":"8122186571592689182","potions_obtained":[{"floor":2,"key":"GhostInAJar"},{"floor":3,"key":"Energy Potion"},{"floor":8,"key":"Regen Potion"},{"floor":11,"key":"Strength Potion"},{"floor":16,"key":"Ancient Potion"},{"floor":27,"key":"Energy Potion"},{"floor":30,"key":"EssenceOfSteel"},{"floor":35,"key":"Poison Potion"},{"floor":46,"key":"Dexterity Potion"}],"is_trial":false,"path_per_floor":["M","M","M","?","$","R","M","E","T","R","M","E","?","E","R","B",null,"M","$","M","?","M","R","$","R","T","M","E","?","E","?","R","B",null,"M","M","?","M","M","R","M","E","T","M","R","E","?","M","R","B","B",null,"R","$","E","B"],"character_chosen":"THE_SILENT","items_purchased":["Catalyst","DollysMirror","The Specimen","Fruit Juice"],"campfire_rested":1,"item_purchase_floors":[5,19,54,54],"current_hp_per_floor":[57,48,47,29,29,29,29,9,9,9,15,9,9,11,11,7,52,51,51,42,21,8,28,28,28,38,32,23,77,71,71,71,57,72,63,63,63,53,52,52,52,50,50,41,41,50,50,50,50,43,43,69,69,74,48,0],"gold":46,"neow_bonus":"THREE_RARE_CARDS","is_prod":false,"is_daily":false,"chose_seed":false,"campfire_upgraded":8,"win_rate":0,"timestamp":1567507754,"path_taken":["M","M","M","?","?","R","M","E","T","R","M","E","?","E","R","BOSS","M","$","M","?","M","R","$","R","T","M","E","?","E","?","R","BOSS","M","M","?","M","M","R","M","E","T","M","R","E","?","M","R","BOSS","BOSS","R","$","E","BOSS"],"build_version":"2019-07-17","purchased_purges":0,"victory":false,"max_hp_per_floor":[60,60,60,60,60,60,60,60,60,60,60,60,60,67,67,67,67,67,67,67,67,67,67,67,67,77,77,77,77,77,77,77,77,77,77,77,77,77,77,77,77,77,77,77,77,77,77,77,77,77,77,77,77,82,82,82],"card_choices":[{"not_picked":["Burst","Malaise"],"picked":"Glass Knife","floor":0},{"not_picked":["Bane","Catalyst"],"picked":"Flying Knee","floor":1},{"not_picked":["Backstab","Masterful Stab"],"picked":"Dash","floor":2},{"not_picked":["Cloak And Dagger","Quick Slash"],"picked":"Deadly Poison","floor":3},{"not_picked":["Infinite Blades","Dodge and Roll","Bane"],"picked":"SKIP","floor":7},{"not_picked":["Setup","Blade Dance"],"picked":"Quick Slash","floor":8},{"not_picked":["Flying Knee","Quick Slash"],"picked":"Backflip","floor":11},{"not_picked":["All Out Attack","Deadly Poison"],"picked":"Leg Sweep","floor":12},{"not_picked":["Setup","Prepared"],"picked":"Adrenaline","floor":14},{"not_picked":["Phantasmal Killer","Glass Knife"],"picked":"Burst","floor":16},{"not_picked":["Bane+1","Flying Knee","Cloak And Dagger"],"picked":"SKIP","floor":18},{"not_picked":["Dagger Throw+1","PiercingWail"],"picked":"Well Laid Plans","floor":20},{"not_picked":["Escape Plan","Well Laid Plans"],"picked":"Noxious Fumes","floor":22},{"not_picked":["Sucker Punch","Accuracy"],"picked":"Crippling Poison","floor":27},{"not_picked":["Setup","Bane+1"],"picked":"Footwork","floor":28},{"not_picked":["Underhanded Strike","A Thousand Cuts","Sucker Punch"],"picked":"SKIP","floor":30},{"not_picked":["Tools of the Trade","Malaise"],"picked":"Night Terror","floor":33},{"not_picked":["Choke+1","Blade Dance"],"picked":"Deflect","floor":35},{"not_picked":["Dagger Throw","All Out Attack+1"],"picked":"Blur","floor":36},{"not_picked":["Dash","Flechettes"],"picked":"Prepared+1","floor":38},{"not_picked":["Flying Knee+1","Acrobatics"],"picked":"Backflip+1","floor":39},{"not_picked":["Outmaneuver","All Out Attack"],"picked":"Blur+1","floor":41},{"not_picked":["Blade Dance","Dagger Throw+1"],"picked":"Bullet Time","floor":42},{"not_picked":["Skewer","Outmaneuver"],"picked":"Dodge and Roll+1","floor":44},{"not_picked":["Bane+1","Cloak And Dagger","Poisoned Stab"],"picked":"SKIP","floor":46},{"not_picked":["Sucker Punch","Flying Knee"],"picked":"Dodge and Roll","floor":48},{"not_picked":["Dash","Terror"],"picked":"Well Laid Plans+1","floor":55}],"player_experience":2001080,"relics_obtained":[{"floor":8,"key":"Happy Flower"},{"floor":9,"key":"Oddly Smooth Stone"},{"floor":12,"key":"Sundial"},{"floor":14,"key":"Strawberry"},{"floor":21,"key":"Enchiridion"},{"floor":26,"key":"Pear"},{"floor":28,"key":"Orichalcum"},{"floor":30,"key":"Meat on the Bone"},{"floor":42,"key":"Vajra"},{"floor":46,"key":"Bag of Preparation"},{"floor":55,"key":"Boot"}],"event_choices":[{"damage_healed":0,"gold_gain":0,"player_choice":"Entered Light","damage_taken":18,"max_hp_gain":0,"max_hp_loss":0,"event_name":"Shining Light","floor":4,"gold_loss":0,"cards_upgraded":["Deadly Poison","Strike_G"]},{"damage_healed":0,"gold_gain":0,"player_choice":"Searched \u00271\u0027 times","damage_taken":0,"relics_obtained":["Juzu Bracelet"],"max_hp_gain":0,"max_hp_loss":0,"event_name":"Dead Adventurer","floor":13,"gold_loss":0},{"damage_healed":0,"gold_gain":0,"player_choice":"Obtained Book","damage_taken":21,"max_hp_gain":0,"max_hp_loss":0,"event_name":"Cursed Tome","floor":21,"gold_loss":0},{"cards_removed":["Dash"],"damage_healed":54,"gold_gain":0,"player_choice":"Offered Uncommon","damage_taken":0,"max_hp_gain":0,"max_hp_loss":0,"event_name":"Bonfire Elementals","floor":29,"gold_loss":0},{"damage_healed":0,"gold_gain":0,"player_choice":"Simplicity","damage_taken":0,"max_hp_gain":0,"max_hp_loss":0,"event_name":"Back to Basics","floor":31,"gold_loss":0,"cards_upgraded":["Strike_G","Strike_G","Strike_G","Strike_G","Defend_G","Defend_G","Defend_G","Defend_G","Defend_G"]},{"damage_healed":0,"gold_gain":50,"player_choice":"Pray","damage_taken":0,"max_hp_gain":0,"max_hp_loss":0,"event_name":"Golden Shrine","floor":37,"gold_loss":0},{"damage_healed":0,"gold_gain":0,"player_choice":"Upgraded","damage_taken":0,"max_hp_gain":0,"max_hp_loss":0,"event_name":"Upgrade Shrine","floor":47,"gold_loss":0,"cards_upgraded":["Footwork"]}],"is_beta":false,"boss_relics":[{"not_picked":["Eternal Feather","White Beast Statue"],"picked":"Ring of the Serpent"},{"not_picked":["Astrolabe","HoveringKite"],"picked":"Philosopher\u0027s Stone"}],"items_purged_floors":[],"is_endless":false,"potions_floor_spawned":[2,3,8,11,16,18,20,27,30,33,35,38,41,46,48],"killed_by":"The Heart","ascension_level":20}