{"gold_per_floor":[119,119,136,153,170,170,201,201,256,281,281,300,316,327,327,401,401,416,416,431,441,460,460,488,498,498,527,43,43,69,69,69,146,146,161,181,0,0,10,42,42,74,98,98,123,141,141,161,161,161],"floor_reached":50,"playtime":4144,"items_purged":[],"score":1146,"play_id":"bc4e36ec-ef89-46f2-b40f-07deb9276a9a","local_time":"20181106232352","is_ascension_mode":true,"campfire_choices":[{"data":"Whirlwind","floor":6.0,"key":"SMITH"},{"data":"Bash","floor":8.0,"key":"SMITH"},{"data":"Thunderclap","floor":11.0,"key":"SMITH"},{"data":"Body Slam","floor":15.0,"key":"SMITH"},{"data":"Bludgeon","floor":23.0,"key":"SMITH"},{"data":"Uppercut","floor":32.0,"key":"SMITH"},{"data":"Limit Break","floor":41,"key":"SMITH"},{"data":"Fiend Fire","floor":44,"key":"SMITH"},{"floor":47,"key":"REST"},{"floor":49,"key":"REST"}],"neow_cost":"NONE","seed_source_timestamp":0,"circlet_count":0,"master_deck":["AscendersBane","Strike_R","Strike_R","Strike_R","Strike_R","Strike_R","Defend_R","Defend_R","Defend_R","Bash+1","Reckless Charge","Shrug It Off","Shrug It Off","Whirlwind+1","Twin Strike","Thunderclap+1","Limit Break+1","Body Slam+1","Havoc","Bludgeon+1","Armaments","Bludgeon","Shrug It Off","Uppercut+1","Carnage","Headbutt","Barricade","Bludgeon+1","Reaper","Burning Pact","Shrug It Off","Fiend Fire+1","Metallicize+1","Blood for Blood","Carnage","Pummel"],"special_seed":0,"relics":["Burning Blood","Blood Vial","Tiny Chest","Pen Nib","Snecko Eye","Dream Catcher","Omamori","Letter Opener","Bottled Flame","DollysMirror","Juzu Bracelet","MutagenicStrength","Sozu","Red Mask","Unceasing Top","Self Forming Clay","Happy Flower","Lantern"],"potions_floor_usage":[50,50],"damage_taken":[{"damage":9.0,"enemies":"Jaw Worm","floor":1.0,"turns":4.0},{"damage":7.0,"enemies":"Small Slimes","floor":3.0,"turns":4.0},{"damage":11.0,"enemies":"Cultist","floor":4.0,"turns":4.0},{"damage":5.0,"enemies":"3 Louse","floor":5.0,"turns":6.0},{"damage":31.0,"enemies":"3 Sentries","floor":7.0,"turns":8.0},{"damage":19.0,"enemies":"Lagavulin","floor":10.0,"turns":5.0},{"damage":11.0,"enemies":"Blue Slaver","floor":12.0,"turns":5.0},{"damage":0.0,"enemies":"Gremlin Gang","floor":13.0,"turns":1.0},{"damage":0.0,"enemies":"Large Slime","floor":14.0,"turns":5.0},{"damage":47.0,"enemies":"The Guardian","floor":16.0,"turns":15.0},{"damage":4.0,"enemies":"Chosen","floor":18.0,"turns":4.0},{"damage":4.0,"enemies":"3 Byrds","floor":20.0,"turns":4.0},{"damage":12.0,"enemies":"Cultist and Chosen","floor":21.0,"turns":4.0},{"damage":2.0,"enemies":"Snake Plant","floor":22.0,"turns":2.0},{"damage":35.0,"enemies":"Slavers","floor":24.0,"turns":4.0},{"damage":0.0,"enemies":"3 Cultists","floor":25.0,"turns":3.0},{"damage":28.0,"enemies":"Gremlin Leader","floor":27.0,"turns":5.0},{"damage":35,"enemies":"Collector","floor":33,"turns":5},{"damage":16,"enemies":"3 Shapes","floor":35,"turns":3},{"damage":0,"enemies":"Orb Walker","floor":36,"turns":1},{"damage":0,"enemies":"3 Darklings","floor":39,"turns":1},{"damage":26,"enemies":"Nemesis","floor":40,"turns":5},{"damage":30,"enemies":"Reptomancer","floor":42,"turns":3},{"damage":43,"enemies":"Nemesis","floor":45,"turns":3},{"damage":8,"enemies":"Jaw Worm Horde","floor":46,"turns":3},{"damage":0,"enemies":"Sphere and 2 Shapes","floor":48,"turns":2},{"damage":89,"enemies":"Time Eater","floor":50,"turns":7}],"seed_played":"6105665940913831835","potions_obtained":[{"floor":4.0,"key":"SkillPotion"},{"floor":5.0,"key":"Poison Potion"},{"floor":12.0,"key":"SkillPotion"},{"floor":16.0,"key":"Regen Potion"},{"floor":18.0,"key":"SpeedPotion"},{"floor":22.0,"key":"Energy Potion"},{"floor":25.0,"key":"FearPotion"}],"is_trial":false,"path_per_floor":["M","?","M","M","M","R","E","R","T","E","R","M","M","M","R","B",null,"M","?","M","M","M","R","E","M","T","E","$","?","T","?","R","B",null,"M","M","?","?","M","E","R","E","T","R","E","M","R","M","R","B"],"character_chosen":"IRONCLAD","items_purchased":["Bottled Flame","DollysMirror"],"campfire_rested":2,"item_purchase_floors":[28,28],"current_hp_per_floor":[72,77,76,71,72,72,47,47,47,36,36,33,41,49,49,10,68,72,72,76,72,78,78,63,71,71,51,51,51,51,51,51,24,71,63,71,71,71,79,61,61,56,56,56,21,21,47,55,81,0],"gold":161,"neow_bonus":"TEN_PERCENT_HP_BONUS","is_prod":false,"is_daily":false,"chose_seed":false,"campfire_upgraded":8,"win_rate":0,"timestamp":1541543032,"path_taken":["M","?","M","M","M","R","E","R","T","E","R","M","M","M","R","BOSS","M","?","M","M","?","R","E","M","T","E","$","?","?","?","R","BOSS","M","M","?","?","M","E","R","E","T","R","E","M","R","M","R","BOSS"],"build_version":"2018-11-05","purchased_purges":0,"victory":false,"max_hp_per_floor":[82,87,87,87,87,87,87,87,87,87,87,87,87,87,87,87,87,87,87,87,87,87,87,87,87,87,87,87,87,87,87,87,87,87,87,87,87,87,87,87,87,87,87,87,87,87,87,87,87,87],"card_choices":[{"not_picked":["Heavy Blade","Fire Breathing"],"picked":"Reckless Charge","floor":1.0},{"not_picked":["Armaments","Flex"],"picked":"Shrug It Off","floor":3.0},{"not_picked":["Shockwave","Feel No Pain"],"picked":"Shrug It Off","floor":4.0},{"not_picked":["True Grit","Fire Breathing"],"picked":"Whirlwind","floor":5.0},{"not_picked":["Power Through","Wild Strike"],"picked":"Twin Strike","floor":7.0},{"not_picked":["Perfected Strike","Battle Trance"],"picked":"Thunderclap","floor":10.0},{"not_picked":["Clothesline","Iron Wave"],"picked":"Limit Break","floor":12.0},{"not_picked":["Intimidate","Clash"],"picked":"Body Slam","floor":13.0},{"not_picked":["Twin Strike","Flex"],"picked":"Havoc","floor":14.0},{"not_picked":["Dark Embrace","Feed"],"picked":"Bludgeon","floor":16.0},{"not_picked":["Warcry","Combust"],"picked":"Armaments","floor":18.0},{"not_picked":["Fire Breathing+1","Flex"],"picked":"Shrug It Off","floor":20.0},{"not_picked":["Seeing Red+1","Perfected Strike"],"picked":"Uppercut","floor":21.0},{"not_picked":["Twin Strike","Metallicize","Havoc"],"picked":"SKIP","floor":22.0},{"not_picked":["Armaments","Sword Boomerang"],"picked":"Carnage","floor":24.0},{"not_picked":["Clash+1","Sword Boomerang"],"picked":"Headbutt","floor":25.0},{"not_picked":["Perfected Strike","True Grit"],"picked":"Barricade","floor":27.0},{"not_picked":["Fiend Fire","Brutality"],"picked":"Reaper","floor":33},{"not_picked":["Power Through+1","Clothesline+1"],"picked":"Burning Pact","floor":35},{"not_picked":["Anger","Armaments"],"picked":"Shrug It Off","floor":36},{"not_picked":["Flex","Seeing Red","Armaments"],"picked":"SKIP","floor":39},{"not_picked":["Ghostly Armor","Twin Strike+1","Clothesline"],"picked":"SKIP","floor":40},{"not_picked":["Armaments","Cleave"],"picked":"Fiend Fire","floor":42},{"not_picked":["Havoc","Fiend Fire"],"picked":"Metallicize+1","floor":45},{"not_picked":["Warcry","Rampage"],"picked":"Blood for Blood","floor":46},{"not_picked":["Hemokinesis","True Grit"],"picked":"Carnage","floor":48},{"not_picked":["Clothesline","Hemokinesis+1"],"picked":"Pummel","floor":49}],"player_experience":757815,"relics_obtained":[{"floor":7.0,"key":"Blood Vial"},{"floor":9.0,"key":"Tiny Chest"},{"floor":10.0,"key":"Pen Nib"},{"floor":24.0,"key":"Dream Catcher"},{"floor":26.0,"key":"Omamori"},{"floor":27.0,"key":"Letter Opener"},{"floor":30.0,"key":"Juzu Bracelet"},{"floor":40,"key":"Unceasing Top"},{"floor":42,"key":"Self Forming Clay"},{"floor":43,"key":"Happy Flower"},{"floor":45,"key":"Lantern"}],"event_choices":[{"damage_healed":0.0,"max_hp_gain":5.0,"max_hp_loss":0.0,"gold_gain":0.0,"event_name":"Big Fish","player_choice":"Donut","floor":2.0,"gold_loss":0.0,"damage_taken":0.0},{"damage_healed":0.0,"max_hp_gain":0.0,"max_hp_loss":0.0,"gold_gain":0.0,"event_name":"Duplicator","player_choice":"Copied","floor":19.0,"gold_loss":0.0,"damage_taken":0.0,"cards_obtained":["Bludgeon"]},{"damage_healed":0.0,"max_hp_gain":0.0,"max_hp_loss":0.0,"gold_gain":0.0,"event_name":"Beggar","player_choice":"Ignored","floor":29.0,"gold_loss":0.0,"damage_taken":0.0},{"damage_healed":0.0,"max_hp_gain":0.0,"max_hp_loss":0.0,"gold_gain":0.0,"event_name":"Drug Dealer","player_choice":"Inject Mutagens","floor":31.0,"gold_loss":0.0,"damage_taken":0.0,"relics_obtained":["MutagenicStrength"]},{"damage_healed":0,"gold_gain":0,"player_choice":"Paid","damage_taken":0,"relics_obtained":["Red Mask"],"max_hp_gain":0,"max_hp_loss":0,"event_name":"Tomb of Lord Red Mask","floor":37,"gold_loss":181},{"cards_removed":["Defend_R"],"damage_healed":0,"gold_gain":0,"player_choice":"Removed Skill","damage_taken":0,"max_hp_gain":0,"max_hp_loss":0,"event_name":"Falling","floor":38,"gold_loss":0}],"is_beta":true,"boss_relics":[{"not_picked":["Astrolabe","Philosopher\u0027s Stone"],"picked":"Snecko Eye"},{"not_picked":["Coffee Dripper","Eternal Feather"],"picked":"Sozu"}],"items_purged_floors":[],"is_endless":false,"potions_floor_spawned":[4,5,7,12,16,18,22,25,35,40,45],"killed_by":"Time Eater","ascension_level":16}