{"gold_per_floor":[109,119,134,153,153,153,187,187,187,187],"floor_reached":10,"playtime":428,"items_purged":[],"score":119,"play_id":"28df9ff5-c60a-40b1-b431-8d764445296f","local_time":"20181128081904","is_ascension_mode":true,"campfire_choices":[{"data":"Envenom","floor":6,"key":"SMITH"},{"floor":8,"key":"REST"}],"neow_cost":"NONE","seed_source_timestamp":2007430128900,"circlet_count":0,"master_deck":["AscendersBane","Defend_G","Defend_G","Defend_G","Defend_G","Defend_G","Strike_G","Strike_G","Strike_G","Strike_G","Strike_G","Survivor","Neutralize","Doppelganger","Backflip","Dodge and Roll","Dodge and Roll","Envenom+1","Caltrops","Bane"],"relics":["Ring of the Snake","Orichalcum","Bag of Marbles"],"potions_floor_usage":[7],"damage_taken":[{"damage":1,"enemies":"Cultist","floor":1,"turns":4},{"damage":7,"enemies":"Small Slimes","floor":2,"turns":4},{"damage":1,"enemies":"2 Louse","floor":3,"turns":4},{"damage":9,"enemies":"2 Fungi Beasts","floor":4,"turns":6},{"damage":36,"enemies":"3 Sentries","floor":7,"turns":12},{"damage":25,"enemies":"Gremlin Nob","floor":10,"turns":5}],"seed_played":"-3726324747479423631","potions_obtained":[{"floor":4,"key":"Fire Potion"}],"is_trial":false,"path_per_floor":["M","M","M","M","?","R","E","R","T","E"],"character_chosen":"THE_SILENT","items_purchased":[],"campfire_rested":1,"item_purchase_floors":[],"current_hp_per_floor":[58,51,50,41,41,41,5,24,24,0],"gold":187,"neow_bonus":"ONE_RANDOM_RARE_CARD","is_prod":false,"is_daily":false,"chose_seed":false,"campfire_upgraded":1,"win_rate":0,"timestamp":1543389544,"path_taken":["M","M","?","M","?","R","E","R","T","E"],"build_version":"2018-11-15","purchased_purges":0,"victory":false,"max_hp_per_floor":[66,66,66,66,66,66,66,66,66,66],"card_choices":[{"not_picked":["Dagger Spray","Well Laid Plans"],"picked":"Backflip","floor":1},{"not_picked":["Tactician","Bouncing Flask"],"picked":"Dodge and Roll","floor":2},{"not_picked":["Poisoned Stab","Concentrate"],"picked":"Dodge and Roll","floor":3},{"not_picked":["Deadly Poison","Quick Slash"],"picked":"Envenom","floor":4},{"not_picked":["PiercingWail","Underhanded Strike"],"picked":"Bane","floor":7}],"player_experience":903933,"relics_obtained":[{"floor":7,"key":"Orichalcum"},{"floor":9,"key":"Bag of Marbles"}],"event_choices":[{"damage_healed":0,"gold_gain":0,"player_choice":"1 cards matched","damage_taken":0,"max_hp_gain":0,"max_hp_loss":0,"event_name":"Match and Keep!","floor":5,"gold_loss":0,"cards_obtained":["Caltrops"]}],"is_beta":true,"boss_relics":[],"items_purged_floors":[],"is_endless":false,"potions_floor_spawned":[4],"killed_by":"Gremlin Nob","ascension_level":15}