{"gold_per_floor":[218,238,65,75,23,23,53,53,53,72,72,99,99,99,99,172,172,189,209,219,169,41,71,71,71,71,71,104,104,133,145,145,222,222,242,242,262,279,298,328,328,359,359,377,377,387,387,404,404,404,404],"floor_reached":51,"playtime":4296,"items_purged":[],"score":1525,"play_id":"1e2edfd8-3d1c-4826-9e62-1f0c586e6ae6","local_time":"20190619135006","is_ascension_mode":true,"campfire_choices":[{"data":"Dagger Spray","floor":6.0,"key":"SMITH"},{"data":"Neutralize","floor":8.0,"key":"SMITH"},{"data":"Deadly Poison","floor":11.0,"key":"SMITH"},{"data":"Poisoned Stab","floor":13.0,"key":"SMITH"},{"data":"Bouncing Flask","floor":15.0,"key":"SMITH"},{"floor":24.0,"key":"REST"},{"floor":27.0,"key":"REST"},{"floor":32.0,"key":"REST"},{"floor":45.0,"key":"RECALL"},{"floor":47.0,"key":"REST"},{"floor":49.0,"key":"REST"}],"neow_cost":"NONE","seed_source_timestamp":0,"circlet_count":0,"master_deck":["AscendersBane","Defend_G","Defend_G","Defend_G","Defend_G","Defend_G","Strike_G","Strike_G","Strike_G","Strike_G","Strike_G","Survivor","Neutralize+1","Dash","Bouncing Flask+1","Dagger Spray+1","Deadly Poison+1","Quick Slash","Leg Sweep","Poisoned Stab+1","Wraith Form v2+1","Dodge and Roll","Infinite Blades+1","PiercingWail","Backflip","Well Laid Plans","Deflect","Infinite Blades","Finisher","Blade Dance","Leg Sweep","Accuracy+1","After Image+1","Cloak And Dagger+1","Terror","Backflip+1","Footwork+1","Backflip+1","Dodge and Roll+1","Infinite Blades+1","Catalyst+1","Bullet Time","Deflect+1","Dodge and Roll","Footwork+1","Noxious Fumes+1"],"special_seed":0,"relics":["Ring of the Snake","Oddly Smooth Stone","Pear","Omamori","Prayer Wheel","Kunai","Fusion Hammer","Frozen Egg 2","Ninja Scroll","Snake Skull","Regal Pillow","Nunchaku","Runic Pyramid","Gremlin Horn","Thread and Needle"],"potions_floor_usage":[51],"damage_taken":[{"damage":8.0,"enemies":"Cultist","floor":1.0,"turns":5.0},{"damage":3.0,"enemies":"Small Slimes","floor":2.0,"turns":5.0},{"damage":0.0,"enemies":"2 Louse","floor":4.0,"turns":2.0},{"damage":3.0,"enemies":"Lagavulin","floor":7.0,"turns":6.0},{"damage":7.0,"enemies":"Blue Slaver","floor":10.0,"turns":4.0},{"damage":17.0,"enemies":"3 Sentries","floor":12.0,"turns":7.0},{"damage":27.0,"enemies":"Slime Boss","floor":16.0,"turns":8.0},{"damage":13.0,"enemies":"2 Thieves","floor":18.0,"turns":4.0},{"damage":8.0,"enemies":"Shell Parasite","floor":19.0,"turns":5.0},{"damage":3.0,"enemies":"Centurion and Healer","floor":20.0,"turns":8.0},{"damage":23.0,"enemies":"Slavers","floor":23.0,"turns":8.0},{"damage":6.0,"enemies":"Book of Stabbing","floor":28.0,"turns":7.0},{"damage":29.0,"enemies":"Slavers","floor":30.0,"turns":5.0},{"damage":16.0,"enemies":"Sentry and Sphere","floor":31.0,"turns":4.0},{"damage":15.0,"enemies":"Champ","floor":33.0,"turns":12.0},{"damage":4.0,"enemies":"Orb Walker","floor":35.0,"turns":4.0},{"damage":4.0,"enemies":"3 Darklings","floor":37.0,"turns":7.0},{"damage":13.0,"enemies":"Writhing Mass","floor":38.0,"turns":8.0},{"damage":6.0,"enemies":"Sphere and 2 Shapes","floor":39.0,"turns":9.0},{"damage":1.0,"enemies":"Giant Head","floor":40.0,"turns":9.0},{"damage":1.0,"enemies":"Reptomancer","floor":42.0,"turns":7.0},{"damage":1.0,"enemies":"Transient","floor":44.0,"turns":6.0},{"damage":12.0,"enemies":"Jaw Worm Horde","floor":46.0,"turns":4.0},{"damage":12.0,"enemies":"Sphere and 2 Shapes","floor":48.0,"turns":8.0},{"damage":37.0,"enemies":"Time Eater","floor":50.0,"turns":15.0},{"damage":50,"enemies":"Awakened One","floor":51,"turns":5}],"seed_played":"5091850622724136219","potions_obtained":[{"floor":1.0,"key":"SkillPotion"},{"floor":2.0,"key":"Explosive Potion"},{"floor":12.0,"key":"GhostInAJar"},{"floor":18.0,"key":"Explosive Potion"},{"floor":19.0,"key":"PowerPotion"},{"floor":23.0,"key":"GamblersBrew"},{"floor":33.0,"key":"Poison Potion"},{"floor":38.0,"key":"AttackPotion"},{"floor":42.0,"key":"Ancient Potion"}],"is_trial":false,"path_per_floor":["M","M","$","M","$","R","E","R","T","M","R","E","R","T","R","B",null,"M","M","M","?","$","E","R","?","T","R","E","T","E","M","R","B",null,"M","?","M","M","M","E","?","E","T","M","R","M","R","M","R","B","B"],"character_chosen":"THE_SILENT","items_purchased":["Oddly Smooth Stone","Deadly Poison","Infinite Blades","Finisher"],"campfire_rested":5,"item_purchase_floors":[3,5,22,22],"current_hp_per_floor":[51,48,48,48,48,48,55,55,55,48,48,31,31,31,31,4,58,45,37,34,34,34,11,33,33,33,55,49,49,20,4,41,26,64,60,60,56,43,37,36,36,35,35,34,34,22,59,47,76,39,0],"gold":404,"neow_bonus":"HUNDRED_GOLD","is_prod":false,"is_daily":false,"chose_seed":false,"campfire_upgraded":5,"win_rate":0,"timestamp":1560945006,"path_taken":["M","M","$","M","$","R","E","R","T","M","R","E","R","?","R","BOSS","M","M","M","?","?","E","R","?","T","R","E","?","E","M","R","BOSS","M","?","?","M","M","E","?","E","T","M","R","M","R","?","R","BOSS","BOSS"],"build_version":"2019-01-23","purchased_purges":0,"victory":false,"max_hp_per_floor":[66,66,66,66,66,66,76,76,76,76,76,76,76,76,76,76,76,76,76,76,76,76,76,76,76,76,76,76,76,76,76,76,76,76,76,76,76,76,76,76,76,76,76,76,76,76,76,76,76,76,76],"card_choices":[{"not_picked":["Underhanded Strike","Dagger Spray"],"picked":"Dash","floor":1.0},{"not_picked":["Blade Dance","Acrobatics"],"picked":"Bouncing Flask","floor":2.0},{"not_picked":["Reflex","Dodge and Roll"],"picked":"Dagger Spray","floor":4.0},{"not_picked":["Phantasmal Killer","Sucker Punch"],"picked":"Quick Slash","floor":7.0},{"not_picked":["Deadly Poison","Infinite Blades"],"picked":"Leg Sweep","floor":10.0},{"not_picked":["A Thousand Cuts","Distraction"],"picked":"Poisoned Stab","floor":12.0},{"not_picked":["Envenom","Burst"],"picked":"Wraith Form v2","floor":16.0},{"not_picked":["Bouncing Flask","Deadly Poison"],"picked":"Dodge and Roll","floor":18.0},{"not_picked":["Blade Dance","Bane+1"],"picked":"Infinite Blades+1","floor":18.0},{"not_picked":["Dagger Spray","Poisoned Stab"],"picked":"PiercingWail","floor":19.0},{"not_picked":["Calculated Gamble","Slice+1"],"picked":"Backflip","floor":19.0},{"not_picked":["Deadly Poison+1","Adrenaline"],"picked":"Well Laid Plans","floor":20.0},{"not_picked":["Poisoned Stab","Flying Knee"],"picked":"Deflect","floor":20.0},{"not_picked":["Poisoned Stab+1","Eviscerate","Quick Slash"],"picked":"SKIP","floor":23.0},{"not_picked":["Flying Knee","Caltrops+1","Quick Slash"],"picked":"SKIP","floor":28.0},{"not_picked":["Quick Slash","Deadly Poison"],"picked":"Blade Dance","floor":30.0},{"not_picked":["All Out Attack","Dash"],"picked":"Leg Sweep","floor":31.0},{"not_picked":["Flechettes","Backstab"],"picked":"Accuracy+1","floor":31.0},{"not_picked":["Phantasmal Killer","Die Die Die"],"picked":"After Image+1","floor":33.0},{"not_picked":["Poisoned Stab","Choke"],"picked":"Cloak And Dagger+1","floor":35.0},{"not_picked":["Heel Hook","Poisoned Stab"],"picked":"Terror","floor":35.0},{"not_picked":["Predator","Acrobatics"],"picked":"Backflip+1","floor":37.0},{"not_picked":["Dagger Throw","Quick Slash","Outmaneuver"],"picked":"SKIP","floor":37.0},{"not_picked":["Blur+1","Outmaneuver"],"picked":"Footwork+1","floor":38.0},{"not_picked":["Deadly Poison","Skewer"],"picked":"Backflip+1","floor":38.0},{"not_picked":["Bane","Poisoned Stab+1"],"picked":"Dodge and Roll+1","floor":39.0},{"not_picked":["Distraction+1","Blur"],"picked":"Infinite Blades+1","floor":39.0},{"not_picked":["Acrobatics","Outmaneuver"],"picked":"Catalyst","floor":40.0},{"not_picked":["Calculated Gamble+1","Quick Slash+1"],"picked":"Bullet Time","floor":42.0},{"not_picked":["Acrobatics","PiercingWail"],"picked":"Deflect+1","floor":44.0},{"not_picked":["Predator","Poisoned Stab"],"picked":"Dodge and Roll","floor":44.0},{"not_picked":["Underhanded Strike","Bullet Time"],"picked":"Footwork+1","floor":46.0},{"not_picked":["Backflip","Poisoned Stab","Outmaneuver"],"picked":"SKIP","floor":46.0},{"not_picked":["Deflect+1","Blade Dance"],"picked":"Noxious Fumes+1","floor":48.0},{"not_picked":["Sucker Punch","Blade Dance","Tactician"],"picked":"SKIP","floor":48.0}],"player_experience":1748547,"relics_obtained":[{"floor":7.0,"key":"Pear"},{"floor":9.0,"key":"Omamori"},{"floor":12.0,"key":"Prayer Wheel"},{"floor":14.0,"key":"Kunai"},{"floor":23.0,"key":"Frozen Egg 2"},{"floor":26.0,"key":"Ninja Scroll"},{"floor":28.0,"key":"Snake Skull"},{"floor":29.0,"key":"Regal Pillow"},{"floor":30.0,"key":"Nunchaku"},{"floor":40.0,"key":"Gremlin Horn"},{"floor":42.0,"key":"Thread and Needle"}],"event_choices":[{"damage_healed":0.0,"max_hp_gain":0.0,"max_hp_loss":0.0,"gold_gain":0.0,"event_name":"The Joust","player_choice":"Bet on Murderer","floor":21.0,"gold_loss":50.0,"damage_taken":0.0},{"damage_healed":0.0,"max_hp_gain":0.0,"max_hp_loss":0.0,"gold_gain":0.0,"event_name":"Forgotten Altar","player_choice":"Smashed Altar","floor":25.0,"gold_loss":0.0,"damage_taken":0.0,"cards_obtained":["Decay"]},{"damage_healed":0.0,"max_hp_gain":0.0,"max_hp_loss":0.0,"gold_gain":0.0,"event_name":"Upgrade Shrine","player_choice":"Upgraded","floor":36.0,"gold_loss":0.0,"damage_taken":0.0,"cards_upgraded":["Wraith Form v2"]},{"damage_healed":0.0,"max_hp_gain":0.0,"max_hp_loss":0.0,"gold_gain":0.0,"event_name":"Accursed Blacksmith","player_choice":"Forge","floor":41.0,"gold_loss":0.0,"damage_taken":0.0,"cards_upgraded":["Catalyst"]}],"is_beta":false,"boss_relics":[{"not_picked":["WristBlade","Lizard Tail"],"picked":"Fusion Hammer"},{"not_picked":["Runic Dome","HoveringKite"],"picked":"Runic Pyramid"}],"items_purged_floors":[],"is_endless":false,"potions_floor_spawned":[1,2,12,18,19,23,33,37,38,40,42,44],"killed_by":"Awakened One","ascension_level":20}