{"gold_per_floor":[119,119,119,119,140,179,194,194,194,237,252,292,292,312,312,401,401,419,419,55,48,48],"floor_reached":22,"playtime":1888,"items_purged":[],"score":502,"play_id":"f8ef3449-1016-42be-9560-84daf2f80038","local_time":"20181107182423","is_ascension_mode":true,"campfire_choices":[{"data":"Hemokinesis","floor":8.0,"key":"SMITH"},{"data":"Uppercut","floor":13.0,"key":"SMITH"},{"data":"Rampage","floor":15.0,"key":"SMITH"}],"neow_cost":"NONE","seed_source_timestamp":0,"circlet_count":0,"master_deck":["AscendersBane","Strike_R","Strike_R","Strike_R","Strike_R","Strike_R","Defend_R","Defend_R","Defend_R","Defend_R","Bash","Perfected Strike","Hemokinesis+1","Corruption","Hemokinesis","Spot Weakness","True Grit","Uppercut+1","Rampage+1","Bludgeon","Shrug It Off","Shrug It Off","Spot Weakness"],"special_seed":0,"relics":["Black Blood","NeowsBlessing","Golden Idol","PreservedInsect","Bottled Flame","Bronze Scales","Meat on the Bone","Membership Card","Shuriken"],"potions_floor_usage":[22,22],"damage_taken":[{"damage":0.0,"enemies":"Jaw Worm","floor":1.0,"turns":1.0},{"damage":0.0,"enemies":"2 Louse","floor":5.0,"turns":1.0},{"damage":0.0,"enemies":"Lagavulin","floor":6.0,"turns":1.0},{"damage":6.0,"enemies":"Small Slimes","floor":7.0,"turns":3.0},{"damage":17.0,"enemies":"3 Sentries","floor":10.0,"turns":6.0},{"damage":18.0,"enemies":"Exordium Wildlife","floor":11.0,"turns":4.0},{"damage":13.0,"enemies":"Gremlin Nob","floor":12.0,"turns":3.0},{"damage":19.0,"enemies":"Lots of Slimes","floor":14.0,"turns":3.0},{"damage":7.0,"enemies":"Slime Boss","floor":16.0,"turns":5.0},{"damage":24.0,"enemies":"Spheric Guardian","floor":18.0,"turns":4.0},{"damage":27.0,"enemies":"2 Thieves","floor":21.0,"turns":4.0},{"damage":49,"enemies":"3 Cultists","floor":22,"turns":6}],"seed_played":"7093129762719700977","potions_obtained":[{"floor":1.0,"key":"AttackPotion"},{"floor":6.0,"key":"Fire Potion"},{"floor":16.0,"key":"GamblersBrew"},{"floor":18.0,"key":"Strength Potion"}],"is_trial":false,"path_per_floor":["M","?","?","?","M","E","M","R","T","E","M","E","R","M","R","B",null,"M","?","$","M","M"],"character_chosen":"IRONCLAD","items_purchased":["Membership Card","Shuriken"],"campfire_rested":0,"item_purchase_floors":[20,20],"current_hp_per_floor":[74,74,68,73,73,73,73,73,73,62,50,43,43,42,42,53,68,54,54,54,49,0],"gold":48,"neow_bonus":"THREE_ENEMY_KILL","is_prod":false,"is_daily":false,"chose_seed":false,"campfire_upgraded":3,"win_rate":0,"timestamp":1541611463,"path_taken":["M","?","?","?","?","E","M","R","T","E","M","E","R","?","R","BOSS","M","?","$","M","M"],"build_version":"2018-11-06","purchased_purges":0,"victory":false,"max_hp_per_floor":[75,75,68,73,73,73,73,73,73,73,73,73,73,73,73,73,73,73,73,73,73,73],"card_choices":[{"not_picked":["Dual Wield","Body Slam"],"picked":"Perfected Strike","floor":1.0},{"not_picked":["Havoc","Seeing Red"],"picked":"Hemokinesis","floor":5.0},{"not_picked":["Battle Trance","Hemokinesis"],"picked":"Corruption","floor":6.0},{"not_picked":["Second Wind","Pummel"],"picked":"Hemokinesis","floor":7.0},{"not_picked":["Reaper","Rage"],"picked":"Spot Weakness","floor":10.0},{"not_picked":["Clothesline","Thunderclap"],"picked":"True Grit","floor":11.0},{"not_picked":["Sword Boomerang","Carnage"],"picked":"Uppercut","floor":12.0},{"not_picked":["Pommel Strike","Anger"],"picked":"Rampage","floor":14.0},{"not_picked":["Reaper","Berserk"],"picked":"Bludgeon","floor":16.0},{"not_picked":["Sentinel","Headbutt"],"picked":"Shrug It Off","floor":18.0},{"not_picked":["Uppercut","Evolve"],"picked":"Spot Weakness","floor":21.0}],"player_experience":767056,"relics_obtained":[{"floor":6.0,"key":"PreservedInsect"},{"floor":9.0,"key":"Bottled Flame"},{"floor":10.0,"key":"Bronze Scales"},{"floor":12.0,"key":"Meat on the Bone"}],"event_choices":[{"damage_healed":0.0,"max_hp_gain":0.0,"max_hp_loss":0.0,"gold_gain":0.0,"event_name":"Liars Game","player_choice":"Ignored","floor":2.0,"gold_loss":0.0,"damage_taken":0.0},{"damage_healed":0.0,"max_hp_gain":0.0,"max_hp_loss":7.0,"gold_gain":0.0,"event_name":"Golden Idol","player_choice":"Lose Max HP","floor":3.0,"gold_loss":0.0,"damage_taken":0.0,"relics_obtained":["Golden Idol"]},{"damage_healed":0.0,"max_hp_gain":5.0,"max_hp_loss":0.0,"gold_gain":0.0,"event_name":"Big Fish","player_choice":"Donut","floor":4.0,"gold_loss":0.0,"damage_taken":0.0},{"damage_healed":0.0,"max_hp_gain":0.0,"max_hp_loss":0.0,"gold_gain":0.0,"event_name":"The Library","player_choice":"Read","floor":19.0,"gold_loss":0.0,"damage_taken":0.0,"cards_obtained":["Shrug It Off"]}],"is_beta":true,"boss_relics":[{"not_picked":["Orrery","White Beast Statue"],"picked":"Black Blood"}],"items_purged_floors":[],"is_endless":false,"potions_floor_spawned":[1,6,7,11,16,18],"killed_by":"3 Cultists","ascension_level":16}