{"gold_per_floor":[16,28,103,121,138,138,155,155,155,173,202,139,157,157,157,234,234,248,259,259,309,358,370,382],"floor_reached":24,"playtime":1009,"items_purged":[],"score":356,"play_id":"e4ed22e7-928e-4471-9e3c-c46172d9d2d4","local_time":"20181115122822","is_ascension_mode":true,"campfire_choices":[{"data":"Armaments","floor":6,"key":"SMITH"},{"data":"True Grit","floor":8,"key":"SMITH"},{"data":"Entrench","floor":15,"key":"SMITH"},{"data":"Body Slam","floor":23,"key":"SMITH"}],"neow_cost":"NO_GOLD","seed_source_timestamp":18915392247898,"circlet_count":0,"master_deck":["AscendersBane","Strike_R+1","Strike_R+1","Strike_R+1","Strike_R+1","Defend_R+1","Defend_R+1","Defend_R+1","Bash","Entrench+1","Sever Soul","Anger","Anger","Armaments+1","True Grit+1","Iron Wave","Berserk","Battle Trance","Juggernaut","Feel No Pain","Clothesline","Body Slam+1","Burning Pact"],"relics":["Burning Blood","Thread and Needle","Ornamental Fan","Gambling Chip","Orrery","MawBank"],"potions_floor_usage":[5,11,24,24],"damage_taken":[{"damage":2,"enemies":"Jaw Worm","floor":1,"turns":3},{"damage":1,"enemies":"2 Louse","floor":2,"turns":2},{"damage":1,"enemies":"Cultist","floor":4,"turns":3},{"damage":23,"enemies":"Large Slime","floor":5,"turns":6},{"damage":11,"enemies":"Blue Slaver","floor":7,"turns":4},{"damage":0,"enemies":"2 Fungi Beasts","floor":10,"turns":4},{"damage":12,"enemies":"Gremlin Nob","floor":11,"turns":3},{"damage":0,"enemies":"Large Slime","floor":13,"turns":3},{"damage":48,"enemies":"Slime Boss","floor":16,"turns":10},{"damage":15,"enemies":"3 Byrds","floor":18,"turns":5},{"damage":18,"enemies":"Spheric Guardian","floor":19,"turns":5},{"damage":53,"enemies":"Book of Stabbing","floor":24,"turns":7}],"seed_played":"-8743332457482482658","potions_obtained":[{"floor":4,"key":"SteroidPotion"},{"floor":10,"key":"Strength Potion"},{"floor":13,"key":"BloodPotion"},{"floor":16,"key":"GamblersBrew"}],"is_trial":false,"path_per_floor":["M","M","?","M","M","R","M","R","T","M","E","?","M","?","R","B",null,"M","M","?","?","T","R","E"],"character_chosen":"IRONCLAD","items_purchased":[],"campfire_rested":0,"item_purchase_floors":[],"current_hp_per_floor":[72,75,64,69,52,52,47,47,47,53,47,47,53,58,58,16,64,55,43,43,43,43,43,0],"gold":382,"neow_bonus":"TRANSFORM_TWO_CARDS","is_prod":false,"is_daily":false,"chose_seed":false,"campfire_upgraded":4,"win_rate":0,"timestamp":1542281302,"path_taken":["M","M","?","M","M","R","M","R","T","M","E","?","?","?","R","BOSS","M","M","?","?","?","R","E"],"build_version":"2018-11-14","purchased_purges":0,"victory":false,"max_hp_per_floor":[75,75,75,75,75,75,75,75,75,75,75,75,75,80,80,80,80,80,80,80,80,80,80,80],"card_choices":[{"not_picked":["Flex","Rage"],"picked":"Anger","floor":1},{"not_picked":["Reckless Charge","Combust"],"picked":"Anger","floor":2},{"not_picked":["Havoc","Anger"],"picked":"Armaments","floor":4},{"not_picked":["Wild Strike","Thunderclap"],"picked":"True Grit","floor":5},{"not_picked":["Thunderclap","Heavy Blade","Bloodletting"],"picked":"SKIP","floor":7},{"not_picked":["Uppercut","Evolve"],"picked":"Iron Wave","floor":10},{"not_picked":["Headbutt","Flex"],"picked":"Berserk","floor":11},{"not_picked":["Thunderclap","Armaments"],"picked":"Battle Trance","floor":13},{"not_picked":["Immolate","Impervious"],"picked":"Juggernaut","floor":16},{"not_picked":["Sword Boomerang","Perfected Strike"],"picked":"Feel No Pain","floor":17},{"not_picked":["Wild Strike","Sword Boomerang"],"picked":"Clothesline","floor":17},{"not_picked":["Armaments","Rage"],"picked":"Body Slam","floor":18},{"not_picked":["Heavy Blade+1","Flex"],"picked":"Burning Pact","floor":19}],"player_experience":811250,"relics_obtained":[{"floor":9,"key":"Thread and Needle"},{"floor":11,"key":"Ornamental Fan"},{"floor":22,"key":"MawBank"}],"event_choices":[{"damage_healed":0,"gold_gain":75,"player_choice":"Gather Gold","damage_taken":11,"max_hp_gain":0,"max_hp_loss":0,"event_name":"World of Goop","floor":3,"gold_loss":0},{"damage_healed":0,"gold_gain":0,"player_choice":"Paid Gold","damage_taken":0,"relics_obtained":["Gambling Chip"],"max_hp_gain":0,"max_hp_loss":0,"event_name":"WeMeetAgain","floor":12,"gold_loss":63},{"damage_healed":0,"gold_gain":0,"player_choice":"Donut","damage_taken":0,"max_hp_gain":5,"max_hp_loss":0,"event_name":"Big Fish","floor":14,"gold_loss":0},{"damage_healed":0,"gold_gain":0,"player_choice":"Simplicity","damage_taken":0,"max_hp_gain":0,"max_hp_loss":0,"event_name":"Back to Basics","floor":20,"gold_loss":0,"cards_upgraded":["Strike_R","Strike_R","Strike_R","Strike_R","Defend_R","Defend_R","Defend_R"]},{"damage_healed":0,"gold_gain":50,"player_choice":"Stole From Cult","damage_taken":0,"max_hp_gain":0,"max_hp_loss":0,"event_name":"Nest","floor":21,"gold_loss":0}],"is_beta":true,"boss_relics":[{"not_picked":["Philosopher\u0027s Stone","Ectoplasm"],"picked":"Orrery"}],"items_purged_floors":[],"is_endless":false,"potions_floor_spawned":[4,10,13,16],"killed_by":"Book of Stabbing","ascension_level":16}