{"gold_per_floor":[114,74,94,269,287,287,321,332,332,363,363,36,54,67,67,169,169,185,71,71,89,89,89,118,131,131,51,64,64,89,89],"floor_reached":31,"playtime":1459,"items_purged":["Doubt","Strike_P"],"score":299,"play_id":"b7c88f54-5d85-4711-9a05-722acd995302","local_time":"20190911111013","is_ascension_mode":true,"campfire_choices":[{"data":"Eruption","floor":6,"key":"SMITH"},{"data":"Alpha","floor":11,"key":"SMITH"},{"data":"Establishment","floor":15,"key":"SMITH"},{"floor":23,"key":"REST"},{"floor":29,"key":"REST"}],"neow_cost":"NONE","seed_source_timestamp":917165649714,"circlet_count":0,"master_deck":["Strike_P","Strike_P","Strike_P","Defend_P","Defend_P","Defend_P","Defend_P","Eruption+1","Vigilance","DeceiveReality","Sanctity","SandsOfTime","CutThroughFate","MentalFortress","Alpha+1","Establishment+1","SandsOfTime+1","CrushJoints+1","Wild Strike+1","Unraveling","Crescendo","CleanseEvil","JustLucky+1","Acrobatics","EmptyBody+1","Turbo+1","Mind Blast+1"],"relics":["PureWater","NeowsBlessing","Ancient Tea Set","Molten Egg 2","Pocketwatch","PrismaticShard","Black Star","Nilry\u0027s Codex","Melange","Incense Burner","The Courier","InkBottle","Bird Faced Urn"],"potions_floor_usage":[7,8,24,30,31,31,31],"damage_taken":[{"damage":0,"enemies":"2 Louse","floor":1,"turns":1},{"damage":0,"enemies":"Cultist","floor":3,"turns":1},{"damage":0,"enemies":"Jaw Worm","floor":5,"turns":2},{"damage":12,"enemies":"Gremlin Nob","floor":7,"turns":4},{"damage":0,"enemies":"Looter","floor":8,"turns":1},{"damage":2,"enemies":"Lagavulin","floor":10,"turns":7},{"damage":0,"enemies":"Exordium Wildlife","floor":13,"turns":2},{"damage":3,"enemies":"Exordium Thugs","floor":14,"turns":4},{"damage":20,"enemies":"Hexaghost","floor":16,"turns":6},{"damage":10,"enemies":"Shell Parasite","floor":18,"turns":4},{"damage":0,"enemies":"Spheric Guardian","floor":21,"turns":3},{"damage":35,"enemies":"Gremlin Leader","floor":24,"turns":4},{"damage":7,"enemies":"Centurion and Healer","floor":25,"turns":5},{"damage":3,"enemies":"Snake Plant","floor":28,"turns":3},{"damage":10,"enemies":"Slavers","floor":30,"turns":3},{"damage":25,"enemies":"3 Cultists","floor":31,"turns":3}],"seed_played":"-1880630159660191759","potions_obtained":[{"floor":2,"key":"Strength Potion"},{"floor":2,"key":"EntropicBrew"},{"floor":2,"key":"FairyPotion"},{"floor":3,"key":"Fire Potion"},{"floor":10,"key":"Strength Potion"},{"floor":13,"key":"SpeedPotion"},{"floor":16,"key":"Dexterity Potion"},{"floor":25,"key":"Swift Potion"},{"floor":28,"key":"LiquidBronze"}],"is_trial":false,"path_per_floor":["M","?","M","?","M","R","E","M","T","E","R","$","M","M","R","B",null,"M","$","?","M","?","R","E","M","T","$","M","R","E","M"],"character_chosen":"WATCHER","items_purchased":["Establishment","SandsOfTime+1","PrismaticShard","CleanseEvil","JustLucky+1"],"campfire_rested":2,"item_purchase_floors":[12,12,12,19,19],"current_hp_per_floor":[65,65,65,65,65,65,53,53,53,51,51,51,51,48,48,28,65,55,55,44,44,28,49,14,7,7,7,4,25,15,0],"gold":89,"neow_bonus":"THREE_ENEMY_KILL","is_prod":false,"is_daily":false,"chose_seed":false,"campfire_upgraded":3,"win_rate":0,"timestamp":1568193013,"path_taken":["M","?","?","?","M","R","E","M","T","E","R","$","M","M","R","BOSS","M","$","?","M","?","R","E","M","T","?","?","R","E","M"],"build_version":"2019-09-10","purchased_purges":2,"victory":false,"max_hp_per_floor":[65,65,65,65,65,65,65,65,65,65,65,65,65,65,65,65,65,65,65,70,70,70,70,70,70,70,70,70,70,70,70],"card_choices":[{"not_picked":["ClearTheMind","EmptyMind"],"picked":"DeceiveReality","floor":1},{"not_picked":["SpiritShield","Vengeance"],"picked":"Sanctity","floor":3},{"not_picked":["ThirdEye","Meditate"],"picked":"SandsOfTime","floor":5},{"not_picked":["FollowUp","ClearTheMind"],"picked":"CutThroughFate","floor":7},{"not_picked":["FlurryOfBlows","Weave"],"picked":"MentalFortress","floor":8},{"not_picked":["Crescendo","JustLucky+1"],"picked":"Alpha","floor":10},{"not_picked":["Catalyst","Footwork"],"picked":"CrushJoints+1","floor":13},{"not_picked":["Power Through","Accuracy"],"picked":"Wild Strike+1","floor":14},{"not_picked":["Berserk","Corpse Explosion"],"picked":"Unraveling","floor":16},{"not_picked":["Tempest","Compile Driver+1"],"picked":"Crescendo","floor":18},{"not_picked":["Redo","Perfected Strike+1"],"picked":"Acrobatics","floor":21},{"not_picked":["Discovery","Battle Trance"],"picked":"EmptyBody+1","floor":24},{"not_picked":["Conserve Battery","Panacea+1"],"picked":"Turbo+1","floor":25},{"not_picked":["Metamorphosis","Turbo+1"],"picked":"Mind Blast+1","floor":28},{"not_picked":["Wild Strike+1","ThirdEye","Heavy Blade+1"],"picked":"SKIP","floor":30}],"player_experience":2022576,"relics_obtained":[{"floor":7,"key":"Ancient Tea Set"},{"floor":9,"key":"Molten Egg 2"},{"floor":10,"key":"Pocketwatch"},{"floor":22,"key":"Nilry\u0027s Codex"},{"floor":24,"key":"Melange"},{"floor":24,"key":"Incense Burner"},{"floor":26,"key":"The Courier"},{"floor":30,"key":"InkBottle"},{"floor":30,"key":"Bird Faced Urn"}],"event_choices":[{"damage_healed":0,"gold_gain":0,"player_choice":"Bought 3 Potions","damage_taken":0,"max_hp_gain":0,"max_hp_loss":0,"event_name":"The Woman in Blue","floor":2,"gold_loss":0},{"damage_healed":0,"gold_gain":175,"player_choice":"AGREE","damage_taken":0,"max_hp_gain":0,"max_hp_loss":0,"event_name":"Liars Game","floor":4,"gold_loss":0,"cards_obtained":["Doubt"]},{"damage_healed":0,"gold_gain":0,"player_choice":"Shed Blood","damage_taken":16,"max_hp_gain":5,"max_hp_loss":0,"event_name":"Forgotten Altar","floor":20,"gold_loss":0},{"damage_healed":0,"gold_gain":0,"player_choice":"Obtained Book","damage_taken":16,"max_hp_gain":0,"max_hp_loss":0,"event_name":"Cursed Tome","floor":22,"gold_loss":0}],"is_beta":true,"boss_relics":[{"not_picked":["Runic Dome","Sozu"],"picked":"Black Star"}],"items_purged_floors":[12,27],"is_endless":false,"potions_floor_spawned":[3,5,10,13,16,18,21,25,28],"killed_by":"3 Cultists","ascension_level":1}