{"gold_per_floor":[114,114,39,39,59,59,100,100,100,100,100,100],"floor_reached":12,"playtime":332,"items_purged":[],"score":148,"play_id":"ac25d256-2fbc-4161-a957-509adb26f862","local_time":"20190816193159","is_ascension_mode":true,"campfire_choices":[{"data":"Bash","floor":6,"key":"SMITH"},{"floor":10,"key":"REST"}],"neow_cost":"PERCENT_DAMAGE","seed_source_timestamp":35622731869353,"circlet_count":0,"master_deck":["AscendersBane","Strike_R","Strike_R+1","Strike_R","Defend_R","Defend_R+1","Defend_R","Defend_R","Bash+1","Heavy Blade","Pommel Strike","Armaments"],"relics":["Burning Blood","Golden Idol","Ice Cream","Pear"],"potions_floor_usage":[12],"damage_taken":[{"damage":2,"enemies":"Cultist","floor":1,"turns":4},{"damage":2,"enemies":"2 Louse","floor":5,"turns":3},{"damage":47,"enemies":"Lagavulin","floor":7,"turns":6},{"damage":32,"enemies":"3 Sentries","floor":12,"turns":10}],"seed_played":"-5416095444415528446","potions_obtained":[{"floor":5,"key":"SkillPotion"}],"is_trial":false,"path_per_floor":["M","?","?","?","M","R","E","?","T","R","?","E"],"character_chosen":"IRONCLAD","items_purchased":[],"campfire_rested":1,"item_purchase_floors":[],"current_hp_per_floor":[68,68,68,44,48,48,7,2,12,39,32,0],"gold":100,"neow_bonus":"TWENTY_PERCENT_HP_BONUS","is_prod":false,"is_daily":false,"chose_seed":false,"campfire_upgraded":1,"win_rate":0,"timestamp":1565976719,"path_taken":["M","?","?","?","M","R","E","?","T","R","?","E"],"build_version":"2019-07-17","purchased_purges":0,"victory":false,"max_hp_per_floor":[89,81,81,81,81,81,81,81,91,91,91,91],"card_choices":[{"not_picked":["Corruption","Flex"],"picked":"Heavy Blade","floor":1},{"not_picked":["Heavy Blade","Intimidate"],"picked":"Pommel Strike","floor":5},{"not_picked":["Pommel Strike","Headbutt"],"picked":"Armaments","floor":7}],"player_experience":1927549,"relics_obtained":[{"floor":7,"key":"Ice Cream"},{"floor":9,"key":"Pear"}],"event_choices":[{"damage_healed":0,"gold_gain":0,"player_choice":"Lose Max HP","damage_taken":0,"relics_obtained":["Golden Idol"],"max_hp_gain":0,"max_hp_loss":8,"event_name":"Golden Idol","floor":2,"gold_loss":0},{"cards_removed":["Strike_R"],"damage_healed":0,"gold_gain":0,"player_choice":"Card Removal","damage_taken":0,"max_hp_gain":0,"max_hp_loss":0,"event_name":"The Cleric","floor":3,"gold_loss":75},{"damage_healed":0,"gold_gain":0,"player_choice":"Entered Light","damage_taken":24,"max_hp_gain":0,"max_hp_loss":0,"event_name":"Shining Light","floor":4,"gold_loss":0,"cards_upgraded":["Defend_R","Strike_R"]},{"damage_healed":0,"gold_gain":0,"player_choice":"Fled","damage_taken":5,"max_hp_gain":0,"max_hp_loss":0,"event_name":"Scrap Ooze","floor":8,"gold_loss":0},{"cards_removed":["Strike_R"],"damage_healed":0,"gold_gain":0,"player_choice":"Card Removal","damage_taken":7,"max_hp_gain":0,"max_hp_loss":0,"event_name":"Golden Wing","floor":11,"gold_loss":0}],"is_beta":false,"boss_relics":[],"items_purged_floors":[],"is_endless":false,"potions_floor_spawned":[5],"killed_by":"3 Sentries","ascension_level":20}