{"gold_per_floor":[111,128,128,128,128,163,163,207,207,207,44,85,85,118,118,216,216,239,239,262,277,295,295,339,97,148,173,173,189,239,282,282,381,381,401,417,377,172,196,234,247,283,356,137,171,183,234,300,312,324,336],"floor_reached":51,"playtime":2280,"items_purged":["Searing Blow+1"],"score":1783,"play_id":"7b9290df-d0d1-4d76-9590-0acaa0554122","local_time":"20190316210618","is_ascension_mode":true,"campfire_choices":[{"data":"Bash","floor":7,"key":"SMITH"},{"data":"Whirlwind","floor":10,"key":"SMITH"},{"data":"Inflame","floor":13,"key":"SMITH"},{"data":"Clothesline","floor":15,"key":"SMITH"},{"data":"Dual Wield","floor":23,"key":"SMITH"},{"data":"Inflame","floor":28,"key":"SMITH"},{"floor":32,"key":"REST"},{"data":"Limit Break","floor":46,"key":"SMITH"},{"floor":49,"key":"RECALL"}],"neow_cost":"NONE","seed_source_timestamp":46823856242357,"circlet_count":0,"master_deck":["AscendersBane","Bash+1","Clothesline+1","Whirlwind+1","Anger+1","Inflame+1","Double Tap","Bloodletting","Inflame+1","Twin Strike+1","Seeing Red","Battle Trance","Disarm","Combust","Dual Wield+1","Shrug It Off","Heavy Blade+1","Offering","Limit Break+1","Reaper+1","Impervious","Heavy Blade+1","Spot Weakness","Uppercut+1","Battle Trance","Flame Barrier+1"],"relics":["Burning Blood","NeowsBlessing","Singing Bowl","Golden Idol","Molten Egg 2","Dream Catcher","Kunai","PreservedInsect","Bag of Marbles","Happy Flower","Pandora\u0027s Box","Unceasing Top","Lantern","Paper Frog","Orrery","Strawberry","Pantograph","Bottled Tornado","Strange Spoon","MawBank","Potion Belt"],"potions_floor_usage":[8,29,31,42,50,51],"damage_taken":[{"damage":0,"enemies":"Jaw Worm","floor":1,"turns":1},{"damage":0,"enemies":"2 Louse","floor":2,"turns":2},{"damage":0,"enemies":"3 Sentries","floor":6,"turns":1},{"damage":6,"enemies":"Gremlin Nob","floor":8,"turns":3},{"damage":10,"enemies":"3 Sentries","floor":12,"turns":3},{"damage":8,"enemies":"Lagavulin","floor":14,"turns":5},{"damage":31,"enemies":"The Guardian","floor":16,"turns":12},{"damage":28,"enemies":"3 Byrds","floor":18,"turns":3},{"damage":3,"enemies":"2 Thieves","floor":20,"turns":1},{"damage":12,"enemies":"Snecko","floor":21,"turns":4},{"damage":3,"enemies":"3 Cultists","floor":22,"turns":2},{"damage":20,"enemies":"Slavers","floor":24,"turns":2},{"damage":30,"enemies":"Centurion and Healer","floor":27,"turns":2},{"damage":23,"enemies":"Shelled Parasite and Fungi","floor":29,"turns":2},{"damage":23,"enemies":"Book of Stabbing","floor":31,"turns":4},{"damage":29,"enemies":"Automaton","floor":33,"turns":4},{"damage":46,"enemies":"3 Darklings","floor":35,"turns":4},{"damage":14,"enemies":"Orb Walker","floor":36,"turns":3},{"damage":9,"enemies":"Spire Growth","floor":39,"turns":2},{"damage":6,"enemies":"Giant Head","floor":40,"turns":4},{"damage":28,"enemies":"Maw","floor":41,"turns":5},{"damage":49,"enemies":"Reptomancer","floor":42,"turns":4},{"damage":13,"enemies":"Giant Head","floor":45,"turns":5},{"damage":24,"enemies":"Nemesis","floor":47,"turns":3},{"damage":119,"enemies":"Time Eater","floor":50,"turns":9},{"damage":101,"enemies":"Awakened One","floor":51,"turns":5}],"seed_played":"5012134857371751244","potions_obtained":[{"floor":1,"key":"GamblersBrew"},{"floor":12,"key":"Weak Potion"},{"floor":21,"key":"EssenceOfSteel"},{"floor":31,"key":"SneckoOil"},{"floor":35,"key":"Regen Potion"},{"floor":37,"key":"Weak Potion"},{"floor":37,"key":"Swift Potion"},{"floor":42,"key":"GamblersBrew"}],"is_trial":false,"path_per_floor":["M","M","?","?","?","E","R","E","T","R","$","E","R","E","R","B",null,"M","?","M","M","M","R","E","$","T","M","R","M","?","E","R","B",null,"M","M","?","$","M","E","M","E","T","$","E","R","E","T","R","B","B"],"character_chosen":"IRONCLAD","items_purchased":["PreservedInsect","Offering","Spot Weakness","Uppercut+1","Battle Trance","Strange Spoon"],"campfire_rested":1,"item_purchase_floors":[11,25,38,38,38,44],"current_hp_per_floor":[74,75,57,34,34,40,40,42,42,42,42,38,38,38,38,13,57,37,74,74,70,75,75,61,61,61,39,39,24,24,7,33,10,74,86,80,80,80,96,105,107,66,66,66,77,77,90,90,90,15,0],"gold":336,"neow_bonus":"THREE_ENEMY_KILL","is_prod":false,"is_daily":false,"chose_seed":false,"campfire_upgraded":7,"win_rate":0,"timestamp":1552766778,"path_taken":["M","M","?","?","?","E","R","E","T","R","?","E","R","E","R","BOSS","M","?","?","M","M","R","E","$","T","M","R","M","?","E","R","BOSS","M","M","?","$","M","E","M","E","T","?","E","R","E","?","R","BOSS","BOSS"],"build_version":"2019-01-23","purchased_purges":1,"victory":false,"max_hp_per_floor":[75,75,75,75,68,68,68,70,70,70,70,70,70,72,72,72,72,74,74,74,76,78,78,78,78,78,80,80,82,82,82,84,84,92,92,94,94,94,96,105,107,109,109,109,109,109,111,111,111,111,111],"card_choices":[{"not_picked":["Combust","Burning Pact"],"picked":"Clothesline","floor":1},{"not_picked":["Flex","Cleave"],"picked":"Whirlwind","floor":2},{"not_picked":["Clothesline","Flex"],"picked":"Anger","floor":6},{"not_picked":["Dark Embrace","Entrench","Intimidate"],"picked":"Singing Bowl","floor":8},{"not_picked":["Combust","Headbutt+1"],"picked":"Inflame","floor":12},{"not_picked":["True Grit","Clothesline+1","Dropkick+1"],"picked":"Singing Bowl","floor":14},{"not_picked":["Brutality","Juggernaut"],"picked":"Double Tap","floor":16},{"not_picked":["Cleave+1","Flex+1","Blood for Blood+1"],"picked":"Singing Bowl","floor":18},{"not_picked":["Clothesline+1","Iron Wave+1"],"picked":"Shrug It Off","floor":20},{"not_picked":["Rampage+1","Iron Wave+1","Clothesline+1"],"picked":"Singing Bowl","floor":21},{"not_picked":["Sever Soul+1","Double Tap","Warcry"],"picked":"Singing Bowl","floor":22},{"not_picked":["Wild Strike+1","Pommel Strike+1"],"picked":"Heavy Blade+1","floor":24},{"not_picked":["Twin Strike+1","Cleave+1","Perfected Strike+1"],"picked":"Singing Bowl","floor":27},{"not_picked":["Havoc","Carnage+1","Reckless Charge+1"],"picked":"Singing Bowl","floor":29},{"not_picked":["Intimidate","Heavy Blade+1"],"picked":"Limit Break","floor":31},{"not_picked":["Second Wind","True Grit","Ghostly Armor"],"picked":"Singing Bowl","floor":32},{"not_picked":["Feed+1","Fiend Fire+1"],"picked":"Reaper+1","floor":33},{"not_picked":["Thunderclap+1","Clothesline+1","True Grit"],"picked":"Singing Bowl","floor":34},{"not_picked":["Perfected Strike+1","Anger+1","Blood for Blood+1"],"picked":"Singing Bowl","floor":34},{"not_picked":["Headbutt+1","Iron Wave+1","Dual Wield"],"picked":"Singing Bowl","floor":34},{"not_picked":["Headbutt+1","Bloodletting","Anger+1"],"picked":"Singing Bowl","floor":34},{"not_picked":["Power Through","Headbutt+1"],"picked":"Impervious","floor":34},{"not_picked":["Anger+1","Iron Wave+1"],"picked":"Heavy Blade+1","floor":35},{"not_picked":["True Grit+1","Clash+1","Anger+1"],"picked":"Singing Bowl","floor":36},{"not_picked":["Whirlwind+1","Clash+1","Rage"],"picked":"Singing Bowl","floor":39},{"not_picked":["Body Slam+1","Thunderclap+1","Feel No Pain"],"picked":"Singing Bowl","floor":40},{"not_picked":["Reckless Charge+1","Twin Strike+1","Armaments"],"picked":"Singing Bowl","floor":41},{"not_picked":["Battle Trance","Berserk","Rage"],"picked":"Singing Bowl","floor":42},{"not_picked":["Warcry","Blood for Blood+1"],"picked":"Flame Barrier+1","floor":45},{"not_picked":["Clash+1","Feel No Pain","Cleave+1"],"picked":"Singing Bowl","floor":47}],"player_experience":1426679,"relics_obtained":[{"floor":6,"key":"Molten Egg 2"},{"floor":8,"key":"Dream Catcher"},{"floor":9,"key":"Kunai"},{"floor":12,"key":"Bag of Marbles"},{"floor":14,"key":"Happy Flower"},{"floor":24,"key":"Unceasing Top"},{"floor":26,"key":"Lantern"},{"floor":31,"key":"Paper Frog"},{"floor":40,"key":"Strawberry"},{"floor":42,"key":"Pantograph"},{"floor":43,"key":"Bottled Tornado"},{"floor":45,"key":"MawBank"},{"floor":47,"key":"Potion Belt"}],"event_choices":[{"damage_healed":0,"gold_gain":0,"player_choice":"Success","damage_taken":18,"relics_obtained":["Singing Bowl"],"max_hp_gain":0,"max_hp_loss":0,"event_name":"Scrap Ooze","floor":3,"gold_loss":0},{"damage_healed":0,"gold_gain":0,"player_choice":"Entered Light","damage_taken":23,"max_hp_gain":0,"max_hp_loss":0,"event_name":"Shining Light","floor":4,"gold_loss":0,"cards_upgraded":["Strike_R","Strike_R"]},{"damage_healed":0,"gold_gain":0,"player_choice":"Lose Max HP","damage_taken":0,"relics_obtained":["Golden Idol"],"max_hp_gain":0,"max_hp_loss":7,"event_name":"Golden Idol","floor":5,"gold_loss":0},{"damage_healed":37,"gold_gain":0,"player_choice":"Full Heal","damage_taken":0,"max_hp_gain":0,"max_hp_loss":0,"event_name":"Wheel of Change","floor":19,"gold_loss":0},{"damage_healed":0,"gold_gain":100,"player_choice":"Bet on Murderer","damage_taken":0,"max_hp_gain":0,"max_hp_loss":0,"event_name":"The Joust","floor":30,"gold_loss":50},{"damage_healed":0,"gold_gain":0,"player_choice":"Bought 3 Potions","damage_taken":0,"max_hp_gain":0,"max_hp_loss":0,"event_name":"The Woman in Blue","floor":37,"gold_loss":0}],"is_beta":false,"boss_relics":[{"not_picked":["Eternal Feather","White Beast Statue"],"picked":"Pandora\u0027s Box"},{"not_picked":["Empty Cage","Cursed Key"],"picked":"Orrery"}],"items_purged_floors":[25],"is_endless":false,"potions_floor_spawned":[1,12,21,22,31,35,36,41,42],"killed_by":"Awakened One","ascension_level":20}