{"gold_per_floor":[116,129,179,194,29,58,58,89,89,239,0,0,57,57,57,131,131,143,163,163,88,108,108,120,120,189,223,223,248,260,283,295,307],"floor_reached":33,"playtime":1431,"items_purged":["Doubt"],"score":581,"play_id":"20e09575-c44b-472d-9f5c-089de4e7e472","local_time":"20191002204142","is_ascension_mode":true,"campfire_choices":[{"floor":7.0,"key":"REST"},{"floor":12.0,"key":"REST"},{"floor":15.0,"key":"REST"},{"data":"Leg Sweep","floor":23.0,"key":"SMITH"},{"floor":25.0,"key":"REST"},{"floor":28,"key":"REST"},{"floor":32,"key":"REST"}],"neow_cost":"NONE","seed_source_timestamp":0,"circlet_count":0,"master_deck":["AscendersBane","Strike_G","Strike_G","Strike_G","Defend_G","Defend_G","Defend_G","Defend_G","Defend_G","Survivor","Neutralize","Predator","Dagger Spray","After Image","Poisoned Stab","Well Laid Plans","Corpse Explosion","Leg Sweep+1","Dash+1","Choke","Acrobatics","Catalyst"],"special_seed":0,"relics":["Ring of the Snake","Lee\u0027s Waffle","Gambling Chip","Mercury Hourglass","Matryoshka","OrangePellets","Tiny Chest","Snecko Eye","Regal Pillow","StrikeDummy","Oddly Smooth Stone","MawBank","Anchor"],"potions_floor_usage":[27,33,33],"damage_taken":[{"damage":6.0,"enemies":"2 Louse","floor":1.0,"turns":3.0},{"damage":7.0,"enemies":"Cultist","floor":2.0,"turns":4.0},{"damage":7.0,"enemies":"Jaw Worm","floor":4.0,"turns":5.0},{"damage":66.0,"enemies":"Lagavulin","floor":6.0,"turns":9.0},{"damage":30.0,"enemies":"Gremlin Nob","floor":8.0,"turns":4.0},{"damage":22.0,"enemies":"3 Sentries","floor":13.0,"turns":5.0},{"damage":14.0,"enemies":"The Guardian","floor":16.0,"turns":13.0},{"damage":0.0,"enemies":"3 Byrds","floor":18.0,"turns":2.0},{"damage":7.0,"enemies":"Spheric Guardian","floor":19.0,"turns":4.0},{"damage":26.0,"enemies":"Snake Plant","floor":22.0,"turns":6.0},{"damage":0.0,"enemies":"Centurion and Healer","floor":24.0,"turns":6.0},{"damage":44,"enemies":"Book of Stabbing","floor":27,"turns":7},{"damage":8,"enemies":"Snecko","floor":31,"turns":6},{"damage":88,"enemies":"Collector","floor":33,"turns":13}],"seed_played":"982456010751706485","potions_obtained":[{"floor":1.0,"key":"LiquidBronze"},{"floor":6.0,"key":"LiquidBronze"},{"floor":8.0,"key":"Poison Potion"},{"floor":18.0,"key":"Explosive Potion"},{"floor":22.0,"key":"Block Potion"},{"floor":31,"key":"AttackPotion"}],"is_trial":false,"path_per_floor":["M","M","?","M","$","E","R","E","T","?","$","R","E","?","R","B",null,"M","M","?","?","M","R","M","R","T","E","R","T","?","M","R","B"],"character_chosen":"THE_SILENT","items_purchased":["Lee\u0027s Waffle","OrangePellets"],"campfire_rested":6,"item_purchase_floors":[5,11],"current_hp_per_floor":[59,52,52,45,79,13,36,6,6,6,6,29,7,7,30,16,63,63,56,56,56,30,30,30,53,53,9,47,47,47,39,77,0],"gold":307,"neow_bonus":"TEN_PERCENT_HP_BONUS","is_prod":false,"is_daily":false,"chose_seed":false,"campfire_upgraded":1,"win_rate":0,"timestamp":1570074102,"path_taken":["M","M","?","M","?","E","R","E","T","?","$","R","E","?","R","BOSS","M","M","?","?","M","R","M","R","T","E","R","?","?","?","R","BOSS"],"build_version":"2019-10-02","purchased_purges":1,"victory":false,"max_hp_per_floor":[72,72,72,72,79,79,79,79,79,79,79,79,79,79,79,79,79,79,79,79,79,79,79,79,79,79,79,79,79,79,79,79,79],"card_choices":[{"not_picked":["Concentrate","Dodge and Roll","Slice"],"picked":"SKIP","floor":1.0},{"not_picked":["Slice","Backstab"],"picked":"Predator","floor":2.0},{"not_picked":["Blade Dance","Endless Agony"],"picked":"Dagger Spray","floor":4.0},{"not_picked":["Infinite Blades","Dodge and Roll"],"picked":"After Image","floor":6.0},{"not_picked":["Accuracy","Slice"],"picked":"Poisoned Stab","floor":8.0},{"not_picked":["Reflex","Outmaneuver"],"picked":"Well Laid Plans","floor":13.0},{"not_picked":["Unload","Tools of the Trade"],"picked":"Corpse Explosion","floor":16.0},{"not_picked":["Caltrops","Deflect"],"picked":"Leg Sweep","floor":18.0},{"not_picked":["Dodge and Roll","Poisoned Stab"],"picked":"Dash+1","floor":19.0},{"not_picked":["Sucker Punch+1","Dagger Throw"],"picked":"Choke","floor":22.0},{"not_picked":["Backstab","Distraction"],"picked":"Acrobatics","floor":24.0},{"not_picked":["Eviscerate","Backflip"],"picked":"Catalyst","floor":27},{"not_picked":["Bane","Choke","Deadly Poison"],"picked":"SKIP","floor":31}],"player_experience":1521202,"relics_obtained":[{"floor":6.0,"key":"Gambling Chip"},{"floor":8.0,"key":"Mercury Hourglass"},{"floor":9.0,"key":"Matryoshka"},{"floor":13.0,"key":"Tiny Chest"},{"floor":26.0,"key":"Regal Pillow"},{"floor":26.0,"key":"StrikeDummy"},{"floor":27,"key":"Oddly Smooth Stone"},{"floor":29,"key":"MawBank"},{"floor":29,"key":"Anchor"}],"event_choices":[{"damage_healed":0.0,"max_hp_gain":0.0,"max_hp_loss":0.0,"gold_gain":50.0,"event_name":"Golden Shrine","player_choice":"Pray","floor":3.0,"gold_loss":0.0,"damage_taken":0.0},{"damage_healed":0.0,"max_hp_gain":0.0,"max_hp_loss":0.0,"gold_gain":150.0,"event_name":"Liars Game","player_choice":"AGREE","floor":10.0,"gold_loss":0.0,"damage_taken":0.0,"cards_obtained":["Doubt"]},{"cards_removed":["Strike_G"],"damage_healed":0.0,"max_hp_gain":0.0,"max_hp_loss":0.0,"gold_gain":0.0,"event_name":"Living Wall","player_choice":"Forget","floor":14.0,"gold_loss":0.0,"damage_taken":0.0},{"damage_healed":0.0,"max_hp_gain":0.0,"max_hp_loss":0.0,"gold_gain":0.0,"event_name":"Ghosts","player_choice":"Ignored","floor":20.0,"gold_loss":0.0,"damage_taken":0.0},{"cards_removed":["Strike_G"],"damage_healed":0.0,"max_hp_gain":0.0,"max_hp_loss":0.0,"gold_gain":0.0,"event_name":"Beggar","player_choice":"Gave Gold","floor":21.0,"gold_loss":75.0,"damage_taken":0.0},{"damage_healed":0,"gold_gain":0,"player_choice":"Ignored","damage_taken":0,"max_hp_gain":0,"max_hp_loss":0,"event_name":"Vampires","floor":30,"gold_loss":0}],"is_beta":true,"boss_relics":[{"not_picked":["Coffee Dripper","Ectoplasm"],"picked":"Snecko Eye"}],"items_purged_floors":[11],"is_endless":false,"potions_floor_spawned":[1,6,8,18,22,31],"killed_by":"Collector","ascension_level":18}